2982 4934
34 521 221 587 destruxerit
235 519 407 602 zabulum,
420 525 477 606 qni
491 523 602 586 mortis
618 521 754 586 habebat
767 521 949 604 imperinm.
962 410 1132 602 Siquidgg

35 635 129 704 etpost
147 625 405 689 resurrectionem
419 623 580 706 corruptio
599 634 629 687 et
648 623 828 688 mortalitas
839 624 874 688 in
894 622 1030 688 nibilum
1051 643 1134 686 reso·

34 725 100 790 iuris
120 725 303 806 corporibus
317 726 496 791 dominetur
516 726 673 790 bunonis.
695 726 741 789 De
756 727 876 806 engolis
890 745 1021 808 quoqne
1038 735 1134 790 temu-

38 829 108 890 uris
130 829 240 909 aitqua
262 829 405 904 confixit,
420 839 454 890 ut
474 838 589 892 cuncto
609 828 645 892 in
665 829 748 890 coeio
770 826 950 892 ministerio
970 829 1135 892 seruitutis

39 926 84 988 diei
101 947 165 991 non
184 927 252 992 sint
272 928 309 991 in
336 932 420 992 coeto
439 940 543 992 crecta
554 973 566 1004 ,
595 930 650 992 sed
669 927 800 991 diuersis
820 929 958 1010 iopeibus
980 940 1007 992 et
1027 929 1134 993 ruinis

38 1029 115 1091 nario
134 1029 314 1111 officiorum
327 1030 433 1094 sortiti
452 1029 517 1094 sint
536 1029 665 1093 mnino
669 1049 684 1103 ,·
706 1049 894 1112 caussasque
914 1041 1027 1095 ueteres
1044 1051 1136 1114 prce·
1207 1087 1211 1096 ,

38 1125 158 1208 cessisse,
180 1130 295 1214 quibus
315 1130 469 1195 ermerint
488 1132 536 1193 ced
555 1130 754 1195 decreverint.
780 1131 819 1194 Et
842 1135 924 1194 inter
945 1133 1023 1194 haec
1044 1135 1135 1213 quasi

40 1229 146 1294 doloris
166 1235 337 1314 impatiens
357 1234 514 1296 clamante
537 1233 676 1314 popula,
698 1251 778 1314 quoe
797 1252 926 1296 sursum
946 1243 991 1295 est
1010 1231 1136 1296 Jerusa-

41 1330 214 1408 tenuiora
234 1344 298 1408 est,
320 1333 402 1396 nibid
423 1334 457 1396 in
478 1353 514 1396 eo
532 1351 670 1413 purum,
703 1335 787 1398 nihii
805 1355 827 1396 c
847 1331 934 1398 uitiis
956 1335 1088 1398 liberum
1109 1347 1138 1397 et

38 1445 170 1514 perpetuu
190 1455 338 1498 securum
359 1435 474 1499 uirtute
494 1435 662 1511 contendit.
686 1435 758 1500 Non
778 1439 865 1500 stetit
886 1438 1038 1501 hactenus
1062 1455 1136 1516 pro-

44 1538 129 1614 phsns
150 1537 191 1600 de
212 1538 335 1618 augetis
354 1537 548 1616 disputatis,
569 1539 625 1601 sed
646 1538 814 1618 prodciens
837 1541 868 1600 in
889 1540 1030 1602 sceiere:
1053 1537 1136 1600 sicut

47 1639 202 1712 duum,
224 1641 340 1719 inquit,
356 1635 464 1702 nidore
478 1637 666 1710 bestiarum,
680 1636 849 1700 arridentes
869 1636 936 1700 aris
957 1636 1136 1718 pontidium,

43 1739 245 1816 poscebantur,
266 1736 314 1803 itc
333 1749 359 1802 et
376 1737 480 1819 accedi
499 1738 653 1819 sanquine
673 1738 889 1814 uictimarum,
905 1759 986 1822 quos
1007 1739 1140 1819 spiritu·
1230 1755 1238 1774 ·

45 1839 106 1902 tion
124 1852 218 1921 typus
236 1837 380 1903 immutat
400 1839 524 1918 isrcei,
547 1842 634 1920 fumo
654 1839 864 1920 thymiamatis
884 1841 1027 1905 delectati
1038 1884 1046 1916 ,
1070 1861 1140 1903 oer-

45 1941 178 2006 scdcntur
196 1961 293 2022 prope
326 1944 446 2005 ultorio
467 1951 495 2004 ct
523 1941 735 2023 buiuscemodi
754 1943 919 2006 ciebantur
938 1939 1024 2004 cibis.
1059 1943 1139 2020 Quis

46 2059 94 2102 nau
108 2053 198 2124 putet
212 2063 286 2107 enm
310 2044 386 2105 nihii
407 2045 493 2106 nitra
516 2043 658 2106 invenire
674 2047 815 2123 potuisse
835 2045 865 2106 in
880 2045 967 2123 qnod
984 2061 1070 2106 mens
1088 2061 1139 2105 vc·

46 2159 105 2205 asna
122 2144 320 2210 corrueret?
334 2145 578 2208 Praesaientiam
600 2163 731 2226 quoque
748 2145 950 2219 futurorum,
972 2163 1057 2225 quae
1078 2143 1138 2208 soii

47 2239 166 2309 Domino
183 2255 255 2310 nota
273 2256 332 2321 est,
347 2246 516 2310 stediarnns
531 2247 670 2311 motibus
686 2247 810 2320 tribuit,
825 2256 860 2311 at
877 2265 918 2310 ex
933 2262 1047 2309 earum
1063 2267 1138 2310 cur·

45 2362 86 2418 su,
106 2358 135 2409 et
156 2349 310 2410 varietate
333 2347 530 2424 formarum,
554 2349 722 2411 daemones
745 2349 856 2411 intusa
878 2356 1081 2426 cognoscent,
1104 2356 1137 2412 et

48 2447 89 2506 vei
109 2458 200 2528 egunt
214 2450 337 2530 eliqua,
362 2450 411 2511 vei
428 2451 468 2510 ab
489 2451 536 2511 itis
557 2448 676 2528 agenda
698 2449 897 2512 demandent.
921 2449 970 2512 iis
985 2467 1051 2529 quo
1064 2467 1135 2528 per·

47 2549 179 2624 spicuam
201 2563 259 2624 est,
283 2570 356 2614 enm
380 2551 608 2625 idololatriam,
631 2560 663 2612 et
684 2551 958 2630 astrologiam‚‘'et
982 2553 1086 2614 varies
1107 2569 1140 2614 e-

49 2647 214 2714 thnicarum
240 2653 464 2714 iraudnieutae
486 2653 686 2714 divinationis
701 2655 887 2731 praestigias
908 2651 1098 2731 adprobare.

115 2751 175 2817 nb.
197 2751 287 2816 Haec
301 2763 333 2816 et
348 2753 569 2816 huiuscemodi
589 2755 650 2816 sub
671 2755 796 2816 nornine
817 2754 1048 2816 manachorum
1069 2753 1139 2833 qni·

51 2847 112 2911 darn
131 2856 310 2926 sentientes,
326 2864 358 2916 et
373 2855 521 2917 docentes
537 2857 567 2915 iu
583 2856 782 2918 monasteriis
798 2855 1019 2916 versabantur.
1043 2852 1139 2917 Cum-

52 2965 104 3027 que
117 2955 236 3034 indigne
259 2956 379 3018 derreut
399 2965 564 3018 auctorem
588 2959 663 3018 tanti
681 2956 756 3018 meti
776 2973 850 3018 cnm
872 2973 932 3018 suo
952 2973 1065 3018 errore
1086 2956 1141 3015 ds·

50 3055 158 3128 unsri,
179 3054 335 3135 quosdam
358 3057 466 3135 inopes
487 3065 519 3118 et
548 3065 658 3118 seinos
679 3073 734 3135 spe
756 3055 850 3135 guise
871 3054 1058 3117 sotttctsatos
1079 3073 1139 3116 suo

51 3146 173 3226 junxere
187 3157 365 3236 comitetni3
382 3166 413 3217 et
428 3155 512 3218 iacto
533 3171 648 3229 cuneo,
664 3154 784 3218 sedenti
806 3155 836 3214 in
859 3152 1052 3216 Alexandria
1077 3154 1139 3215 vim

53 3249 145 3318 iacere
165 3259 269 3319 canati
290 3266 381 3333 snut,
398 3257 540 3320 volentes
560 3273 705 3319 caussam
728 3253 854 3329 isidori,
870 3273 965 3335 quem
988 3271 1044 3318 nos
1066 3271 1140 3334 pro-

52 3361 110 3427 pter
129 3358 352 3420 verecundiam
368 3365 399 3420 et
422 3357 581 3420 Ecclesiae
596 3356 793 3437 disciplinam
815 3358 1039 3436 episcoporum
1053 3355 1140 3435 judi·

52 3452 92 3513 cio
109 3460 325 3534 servabamus,
342 3458 489 3539 proferre
505 3460 535 3520 iu
558 3459 710 3531 medium,
727 3465 758 3518 et
779 3457 912 3520 auribus
933 3459 1136 3520 ethnicorum

54 3549 123 3618 dictu
144 3559 289 3636 pudende
312 3561 478 3638 ingerere,
510 3566 547 3621 nt
566 3559 679 3621 seditio
699 3567 732 3620 et
753 3557 868 3619 turbae
894 3565 1005 3619 contre
1028 3555 1140 3619 Eccle-

53 3653 115 3716 sium
136 3661 361 3738 miserrumum
384 3677 523 3740 qnorum
545 3659 674 3723 consiliu
696 3658 857 3721 destruxit
876 3656 975 3729 Dens,
990 3659 1074 3720 sieut
1095 3655 1139 3720 Α·

56 3754 208 3841 shitopitei.
224 3763 335 3825 Omnis
356 3772 464 3824 antem
486 3770 618 3824 conatus
640 3777 752 3823 eurum
777 3761 827 3822 bic
848 3769 929 3833 erat,
946 3767 982 3822 nt
1002 3761 1064 3822 sub
1085 3777 1140 3822 no·

55 3856 121 3920 nine
135 3851 245 3924 ididari
266 3861 423 3924 haeresim
438 3861 667 3940 detruderent3
691 3862 746 3941 qui
762 3861 871 3925 muitis
894 3862 1048 3942 episcopis
1063 3879 1137 3941 pro·

56 3963 111 4031 pter
130 3965 229 4026 varies
250 3981 378 4027 caussas
399 3965 655 4026 neomnuntone
675 3971 860 4026 sanctornm
882 3963 988 4026 inerat
1009 3981 1135 4044 separa·

57 4060 105 4118 tus.
125 4061 250 4127 iuterim
273 4065 442 4129 melioret
463 4063 549 4127 iilius
564 4063 634 4144 ejus
654 4063 838 4127 adolescens
859 4065 899 4126 ab
921 4061 1136 4161 hisproduci·

59 4161 102 4219 tur
118 4162 145 4223 iu
165 4163 317 4241 mediam,
330 4175 361 4228 et
382 4167 414 4227 iu
429 4164 502 4228 ioco
523 4163 612 4226 urbis
627 4162 851 4241 celeberrimo,
873 4167 1014 4244 quesn-ni
1037 4162 1137 4226 isidor

60 4251 172 4358 denium
193 4273 319 4347 vocent,
341 4266 556 4332 collocentur.
578 4263 751 4331 clamitant
765 4266 920 4371 quidquid
943 4267 974 4330 iu
995 4273 1138 4330 nostrum
