3186 4946
323 407 367 476 26

775 516 913 585 catut
935 519 992 585 lll.

331 713 439 796 Pergit
453 715 606 782 discursio
620 721 656 783 de
672 719 820 804 (trigenis
832 719 1151 787 excommunicatione
1163 740 1203 785 ec
1217 717 1366 786 Demetrii
1378 720 1448 783 ale-

367 819 527 883 xandrini
540 823 669 900 decreto,
684 825 720 886 de
741 822 890 906 Origcms
910 825 1048 907 ejusdem
1069 817 1185 888 litteris
1205 825 1248 886 ad
1266 819 1447 886 Fabianum

368 917 502 1000 Papam,
515 923 551 984 de
565 921 665 1004 ipsine
679 926 773 1006 lapan
788 925 823 987 in
838 923 1053 988 idololatriam
1073 943 1113 988 en
1125 945 1150 987 a.
1167 921 1343 1006 Epiphanii
1355 919 1444 985 testi·

366 1021 486 1098 monio,
504 1033 533 1085 et
547 1025 583 1087 de
596 1026 663 1108 eiua
678 1025 890 1107 poenitentioe
910 1023 1024 1090 titetto.

326 1243 469 1372 Contra
493 1311 663 1392 hucusque
685 1328 743 1391 oro
764 1311 905 1391 Origene
926 1311 1068 1378 discussa
1084 1310 1225 1392 aliquem
1240 1310 1342 1374 sentio
1360 1309 1440 1372 milri

325 1408 505 1487 adversari,
542 1413 636 1492 plura
659 1414 876 1495 objicientem,
900 1431 938 1476 aa
959 1416 1127 1476 instantem
1149 1430 1211 1476 uon
1232 1413 1261 1474 ei
1283 1410 1440 1476 confictos

327 1511 426 1576 luisse
447 1531 589 1586 errores,
612 1515 666 1578 sed
691 1534 805 1578 revera
827 1533 964 1590 errasse,
987 1514 1118 1578 acideo
1139 1515 1326 1580 damnatum
1342 1532 1359 1577 a
1376 1513 1440 1576 lle·

327 1615 442 1678 metrio
463 1622 496 1678 et
516 1633 533 1676 a
555 1614 654 1681 Claro
674 1618 907 1689 alexandrino,
930 1617 1067 1698 ejusque
1096 1617 1332 1680 damnationem
1348 1633 1365 1677 a
1382 1615 1441 1678 Se·

325 1721 403 1778 natu
424 1713 571 1780 Romano
591 1720 767 1798 sancitam
790 1719 874 1783 unde
890 1718 1096 1782 subsecutam
1113 1717 1257 1799 ejusdem
1274 1719 1440 1796 poeniteu-

325 1815 413 1891 tiam,
436 1825 467 1880 et
489 1836 614 1895 causas,
636 1839 722 1900 qnae
743 1823 848 1902 ipsum
870 1821 901 1882 iu
923 1837 1070 1882 errorem
1092 1819 1303 1892 induxerunt,
1327 1836 1364 1881 ao
1381 1819 1439 1882 de-

324 1933 412 1980 mum
436 1921 466 1981 ln
488 1918 705 1984 idololatriam
727 1921 864 2000 lapsum.
885 1919 973 1984 llaec
994 1926 1102 1984 autem
1117 1921 1214 1984 statui
1230 1920 1353 1997 dieunt,
1370 1919 1437 1999 pri-

325 2035 413 2082 ntum
434 2019 475 2081 ob
497 2020 639 2101 Epistola
660 2021 710 2087 33.
732 2021 923 2106 Hieronymi
944 2021 984 2085 ad
1008 2020 1154 2098 Paulam,
1177 2020 1291 2086 deinde
1312 2021 1353 2082 ab
1369 2018 1438 2084 Eu·

324 2119 413 2182 sebio
435 2119 516 2184 llist.
540 2121 663 2187 Eccles.
688 2123 787 2188 Libro
806 2121 1211 2201 vt.c.xx1x.ontpstus
1234 2119 1382 2201 Origeuis
1398 2120 1440 2182 ll·

325 2219 411 2284 bello
422 2219 608 2288 hmcntnm
626 2222 774 2305 Origenic
788 2225 954 2304 inscripto,
968 2233 1000 2288 et
1017 2225 1058 2288 ab
1073 2222 1253 2303 Epiphanio
1272 2220 1370 2286 Haer.
1385 2219 1439 2292 nt.

324 2338 355 2384 n.
368 2319 399 2385 2.
421 2323 460 2385 de
481 2326 600 2403 quibus
621 2327 770 2392 omnibus
790 2327 976 2406 singillatim
997 2324 1156 2406 agendum
1178 2331 1235 2388 est.

404 2420 446 2486 Et
460 2425 567 2502 quoad
585 2427 725 2505 primum
743 2425 1022 2513 idestflierougmi
1035 2424 1212 2505 Epistulam
1228 2423 1266 2486 ad
1284 2421 1436 2498 Paulam,

323 2527 355 2586 in
376 2523 436 2587 hac
457 2533 548 2588 antea
571 2524 745 2608 Catelogus
761 2531 884 2592 tarttnr
898 2529 1044 2609 Operum
1060 2545 1144 2607 quae
1159 2525 1313 2604 Origenes
1326 2523 1437 2588 elabo-

324 2626 430 2698 ravit,
454 2627 485 2688 iu
506 2627 601 2708 onius
623 2628 684 2692 tine
707 2630 786 2692 haee
808 2631 885 2693 dicit
906 2650 932 2694 a.
959 2628 1103 2693 Doctort
1128 2626 1241 2703 «Quis
1271 2627 1355 2690 enirn
1377 2642 1438 2687 nn·

320 2742 419 2805 quam
442 2735 526 2790 tanta
547 2729 657 2810 legere
671 2733 789 2812 potnit,
808 2739 927 2810 quanta
942 2732 1011 2812 ipso
1025 2726 1239 2808 conseripsit?
1253 2727 1357 2792 Porro
1373 2727 1437 2792 hoc

321 2825 455 2904 andere,
476 2828 553 2909 quid
575 2833 698 2912 accepit
720 2829 843 2912 pretii?
864 2832 1069 2894 damnatura
1086 2829 1250 2894 Demetrio
1269 2829 1434 2908 episeopo,

321 2929 463 3008 exceptis
486 2928 682 2995 Palaestinae
710 2934 886 3013 episcopis,
910 2931 1050 2996 Arabiae
1077 2939 1109 2994 et
1140 2928 1306 2995 Phoenicis
1333 2935 1432 3006 atque

321 3026 463 3110 Achaiae
484 3032 715 3098 sacertotibus.
733 3031 986 3095 indemnatione
1007 3031 1078 3112 ejus
1099 3032 1255 3094 consentit
1270 3027 1352 3094 Urbs
1368 3027 1434 3093 Ro·

322 3147 425 3194 mana.
452 3131 520 3212 ipsa
544 3142 654 3195 contra
678 3135 764 3197 huno
784 3137 870 3213 cogit
891 3141 1036 3196 senatum
1060 3149 1122 3194 non
1144 3141 1278 3211 propter
1304 3130 1436 3210 dogma·

323 3237 391 3293 tum
414 3234 601 3311 novitatem,
618 3252 679 3296 non
696 3244 830 3316 propter
846 3235 1016 3309 haeresim,
1035 3242 1070 3296 ut
1085 3251 1170 3297 nunc
1183 3232 1340 3296 adversus
1355 3249 1430 3295 eum

322 3331 423 3394 rabidi
445 3351 538 3396 canes
558 3334 711 3398 simulent
722 3355 734 3413 3
755 3335 810 3398 sed
832 3337 908 3416 quia
932 3337 1069 3416 gloriam
1091 3335 1297 3414 eloquentiae
1316 3332 1388 3414 ejus
1404 3339 1435 3396 et

322 3434 472 3495 scientiae
496 3433 583 3498 terre
604 3452 667 3497 non
689 3444 837 3516 poterant
845 3457 857 3516 ;
879 3437 983 3500 atillo
998 3436 1136 3512 dicente,
1153 3451 1262 3498 omnes
1278 3435 1358 3498 muti
1375 3451 1436 3514 pu·

236 3517 244 3531 ⁸
324 3534 520 3598 tenantur.»
1160 3559 1163 3566 ·

402 3635 471 3701 lloc
493 3657 593 3718 porro
616 3640 845 3714 testimonium,
863 3657 936 3703 cum
952 3640 1047 3719 plura
1067 3637 1228 3701 contineat
1246 3653 1304 3698 nec
1319 3631 1435 3697 Hiero·

322 3739 408 3821 nymi
430 3739 598 3816 locutioni,
615 3760 673 3804 neo
688 3742 843 3806 ultimode
859 3742 1010 3804 historiae
1026 3738 1243 3811 cohaerentia,
1260 3754 1319 3798 neo
1334 3733 1433 3799 Claro

323 3837 470 3903 Romano
491 3842 597 3922 digna,
611 3845 686 3926 iure
701 3845 773 3907 ideo
791 3844 941 3906 lnlsatnm
958 3843 1068 3904 haberi
1083 3841 1243 3904 existimo.
1260 3836 1433 3914 Quomodo

320 3945 404 4003 enlm
424 3950 456 4006 et
474 3945 559 4007 uode
576 3944 793 4030 Hieronymus
815 3962 958 4023 unquam
976 3945 1017 4006 ita
1034 3944 1200 4023 putaverit
1213 3941 1385 4020 origenem
1403 3939 1434 4000 iu

320 4041 440 4106 Senatu
464 4041 608 4109 Romano
630 4048 849 4118 disserentem,
866 4045 907 4105 ab
928 4045 997 4124 ipso
1018 4042 1204 4107 damnatum
1227 4040 1338 4114 luisse,
1353 4033 1434 4117 qnia

315 4142 453 4225 gloriam
473 4146 668 4226 eloquentiae
688 4148 757 4231 eina
773 4154 802 4208 et
815 4143 966 4209 scientior
981 4146 1066 4226 serre
1080 4162 1144 4208 non
1160 4135 1340 4225 poterant?
1358 4139 1434 4204 Sino

320 4246 428 4310 dicere
450 4248 511 4310 hoo
534 4247 628 4312 ealda
647 4247 744 4314 clero
768 4247 913 4311 Romano
936 4265 976 4312 ae
1005 4249 1145 4329 amplius
1174 4243 1320 4309 Pontifici
1349 4240 1433 4321 inju-
