3048 4946
67 584 142 643 mur,
162 583 218 632 rec
230 583 285 630 eos
307 563 365 630 sibi
384 564 484 632 relati
505 563 686 632 contrarios
698 577 913 652 opponamus,
929 564 965 628 ut
980 561 1087 626 altero
1106 579 1163 644 rp-

67 669 200 750 probato,
214 668 353 734 alterum
376 667 608 750 improbemus,
622 666 678 732 sed
700 684 760 747 pro
781 673 955 731 causarum
976 665 1162 729 diversitate

63 777 225 850 utrumque
238 776 413 845 sectemur,
433 770 568 848 accipite
582 785 668 848 quae
682 767 714 831 io
727 767 858 833 iudicio
878 766 978 847 ipsius
995 763 1102 845 vigilii
1116 767 1162 828 in·

64 871 175 934 teralie
198 871 312 934 luerim
335 879 540 951 prosecutus,
561 870 658 934 sicuti
678 871 784 956 editae
798 868 889 932 nobis
910 868 951 929 ab
972 865 1077 932 obicio
1099 874 1163 928 ter·

61 971 115 1034 tiae
130 971 265 1036 dctioois
280 981 365 1051 peste
382 969 558 1036 declarant.
577 971 669 1047 Peto,
692 972 837 1052 inquam,
854 969 895 1032 de
913 969 1036 1050 iustitia
1054 974 1160 1030 vestre

60 1078 159 1134 utrum
187 1084 333 1153 suscepte
354 1074 396 1137 sit
423 1072 594 1158 aSpnodo
625 1071 869 1137 calchedonensi
893 1067 1040 1152 Epistola
1064 1069 1160 1144 lbae,

59 1191 134 1254 onae
153 1175 242 1241 velot
261 1177 443 1240 nestorieoa
465 1175 696 1248 demontrant,
720 1175 900 1255 inquiretis.
924 1172 966 1238 Et
987 1172 1065 1234 dum
1087 1187 1164 1234 coo-

58 1273 176 1351 stiterit‚
197 1292 261 1339 oon
280 1275 394 1341 obesse
415 1275 556 1360 Synodo,
572 1275 660 1356 quod
683 1293 757 1355 pers
778 1273 914 1337 adversa
936 1272 976 1336 de
996 1268 1163 1335 Tbeodori

58 1389 180 1452 persona
195 1375 358 1457 proponit,
373 1376 419 1440 slc
432 1393 470 1440 ea
485 1394 571 1458 qnae
591 1374 742 1455 prolerre
765 1375 892 1449 solunt,
908 1373 1017 1452 resept-
1031 1373 1164 1452 permit·

57 1473 137 1539 trtis:
152 1493 190 1540 uc
204 1476 291 1542 lorte
308 1495 394 1558 uuae
407 1485 564 1558 aguntur,
579 1476 619 1540 ad
635 1477 897 1542 retractationem
913 1473 1086 1538 rideantur
1099 1490 1166 1536 ma·

57 1585 189 1642 momine
207 1577 329 1662 Spnodi
343 1581 515 1661 pertinere.
537 1577 607 1658 Ego
627 1579 712 1642 erim
728 1577 833 1642 lateor
852 1576 1044 1657 simpliciter
1064 1574 1165 1638 beati·

59 1677 150 1742 tudini
165 1689 303 1756 restrae,
320 1697 383 1744 uon
404 1698 464 1762 pro
475 1678 639 1744 Theodori
656 1680 871 1761 mopsuesteni
885 1678 1089 1742 damnatione
1111 1693 1164 1740 ma

56 1782 367 1848 econtradicentlum
387 1781 615 1847 communione
633 1781 848 1846 subtraxisse.
867 1776 938 1844 lluc
958 1780 1042 1847 enim
1066 1777 1118 1842 sel
1137 1777 1165 1840 si

54 1882 288 1960 approbandum
309 1901 372 1948 uuo
391 1887 445 1959 sit,
464 1882 632 1948 ferendum
656 1890 762 1948 temen
782 1882 949 1961 cristinam
966 1899 1025 1946 nec
1041 1887 1164 1945 tantam

54 1997 114 2044 csse
133 1999 265 2046 cansam
282 1983 408 2065 judico,
424 2001 484 2062 pro
498 2001 562 2065 que
584 1982 778 2048 deberemus
794 2001 811 2044 a
829 1983 1057 2046 communione
1080 1980 1165 2044 mni-

55 2083 187 2148 titudinis
198 2083 374 2166 segregari.
397 2083 458 2150 Sed
479 2085 556 2166 quia
578 2103 621 2148 ex
642 2101 777 2166 persona
799 2081 963 2148 Tbeo'dori
988 2081 1166 2162 Epistulam

56 2178 123 2247 lbae
147 2186 364 2250 nestorianam
386 2186 526 2269 probare
546 2186 654 2251 conati
684 2177 774 2261 aaut,¹
805 2191 901 2248 etex
923 2181 1067 2265 Epistola
1090 2180 1166 2246 ibae

51 2281 340 2369 §predonesque
360 2295 510 2369 suscepta
532 2297 593 2363 ast,
617 2287 815 2368 improbare:
838 2287 870 2348 in
891 2287 940 2350 bis
961 2287 1072 2365 itaque
1095 2299 1168 2348 rer·

53 2381 95 2448 bis
114 2388 190 2452 meis
211 2389 402 2469 cognoscitis
424 2388 582 2468 inprimis
603 2405 663 2468 pro
684 2396 773 2452 statu
792 2386 951 2467 generalis
972 2384 1092 2470 Spncdi
1114 2401 1166 2448 me

52 2483 143 2552 inisse
161 2489 341 2554 sollicitum
353 2509 365 2569 3
387 2507 427 2552 oe
448 2489 535 2570 qnod
565 2488 712 2569 acephali
733 2505 862 2567 semper
891 2488 1114 2572 quaesierunt,
1135 2485 1168 2550 in

53 2591 311 2656 retractationem
332 2590 470 2656 deducta
494 2590 701 2671 irruperetnr
721 2589 793 2670 ejus
813 2590 991 2654 auotoritas
995 2629 1125 2652 ......
1189 2617 1192 2623 ·

124 2709 142 2752 a
159 2689 340 2772 Propterea
354 2700 486 2758 secutos
501 2692 618 2774 adjeci,
633 2690 741 2760 dicens
763 2689 836 2754 ideo
853 2707 903 2752 me
919 2691 1058 2753 istorum
1074 2689 1170 2754 ritas·

51 2793 366 2873 recommuninuem3
388 2793 464 2875 quia
480 2811 520 2857 ex
543 2809 680 2874 persona
701 2789 864 2854 ‘lbeodori
883 2789 1062 2871 Epistulam
1078 2789 1168 2864 lbae,

51 2889 80 2954 ln
99 2908 163 2971 qua
177 2893 254 2975 eius
268 2893 414 2960 doctrina
436 2893 568 2958 laudata
591 2901 651 2970 est,
663 2893 885 2956 'nestorianam
913 2892 1053 2974 probare
1074 2907 1171 2953 cona·

51 2991 177 3070 timot,
209 3003 244 3059 et
264 3015 308 3060 ex
327 2995 473 3077 Epistola
495 2993 571 3058 lbae
600 2993 778 3080 Syundum,
801 3015 819 3057 a
841 3013 905 3075 qua
936 2999 1168 3074 suscepturi,

49 3090 242 3174 improbare.
264 3094 349 3163 Nam
369 3115 455 3179 quae
475 3095 539 3160 alia
561 3115 658 3161 causa
682 3097 782 3161 inisse
805 3096 938 3160 dicenda
960 3104 1022 3171 oet,
1038 3103 1076 3158 ut
1096 3101 1171 3176 poet

52 3205 177 3260 certum
198 3204 234 3261 et
263 3199 373 3277 rigintl
393 3215 473 3263 snae
494 3196 710 3262 deiunctionis
735 3215 834 3261 annos
861 3196 1073 3262 damnaretur
1093 3213 1170 3262 cum

51 3291 253 3375 dogmatibus
274 3299 341 3363 suis
363 3298 533 3378 episcopus
555 3300 586 3362 iu
608 3297 775 3363 Ecclesiae
805 3287 884 3379 pace
910 3298 1173 3376 deiunctus,'vel

52 3389 217 3477 Epistola,
240 3397 336 3480 cujus
358 3406 476 3465 auctor
496 3401 639 3464 incertus
661 3398 809 3465 dicitur?
829 3397 902 3463 Nou
922 3401 1006 3464 enim
1029 3400 1082 3463 rel
1111 3400 1175 3464 boc
1232 3456 1236 3465 .

52 3493 207 3577 letentur,
223 3503 312 3580 quod
332 3500 406 3566 ibae
427 3505 480 3580 sit,
495 3502 550 3565 sed
566 3501 655 3582 qnod
676 3501 747 3583 ejos
762 3519 831 3565 csse
851 3501 990 3565 dicatur.
1016 3501 1085 3565 dut
1111 3519 1174 3564 cnr

51 3603 215 3664 batorum
238 3603 270 3664 io
292 3603 354 3667 boc
375 3604 603 3692 episcoporum
630 3603 827 3684 subscriptio
857 3609 1086 3682 quaereretur,
1112 3601 1174 3664 uisi

49 3702 121 3779 quia
135 3721 203 3766 oon
217 3721 411 3784 paucorum,
424 3704 479 3768 aed
495 3703 711 3768 multitudinis
734 3720 846 3768 sensus
860 3703 1085 3788 praejudicare
1101 3719 1173 3784 pos-

47 3808 93 3866 set
113 3804 272 3870 uuirerso
288 3803 461 3872 Concilio?
486 3805 529 3872 Et
548 3806 700 3888 quoniam
716 3803 824 3874 lodex
841 3806 903 3870 boc
922 3820 957 3868 se
972 3804 1095 3868 nescire
1116 3803 1174 3866 tin·

47 3903 152 3981 gcbat‚
175 3906 277 3986 petiti
291 3905 390 3970 simol
404 3914 438 3971 et
458 3907 547 3972 dixi:
565 3905 635 3971 Hoc
654 3925 726 3987 erpo
743 3904 885 3986 primum
900 3920 948 3970 ms
962 3907 1175 3969 'demonstrare

43 4003 230 4086 praecipite,
252 4015 289 4071 et
308 4007 433 4072 doceam
455 4007 535 4088 sulse
555 4006 679 4088 aspari,
701 4007 785 4088 peod
798 4013 947 4070 cenacto
966 4003 1096 4086 Synodo
1112 4005 1177 4068 coi·
1278 4011 1286 4022 “

46 4103 236 4172 obedoncmi
250 4116 371 4188 recepto
393 4105 505 4189 sumit,
519 4117 548 4173 ct
565 4107 707 4173 omniurn
724 4105 1008 4171 contradicentium
1028 4107 1177 4186 &meato

46 4204 260 4288 redorpuom
280 4208 537 4289 pallescente
557 4207 799 4275 destructionem
814 4204 935 4288 Spoodi
957 4205 1176 4270 calchedonen-

43 4303 97 4381 sis,
129 4308 224 4475 υοειιι
242 4307 375 4474 inlepidus
399 4311 642 4378 damnauerunt.
676 4308 913 4391 sedquoniam
942 4305 1072 4473 omuga
1104 4305 1175 4388 cius

192 4428 235 4473 o.
294 4410 324 4476 V.
