3028 4942
324 379 384 452 litt
416 321 418 324 Ι

326 498 428 550 tatum
450 489 602 552 cumulus
623 490 654 550 iu
669 489 768 552 citato
782 487 906 563 libello,
924 488 1022 568 gratis
1043 489 1186 570 ejusdem
1210 496 1327 553 udmeu
1340 503 1422 569 prae·

326 589 460 652 terente.

407 691 440 754 ln
463 693 523 755 lroc
543 711 618 755 saue
650 691 747 756 Libro
769 690 811 754 ll.
834 691 980 756 Hulliuus
1001 694 1165 774 epilogum
1188 695 1267 756 texit
1288 709 1424 764 eorum,
1492 711 1493 740 t

327 814 412 875 quae
433 796 487 857 lrln
507 805 538 857 et
560 797 591 857 iu
612 793 721 858 Primo
742 795 852 876 objicit
873 793 1093 879 Hieronymo,
1119 798 1219 877 ipsius
1240 795 1427 876 respondens

326 897 617 962 insimulationibus
647 899 731 960 cirea
753 898 902 975 dogmata
933 897 1099 978 origenis:
1117 896 1293 972 «Verum,
1316 895 1426 974 iuquit,

328 1008 403 1076 agat
424 998 502 1061 haee
523 1002 603 1074 iste,
636 1011 672 1062 ut
691 1001 750 1062 sibi
774 999 824 1062 vel
846 1000 966 1074 lieere,
991 1001 1041 1063 vel
1062 1001 1216 1080 expedire
1237 1008 1343 1078 putat.
1366 995 1428 1075 Epo

332 1098 470 1174 iuterim,
496 1109 531 1162 ut
553 1119 777 1164 recenseamus
791 1102 822 1163 io
845 1101 970 1176 finees,
985 1119 1069 1182 quaa
1088 1102 1222 1178 sparsim
1245 1116 1306 1180 pro
1329 1107 1429 1160 nostra

331 1202 523 1280 purgatione
543 1202 789 1282 respondimus,
813 1219 887 1268 curu
907 1203 948 1264 de
970 1221 1020 1265 me
1041 1201 1181 1276 dixerit,
1202 1203 1295 1282 quasi
1317 1203 1385 1263 sine
1402 1215 1432 1260 se

331 1302 513 1365 haereticus
534 1320 684 1364 essenon
707 1321 842 1382 pusaeus,
865 1303 988 1366 ostendi
1009 1302 1103 1368 tidem
1126 1321 1249 1382 meam;
1270 1297 1306 1364 el
1327 1300 1367 1363 de
1387 1316 1430 1361 re·

329 1404 531 1466 surrectione
548 1405 653 1466 carnis
672 1405 777 1484 ipsum
793 1406 893 1484 magis
913 1421 1037 1478 errare,
1052 1406 1109 1485 qui
1130 1415 1260 1482 eorpus,
1276 1399 1368 1482 qnod
1389 1417 1433 1460 re·

309 1511 555 1572 ‚surrecturum
577 1515 637 1580 ast,
661 1507 775 1586 fragile
795 1525 864 1571 essa
883 1505 1066 1584 scripserit,
1089 1505 1311 1584 comprobavi.
1335 1499 1432 1565 Sexus

333 1623 466 1685 qnoque
487 1607 719 1682 diversitatem,
739 1605 903 1686 quomodo
923 1607 1092 1678 abraserit,
1108 1615 1141 1668 et
1160 1621 1298 1684 corpora
1322 1603 1354 1664 in
1374 1599 1434 1661 ani·

333 1723 413 1780 uras,
429 1716 461 1770 et
476 1710 627 1771 mulieres
649 1708 750 1788 redigi
765 1709 796 1768 in
819 1710 905 1770 siros
920 1709 1052 1780 dixerit,
1067 1708 1175 1770 docui.
1192 1705 1285 1768 Here
1307 1719 1432 1784 quoque

331 1809 606 1890 interpretationis
625 1828 762 1885 causas,
787 1820 822 1872 ut
843 1820 922 1888 putu
941 1808 1155 1890 justissimas,
1178 1807 1327 1888 protuli3
1353 1801 1431 1884 quod

332 1928 393 1972 uon
417 1912 467 1973 vel
488 1913 690 1975 contentione
710 1913 891 1987 excitatus,
915 1911 1109 1990 relgloriae
1132 1908 1281 1989 oupidu’s,
1303 1907 1360 1970 sed
1382 1902 1431 1966 ltat

335 2013 451 2074 timore
473 2023 692 2092 provocatus,
707 2014 859 2092 antiquae
881 2015 1035 2075 materiae
1056 2011 1293 2074 transvexerim
1315 2007 1433 2088 sopiat,

207 2129 209 2136 ’
335 2113 485 2176 novellae
506 2117 753 2178 constructionis
786 2113 938 2176 aediliciis
959 2112 1168 2193 profuturas,
1190 2122 1222 2176 et
1244 2111 1309 2174 tela
1333 2110 1432 2171 vetera

194 2263 199 2278 .
334 2215 480 2293 rubigine
499 2215 565 2294 jam
587 2217 726 2279 obducta
748 2215 949 2289 deterserim,
972 2233 1034 2276 uon
1056 2224 1094 2277 ut
1114 2213 1208 2276 uirile
1229 2211 1357 2274 bellum
1377 2225 1435 2270 mo·

337 2334 460 2389 rerem,
475 2320 528 2380 sed
546 2329 582 2382 ut
598 2337 633 2380 os
649 2317 765 2380 ltostile
786 2318 994 2396 depellerem.
1019 2314 1127 2395 ipsum
1142 2317 1238 2378 etiam
1259 2301 1374 2394 eaput,
1387 2309 1434 2372 eui

335 2435 447 2480 monus
463 2418 609 2482 lalsarius
619 2421 812 2501 injecerunt,
824 2419 957 2480 inserui:
971 2427 1003 2479 at
1015 2418 1214 2481 adulterium
1225 2415 1436 2494 blissplramias

336 2519 367 2579 in
389 2515 508 2582 Filium
525 2517 582 2582 Dei
603 2532 635 2584 et
649 2520 804 2601 Spiritum
819 2519 985 2592 Sanctum,
1007 2519 1188 2581 alienumu
1205 2521 1279 2580 ineu
1300 2515 1433 2582 nemine,

335 2618 389 2679 sed
411 2620 556 2712 ipsorum
577 2621 699 2684 scelere
720 2630 753 2685 at
773 2621 813 2682 ab
834 2623 911 2700 ipsis
929 2621 1025 2683 doeui
1047 2639 1116 2683 esse
1134 2621 1353 2684 commissum.
1371 2635 1386 2670 s
1403 2609 1436 2672 Et

336 2719 402 2794 lile,
419 2731 456 2782 ut
478 2723 579 2796 vides,
594 2723 763 2802 perspicue
775 2742 858 2803 quse
879 2723 955 2786 ulilri
973 2723 1069 2794 dixit,
1086 2718 1368 2801 repetitlluffinns
1381 2716 1435 2777 cir·

337 2840 373 2884 ca
397 2823 597 2885 lulsaliouam
618 2842 696 2886 suae
719 2824 946 2898 translationis,
969 2842 1028 2886 neo
1047 2843 1112 2886 uon
1131 2824 1249 2887 nodiois
1271 2819 1377 2900 groeci
1399 2813 1435 2876 tte

338 2920 528 3002 Principiis,
544 2941 641 3002 quem
664 2927 771 2997 vertit,
793 2927 1026 2988 immunitatem
1041 2941 1058 2984 a
1074 2923 1270 3003 blasphemia
1287 2924 1320 2984 in
1343 2919 1435 2980 titiam

341 3021 399 3085 liei
419 3043 457 3086 ao
478 3026 510 3086 iu
524 3025 678 3103 Spiritum
700 3025 852 3090 Sanctum
867 3048 875 3088 ι
891 3035 924 3090 et
944 3027 1029 3088 uude
1051 3045 1107 3087 nos
1131 3026 1280 3086 falsatum
1303 3021 1435 3086 oodicem

341 3139 510 3200 graecum,
533 3141 630 3203 quem
652 3141 730 3203 prae
751 3125 897 3186 manibus
917 3123 1031 3186 habuit
1052 3121 1291 3205 Hieronymus,
1309 3115 1435 3182 ostendi·

341 3241 425 3295 mus,
447 3233 637 3304 partemque
662 3225 749 3288 illius
769 3227 871 3306 spurii
895 3225 1108 3310 Syntngmatis
1129 3225 1327 3286 constituere
1354 3213 1435 3299 perfi-

341 3324 383 3386 do
403 3325 529 3388 calamo
549 3326 707 3389 elaborati
727 3335 839 3388 eontra
862 3328 961 3405 ipsius
979 3324 1128 3405 Origeuis
1149 3342 1287 3388 sensum.

421 3423 568 3506 ltemqne
591 3437 715 3490 eeteros
750 3445 899 3503 errores,
929 3429 970 3490 da
991 3427 1110 3506 quibus
1131 3425 1352 3508 Hieronymus
1373 3418 1435 3484 Ori·

341 3544 454 3606 geuem
468 3528 591 3607 culpat,
606 3529 708 3590 eidem
723 3529 858 3591 insertos
875 3528 999 3602 libello,
1020 3545 1121 3606 super
1135 3537 1233 3604 eaput
1253 3528 1354 3605 ipsius
1374 3520 1437 3585 Hie·

343 3631 469 3712 rouymi
489 3632 559 3708 (seu
574 3629 680 3708 potius
695 3629 848 3692 Auctoris
860 3629 973 3705 libelli)
990 3629 1095 3691 reddit
1108 3626 1256 3692 Hul'u'uus
1265 3647 1277 3708 3
1290 3636 1324 3690 et
1338 3625 1437 3701 Orige-

343 3746 414 3792 nem
436 3730 476 3793 alr
493 3731 613 3794 eisdem
635 3733 808 3794 immunem
829 3730 921 3794 lirma
942 3728 1095 3794 declarat.
1117 3727 1202 3791 llicit
1225 3729 1308 3792 euim
1332 3747 1364 3790 u,
1382 3719 1434 3788 ll:

340 3851 361 3890 n
387 3831 421 3893 lu
441 3832 573 3911 siugulis
595 3850 727 3913 qnoque
747 3832 924 3912 dequibus
944 3851 979 3894 se
999 3832 1120 3895 idcireo
1140 3829 1313 3908 Origeuem
1336 3839 1437 3905 argue·

346 3951 382 3993 re
403 3932 539 4007 dioelrst,
555 3945 593 3997 ut
606 3952 663 3998 nos
678 3935 809 4014 pulsare
821 3953 855 3996 se
875 3933 1035 4008 erederet,
1051 3943 1082 3996 et
1097 3931 1254 3994 infamare
1267 3950 1351 4009 opus
1367 3939 1438 3990 tran·

346 4031 503 4108 elationis,
519 4036 641 4097 ostendi
655 4055 695 4096 ex
711 4035 786 4112 ipsis
809 4034 1047 4097 commentariis
1067 4033 1146 4106 suis,
1163 4049 1205 4094 ex
1226 4031 1346 4110 quibus
1358 4027 1436 4090 iidem

344 4152 436 4197 suam
458 4139 624 4214 expectari
639 4135 756 4199 debere
777 4135 918 4209 dixerat,
934 4146 966 4198 et
980 4135 1111 4216 probari
1125 4131 1212 4212 qnod
1228 4142 1261 4194 et
1275 4131 1314 4194 do
1326 4131 1436 4194 animle

306 4281 310 4291 .
345 4243 479 4300 statuet
500 4238 704 4300 restitutione
722 4239 880 4313 omnium,
902 4237 941 4300 de
961 4236 1091 4300 diabolo
1104 4243 1204 4314 atque
1225 4232 1346 4312 augelis
1365 4223 1437 4292 rsit*
