3028 4942
298 395 339 468 80

296 521 332 568 se
342 500 513 582 Origenem
530 504 564 566 in
579 503 779 568 Periorcbon.
794 502 864 571 Noc
875 521 959 569 unus
974 505 1057 568 enim
1069 502 1149 567 idest
1163 502 1331 584 Origenes,
1349 517 1411 564 nec

298 603 384 668 alter
404 605 555 669 nimirum
571 603 829 686 Didymus,.sire
851 606 890 667 de
908 593 1071 666 Trinitatis
1092 605 1258 688 mysterio,
1279 603 1348 666 sire
1365 603 1410 665 de

295 707 539 772 rationalibusa
560 709 721 771 communi
744 707 878 772 Patrnm
899 725 994 771 sensu
1014 708 1205 770 abscessere.
1223 703 1290 768 Nisi
1310 704 1402 784 quod

296 805 513 892 Hieronymus
527 829 569 874 ex
593 810 711 872 falsatis
736 810 899 873 codicibus
915 807 1107 872 Periorclron
1131 810 1297 888 colligens,
1318 825 1406 887 quae

294 926 360 972 non
379 911 506 989 scripsit
519 909 687 991 Origenes,
709 911 741 972 in
755 911 864 974 ambos
879 911 1224 987 amandaviterrores,
1246 927 1329 990 quos
1349 925 1406 970 ne·

295 1013 399 1076 sciere
419 1007 462 1074 Et
476 1011 560 1074 unde
581 1010 702 1074 lactum
724 1023 782 1087 est,
807 1019 842 1074 ut
863 1012 904 1073 ab
925 1013 993 1090 ipso
1008 1009 1206 1096 Hieronymo
1226 1011 1311 1074 inter
1332 1027 1406 1090 per·

297 1128 409 1176 versos
430 1119 462 1174 et
482 1113 720 1174 baereticorum
744 1122 906 1177 consortes
922 1123 1096 1178 vocaretur
1118 1111 1285 1193 Didymus,
1306 1127 1407 1191 quom

297 1221 389 1276 antea
409 1222 540 1278 vocarat
556 1214 738 1294 proplietam
751 1214 902 1278 videntem
916 1225 945 1277 ct
964 1215 1090 1277 oculum
1103 1212 1260 1278 bobcntrm
1273 1229 1410 1293 sponsor

296 1314 335 1378 dc
355 1312 485 1379 Guntico
503 1313 717 1391 canticorum,
732 1325 761 1377 et
772 1316 877 1380 obsim
892 1315 1108 1396 apostolicum.

377 1415 514 1478 Deorum
535 1417 620 1479 circa
645 1415 771 1500 Didymi
799 1418 999 1482 sanctitatem
1020 1426 1053 1480 et
1082 1415 1260 1478 doctrinam
1292 1413 1407 1494 plures

295 1524 411 1580 extent
432 1525 547 1592 testes,
570 1527 603 1580 et
622 1519 766 1598 ejusdem
789 1521 859 1583 aest
882 1519 1069 1599 praesertim
1098 1519 1154 1598 qui
1176 1535 1251 1582 cum
1271 1535 1311 1580 eo
1333 1533 1408 1578 aer·

295 1620 358 1683 sati
379 1629 476 1694 sunt,
510 1619 683 1684 admodum
707 1625 843 1686 virtutes
866 1623 936 1702 ejus
959 1621 1075 1682 mirati.
1100 1619 1136 1682 ln
1158 1621 1207 1682 bis
1230 1635 1405 1682 numeran-

296 1728 353 1785 tur
375 1718 561 1786 Heraclides
583 1725 714 1806 cyprius
736 1724 890 1787 diaconus
911 1730 942 1786 et
967 1721 1149 1786 Palladiuse
1173 1738 1313 1801 quornm
1337 1721 1404 1798 pri·

293 1841 379 1899 mus,
402 1841 486 1903 quae
508 1828 689 1905 superiora
715 1825 804 1887 nobis
819 1826 858 1886 de
873 1827 941 1904 ipso
958 1824 1093 1907 Didymo
1108 1833 1216 1886 notata
1232 1829 1318 1896 suut,
1333 1839 1404 1883 am-

296 1924 437 2003 plissime
466 1925 643 1988 confirmat.
664 1925 713 1988 Ac
733 1925 836 1988 debis
856 1925 996 2001 interim,
1018 1941 1103 2005 qnae
1121 1922 1308 1986 Heraclides
1327 1922 1408 1984 scri·

295 2024 371 2105 psit,
387 2025 467 2088 baec
483 2026 606 2088 modica
628 2024 796 2088 sufficiant.
820 2024 937 2090 Scribit
953 2027 1055 2088 enim:
1073 2045 1090 2084 u
1105 2023 1202 2086 Multi
1223 2031 1332 2086 antem
1355 2025 1404 2085 ri·

296 2125 325 2188 ri
339 2125 424 2206 digni
438 2126 624 2188 habitaculo
639 2126 820 2202 beatorum,
838 2125 995 2191 foeminae
1009 2145 1141 2207 quoqne
1155 2127 1306 2190 obierunt
1325 2135 1404 2188 tunc

294 2225 328 2289 in
347 2226 576 2290 alexandrinae
598 2226 761 2292 Ecclesiae
782 2229 931 2291 civitate:
953 2229 1117 2308 inquibus
1139 2226 1294 2308 Didymus
1315 2233 1403 2300 erat,

293 2327 468 2392 oculorum
490 2327 621 2407 quidem
643 2329 765 2392 lumine
785 2329 969 2403 destitutus,
989 2329 1170 2392 divinarum
1194 2336 1297 2390 tamen
1318 2325 1406 2392 Scri·

294 2435 468 2509 pturarum
490 2429 603 2508 peritia
625 2430 759 2510 pollens.
792 2429 896 2506 Quom
918 2447 978 2510 ego
999 2430 1080 2492 intra
1104 2430 1213 2493 docem
1235 2447 1334 2490 annos
1356 2428 1405 2489 di-

295 2530 398 2594 rersis
430 2532 628 2612 temporibus
648 2540 765 2613 quater
794 2533 908 2594 vidisse
929 2549 980 2593 me
1003 2533 1129 2593 memini
1142 2550 1154 2609 3
1186 2531 1308 2610 quique
1331 2536 1406 2607 post

295 2631 457 2710 octogiuta
471 2639 504 2694 et
519 2633 662 2713 quicque
683 2651 781 2696 annos
799 2634 882 2696 vitae
903 2634 1074 2697 terminum
1098 2633 1182 2695 lecit.
1205 2631 1265 2694 Hic
1286 2633 1402 2712 igitur,

296 2749 394 2812 quem
415 2732 556 2813 loquor,
579 2742 691 2812 captus
711 2745 759 2797 est
779 2735 905 2807 oculis,
938 2744 975 2798 ut
995 2735 1062 2813 ipse
1085 2734 1196 2795 retulit
1226 2732 1302 2794 mibi
1325 2749 1404 2794 cnm

296 2841 450 2912 quartum
472 2832 583 2912 ageret
611 2835 724 2897 aetatis
754 2853 832 2896 suae
862 2853 1003 2897 annum:
1027 2835 1082 2913 qui
1112 2851 1217 2913 neque
1238 2832 1402 2911 magistris

296 2931 434 2997 traditus
454 2935 662 3010 litterarum,
684 2954 789 3015 neque
811 2937 913 3014 prima
938 2951 1079 3014 unquam
1102 2934 1259 2995 elemento
1282 2949 1403 3012 cogno-

294 3051 398 3110 scens,
421 3036 558 3100 babebat
578 3037 707 3100 insitum
730 3037 848 3099 bonum
874 3055 1001 3116 semper
1021 3035 1194 3112 incolume,
1217 3034 1405 3098 naturalem
1512 3021 1513 3102 J

296 3135 486 3215 magistrum
500 3138 724 3201 conscientiam
735 3156 838 3200 suom.
853 3135 956 3214 Quem
970 3146 1054 3202 tauta
1067 3137 1168 3215 gratia
1180 3135 1330 3198 scientiae
1341 3135 1407 3215 spi·

297 3237 426 3302 ritualis
447 3239 603 3317 ornabat3
625 3247 662 3302 nt
682 3242 713 3303 in
734 3258 774 3302 eo
795 3239 1028 3302 evidentissime
1049 3238 1135 3318 quod
1156 3237 1313 3317 scriptum
1334 3244 1404 3314 est,

295 3337 540 3419 adimpleretur:
559 3338 710 3403 Dominus
723 3359 826 3402 coecos
841 3339 995 3420 rapientes
1005 3340 1083 3420 socii
1095 3349 1157 3404 etc.
1172 3361 1188 3398 n
1201 3338 1289 3403 Haec
1301 3358 1404 3420 porro

297 3442 420 3506 ostendi
434 3460 498 3506 non
511 3451 634 3505 tantum
649 3443 691 3506 ob
711 3461 761 3516 ea,
777 3461 861 3520 quae
879 3452 993 3506 mutuo
1008 3445 1139 3522 utrique
1155 3453 1289 3521 prosunt
1302 3438 1405 3526 Didy-

296 3559 351 3607 mo
371 3548 405 3606 et
423 3541 567 3624 Origeni,
582 3542 637 3607 sed
652 3545 694 3607 ob
715 3544 795 3608 illud
812 3547 962 3621 maxime,
978 3545 1065 3626 quod
1086 3545 1171 3606 circa
1187 3560 1303 3608 aevum
1321 3541 1406 3608 Con·

295 3645 361 3710 ciiii
376 3641 415 3708 V.
428 3643 648 3722 Oecumenici‚
661 3646 766 3727 palam
781 3648 958 3711 excitatum
971 3653 1019 3710 est
1032 3647 1062 3710 io
1074 3645 1217 3710 Ecclesia
1228 3644 1404 3708 adversum

296 3747 437 3814 eosdem.
453 3745 502 3811 lta
517 3754 554 3812 ut
568 3746 637 3811 tero
651 3749 826 3813 universim
845 3749 979 3814 illorum
994 3749 1162 3831 antiquum
1180 3747 1211 3810 in
1225 3744 1305 3812 orbo
1318 3745 1409 3810 cbri-

296 3849 400 3916 rtirno
420 3849 519 3916 decus
546 3849 691 3930 perierit.

375 4112 392 4149 ι
673 4097 1018 4156 -ψ-
