2994 4938
322 394 497 583 riwgeeuisiis,
519 513 557 564 ac
579 493 781 564 inruentibus
801 493 1034 576 disputantium
1054 493 1168 562 animis
1187 491 1256 560 sire
1274 511 1351 577 pro,
1371 493 1429 559 sire

324 610 439 669 eontra
456 600 602 684 ejusdem
621 600 814 676 doctrinam,
836 617 958 681 ptuoos
972 600 1024 680 (ιιι
1038 599 1105 680 ipse
1125 597 1250 663 ῐιιοιιιι·
1264 616 1290 662 ι.
1304 596 1428 676 {locuti

324 721 437 770 aenum
458 703 631 768 convenire
661 711 693 768 et
714 717 790 768 cum
815 699 997 782 ‘theophilo
1026 703 1184 766 sirenus
1212 699 1386 782 Origeueus
1404 700 1430 763 iu

324 806 470 889 ejusdem
485 804 700 869 damnatione.
716 802 800 870 cum
821 803 918 867 alitor
938 805 1088 868 universa
1110 803 1181 868 iere
1202 801 1349 870 Reclusis
1369 819 1432 884 par·

324 909 411 973 tihus
432 907 590 987 susceptis
605 905 840 970 monachorum
862 905 1076 982 nitriensium,
1092 905 1330 992 chrysostomi,
1343 903 1432 969 huc·

325 1010 372 1086 ni,
396 1008 544 1086 Palladii,
560 1007 694 1074 loannis
715 1007 1008 1093 hierosolymitani,
1023 1005 1197 1085 Theotimi,
1212 1024 1288 1072 oum
1303 1007 1354 1071 his
1366 1023 1432 1070 cun·

326 1112 466 1187 ueuiret,
487 1112 545 1192 qui
568 1104 727 1192 putarunt
742 1110 870 1176 iterem
894 1112 1001 1174 virum
1017 1108 1115 1176 inisse
1134 1109 1325 1190 Origenasu,
1341 1109 1391 1190 pie
1406 1109 1433 1170 is

326 1212 425 1278 domo
447 1211 505 1276 Dei
527 1219 693 1277 remotum
708 1229 790 1290 esse,
812 1210 1030 1276 orthodoxam
1045 1211 1240 1294 professum,
1254 1212 1432 1293 scriptoque

325 1315 494 1380 mandasse
513 1313 705 1378 doctrinam.

405 1414 573 1498 Numquid
593 1432 672 1497 ergo
693 1414 925 1498 acceptandum
947 1417 1025 1493 erit,
1054 1415 1142 1498 quod
1163 1416 1208 1481 ihi
1227 1414 1309 1481 dieta
1329 1412 1432 1478 Hiero

323 1537 455 1606 uyntus,
486 1518 561 1582 ideo
581 1518 736 1602 nimirum
756 1517 870 1599 piures
901 1519 961 1583 sihi
982 1524 1015 1584 et
1034 1514 1216 1600 Theophilo
1246 1517 1430 1593 contrarios,

324 1619 497 1686 accessisse
516 1619 650 1704 Origeni
669 1621 803 1701 suisque
823 1623 981 1701 patronis,
1000 1637 1040 1686 eo
1060 1619 1148 1702 qnod
1169 1619 1283 1684 amm
1303 1617 1432 1684 οισιίιιι

325 1733 402 1789 essm
420 1720 634 1806 resripsrntu,
655 1741 713 1788 aee
731 1721 806 1805 fidei
831 1719 996 1788 ceritatem
1015 1717 1191 1788 moesti
1210 1723 1305 1787 ahsit.
1330 1720 1432 1786 Plures

323 1825 546 1909 jungebantur
565 1825 661 1892 taturi
683 1825 932 1902 monachorum,
947 1823 1182 1911 chrysostomi,
1204 1821 1367 1889 Theotimi
1385 1819 1431 1884 ni·

326 1943 443 1993 uersus
456 1929 642 2011 improbum
656 1925 829 2008 Theophili
845 1927 1026 2004 decretum,
1038 1926 1227 1991 luculenter
1244 1929 1382 1992 seientes
1397 1945 1431 1992 es

325 2028 463 2094 Petrum
483 2029 654 2095 traditione
676 2032 833 2096 sinceram
854 2029 1004 2111 Origenis
1024 2031 1134 2108 iidem,
1148 2048 1187 2096 ac
1207 2033 1261 2112 pie
1282 2033 1316 2097 in
1335 2030 1433 2096 Eoris»

325 2134 373 2199 sia
393 2131 597 2208 defunctum,
612 2132 748 2213 ejusque
770 2134 958 2196 memoriam
979 2134 1180 2199 cumulatam
1196 2133 1263 2198 oiri
1282 2130 1433 2214 oporms'rr'
1489 2157 1490 2200 t

324 2235 427 2316 sumu,
452 2230 600 2314 capistri
617 2232 831 2313 eeclesiarum,
846 2234 995 2300 simullai
1016 2236 1251 2301 hooetirorattt.
1274 2234 1379 2313 Quam
1398 2235 1434 2296 is·

326 2352 425 2412 matu,
446 2351 506 2398 nee
527 2320 747 2420 Hieronymus
768 2337 898 2418 negavit
917 2336 1186 2420 aliquantutum
1207 2337 1275 2403 iste
1295 2333 1432 2402 iuisseiu

325 2435 407 2500 urhe
428 2435 581 2502 cristiano
600 2435 761 2501 diiiussm.

405 2533 590 2611 Praeterea,
622 2537 788 2620 quomodo
809 2538 966 2621 suspicari
991 2538 1137 2617 licuerit,
1159 2537 1229 2605 iere
1253 2539 1429 2606 uuiversum

327 2637 452 2719 {paucis
472 2639 628 2720 exeeptis)
648 2638 878 2719 episcoporum
897 2645 1027 2705 ooeinm
1049 2655 1125 2706 eum
1139 2638 1373 2724 chrysostomo
1390 2655 1432 2702 cs·

327 2737 485 2820 terisque,
499 2735 649 2819 Origenis
662 2755 883 2822 propugnasse
897 2757 1041 2818 causam,
1063 2749 1096 2806 et
1108 2757 1185 2807 euru
1205 2759 1247 2808 eo
1262 2749 1329 2807 tam
1348 2739 1431 2820 inpii

326 2855 548 2920 propugnasse
562 2839 711 2921 dogmata
732 2859 840 2923 nuper
858 2843 1030 2926 descripta,
1052 2845 1171 2925 quihus
1191 2849 1298 2910 totum
1318 2839 1433 2910 conari

328 2937 462 3003 iehator
480 2937 681 3006 christiaune
702 2941 878 3024 Religionis
900 2944 1112 3011 retinniunt?
1130 2944 1219 3012 Num
1238 2945 1324 3010 aden
1340 2947 1433 3008 umis

327 3039 459 3103 hehetes
472 3047 566 3105 eraut
584 3042 739 3124 episcopi,
754 3050 792 3107 ut
812 3045 984 3123 nmeireut,
997 3061 1032 3111 se
1053 3045 1085 3110 iu
1099 3045 1284 3112 intentans
1298 3043 1432 3127 Origesh

330 3141 524 3206 mentituros
546 3142 645 3208 tuisse
665 3142 784 3210 christi
806 3145 982 3224 divinitati,
1014 3165 1160 3233 proque
1182 3148 1431 3232 praedecessores

328 3241 361 3306 iu
380 3241 510 3326 syuodo
530 3246 661 3310 nicaena
685 3251 721 3310 et
749 3253 859 3326 postes
881 3248 1045 3329 usquead
1066 3250 1228 3332 sauguinis
1258 3249 1431 3315 effusionem

329 3342 527 3409 dimicarunt
538 3344 696 3410 adversus
716 3347 876 3415 artsuos?
891 3345 932 3412 Et
950 3351 998 3414 sic
1018 3349 1292 3432 praesumentium
1313 3345 1432 3416 metis

329 3445 446 3512 esteris
465 3447 582 3511 erratis
595 3463 660 3512 non
680 3449 812 3514 minoris
826 3451 992 3530 momenti,
1014 3465 1159 3534 quorum
1179 3457 1298 3519 auctor
1317 3445 1432 3520 insinu-

328 3541 416 3612 iatus
436 3553 509 3611 arat
530 3546 741 3612 Adamantius
748 3569 762 3631 3
794 3550 964 3633 atquibus
985 3559 1246 3634 consequeretur
1264 3549 1433 3618 coutentes

328 3645 504 3730 plerusque
524 3648 735 3715 ecclesiarum
755 3651 926 3729 antistites,
939 3659 973 3718 et
992 3671 1048 3719 eos
1064 3655 1284 3721 verisimiliter
1301 3647 1432 3718 antesin

329 3748 460 3834 synodis
478 3748 636 3816 adunatus
656 3757 769 3817 contra
790 3753 977 3836 hujusmodi
999 3768 1117 3837 pravas
1141 3756 1316 3838 opiniones.
1339 3752 1382 3812 ΙΙΙ
1400 3759 1431 3806 ²0

328 3849 511 3930 pannium
532 3836 617 3919 erit?
631 3869 849 3935 nequaquam.
870 3855 931 3922 snt
953 3858 1124 3922 accesisse
1135 3873 1191 3920 eos
1212 3849 1379 3918 tenendum
1392 3849 1430 3909 eti

329 3948 425 4017 ranst
446 3949 667 4036 chrysostomi
689 3962 722 4020 at
742 3957 882 4022 aliorum
905 3959 1029 4040 (paucis
1052 3957 1172 4023 relictis
1193 3973 1268 4021 oum
1288 3945 1431 4031 Theophi-

329 4047 366 4114 tn
384 4056 419 4117 ai
438 4048 649 4142 Hieronymo)
665 4055 860 4137 amplissime
880 4057 939 4122 sihi
961 4057 1105 4122 conscios
1125 4054 1298 4137 Origensm
1318 4067 1374 4115 uec
1389 4063 1430 4108 er·

331 4165 433 4231 ruse,
447 4169 507 4220 unc
521 4154 703 4222 haereticos
724 4154 824 4222 icisse
837 4158 1025 4236 monachos,
1040 4175 1099 4223 uec
1111 4151 1185 4222 ideo
1207 4155 1326 4220 trustra
1343 4147 1430 4232 chry·

329 4255 510 4320 ωιιιιιιιιιιι
537 4271 613 4320 eum
634 4256 702 4324 suis
730 4257 864 4323 illorum
885 4259 1067 4341 suscepisse
1098 4256 1325 4338 patrocinium,
1352 4243 1430 4316 sisui

328 4351 587 4422 muuiieaiissime
609 4354 641 4420 in
663 4356 929 4439 praecedentibus
950 4357 1155 4426 deciaratum
1177 4366 1236 4424 ost.
1376 4363 1380 4372 '
