3138 4950
360 434 521 516 probrare
543 435 620 498 talia
645 435 742 514 impia
765 453 805 500 uc
833 434 968 499 notanda
995 434 1158 516 dogmata,
1190 451 1229 498 ac
1251 431 1370 496 talibas
1390 451 1480 498 en·-
1555 485 1556 494 ,

363 536 437 602 dem
465 536 661 600 inhonorare
693 536 888 616 ignobilibus
910 536 1063 602 dicteriis.
1097 534 1242 616 ideoque
1274 535 1424 599 Rudinus
1452 537 1479 598 iu

364 635 506 719 Prologo
523 638 610 702 Libri
628 638 639 701 l
646 636 686 702 ll.
703 635 900 702 Periorcleoo
926 639 1046 720 ajebat,
1061 639 1184 704 rectius
1198 639 1320 712 iacere,
1336 639 1393 718 uui
1407 655 1478 716 pro

362 740 488 804 deiendi
509 759 607 806 cenea
630 745 707 806 istos
728 742 829 804 libros
852 742 991 822 legeret,
1015 759 1070 804 ens
1091 759 1110 804 a
1131 739 1343 822 peritioribus
1362 740 1478 818 exponi

363 843 437 920 nihi,
460 861 557 924 quam
578 847 647 908 aine
668 845 823 924 magistro
847 853 879 908 at
900 843 1153 924 exploratione:
1179 861 1253 905 oum
1275 852 1384 905 temen
1407 841 1481 905 mal·

361 945 431 1011 lent
452 945 597 1010 homines
612 965 664 1011 res
685 947 830 1011 dillieiles
848 955 881 1010 et
900 946 1057 1012 obscuras
1078 963 1138 1025 per
1153 945 1369 1008 temeritatem
1392 952 1426 1006 et
1440 944 1481 1007 iu·

363 1049 489 1112 anitium
511 1048 739 1124 condemnare,
754 1066 852 1130 quam
875 1066 935 1129 per
955 1049 1154 1128 diligentiam
1171 1055 1204 1110 et
1218 1048 1364 1110 studium
1386 1045 1483 1108 disce·

364 1164 412 1211 re.
429 1167 445 1206 r
465 1147 506 1212 Et
521 1148 583 1212 hoc
604 1148 688 1212 idem
709 1151 807 1214 sensit
827 1168 852 1212 s.
870 1147 1062 1228 Pamphilus
1083 1157 1118 1213 et
1131 1149 1187 1211 alii
1208 1167 1282 1212 oum
1304 1166 1359 1222 eo,
1381 1148 1440 1227 qni
1453 1147 1481 1209 iu

362 1246 514 1329 Origen'rs
537 1258 692 1314 tractatus
711 1249 820 1314 varios
841 1257 874 1315 et
893 1250 1027 1330 quidem
1043 1251 1198 1330 genuinos
1217 1249 1367 1313 sedulam
1390 1265 1484 1312 uara·

367 1360 448 1416 rnnt
465 1370 623 1433 operam:
646 1355 787 1435 quinne
809 1351 877 1433 inte
901 1351 1034 1433 quidem
1055 1371 1098 1416 eu
1120 1352 1275 1433 praelatis
1298 1350 1485 1432 multipliei-

364 1452 440 1529 bus,
463 1453 672 1536 uelandisque
704 1453 807 1542 titulis
830 1455 880 1518 rel
906 1454 1102 1530 scriberent,
1135 1471 1194 1518 seu
1214 1452 1335 1517 eisdem
1357 1453 1486 1518 menti·
1557 1499 1558 1520 t

367 1559 495 1619 rentur.

447 1654 670 1733 Quamobrem
692 1674 748 1720 ros
770 1675 829 1737 per
850 1657 994 1719 diversae
1012 1656 1181 1720 vetustatis
1201 1655 1344 1732 remites,
1361 1653 1486 1720 diutur-

366 1774 475 1839 naque
496 1759 611 1822 itinera
626 1759 798 1839 hucusque
820 1758 1041 1822 manuducere
1055 1766 1192 1824 conatos
1205 1775 1291 1833 sum,
1307 1773 1427 1821 ouusas
1444 1756 1487 1818 in·
1557 1743 1558 1804 l

367 1861 529 1941 vestigans
543 1859 642 1941 boios
664 1861 846 1940 inopinatae
861 1860 1096 1935 conversionis,
1112 1877 1198 1939 qnae
1220 1866 1292 1939 post
1307 1857 1486 1922 bisceotum

365 1978 468 2025 annos
489 1961 521 2024 in
542 1961 622 2026 orbe
642 1961 817 2025 christiana
840 1961 979 2024 intalnit
1000 1979 1063 2024 non
1083 1963 1191 2024 sclurn
1214 1963 1246 2023 in
1266 1957 1421 2042 Origeuia
1443 1959 1484 2022 ri·

368 2063 535 2144 inperium
556 2065 642 2128 circa
663 2081 743 2127 strae
763 2063 836 2128 fidei
859 2061 1104 2145 professionem,
1122 2081 1236 2128 verum
1261 2063 1359 2125 etiam
1381 2063 1415 2125 in
1437 2081 1486 2124 re·

370 2170 478 2228 torum
502 2163 636 2228 Petrum
658 2165 878 2244 ignominiam,
895 2167 951 2245 qni
975 2168 1070 2230 tantis
1085 2165 1316 2228 Adamantinm
1339 2163 1487 2227 cumulu-

350 2274 448 2328 .rnnt
463 2266 586 2346 elogiis.
609 2265 716 2331 Aliter
737 2267 822 2330 enim
838 2267 1039 2348 perarduum
1058 2283 1150 2341 sane,
1166 2283 1206 2330 ue
1222 2264 1423 2346 impossibiie
1443 2265 1486 2328 di·

369 2385 454 2444 uem,
471 2369 549 2434 milri
571 2372 676 2435 risum
698 2369 811 2434 luisset
831 2369 1010 2449 unicnique
1033 2367 1172 2432 illorum
1193 2367 1370 2432 consulere
1392 2367 1486 2446 perti,

370 2479 404 2534 et
418 2489 547 2547 eorum,
563 2473 620 2552 qui
634 2480 708 2536 aute
722 2469 894 2553 Theophili
907 2478 1049 2536 aetutem
1063 2471 1103 2532 de
1118 2468 1260 2550 Origene
1275 2470 1487 2548 scripserunt,

372 2578 406 2634 et
425 2571 580 2648 aliorum,
603 2575 757 2654 quicum
779 2569 962 2652 Theophilo
993 2579 1024 2634 et
1046 2581 1118 2650 post
1139 2587 1213 2634 eum
1236 2569 1412 2650 degerunt,
1436 2567 1488 2630 Pa·

374 2679 476 2748 trum,
497 2676 646 2752 serratis,
663 2674 771 2756 quood
787 2675 856 2738 lieri
879 2675 996 2754 potnit,
1012 2673 1173 2754 cujusque
1192 2671 1407 2737 conscientiae
1422 2689 1490 2750 pro-

373 2774 487 2854 bitate,
506 2780 700 2860 sinceroque
721 2777 795 2842 fidei
817 2777 890 2842 nolo
910 2777 942 2840 in
964 2775 1151 2858 hujusmodi
1172 2777 1363 2854 opinionum
1385 2773 1488 2838 enolt-

374 2887 441 2942 ctu.

455 2979 528 3045 Hoc
541 2987 651 3046 autom
672 2988 868 3046 consecutus
880 2999 995 3058 essem,
1018 2977 1188 3045 ostendens
1204 2977 1359 3058 Origenis
1379 2976 1486 3040 adrer-

374 3081 490 3160 sorlns,
513 3083 677 3163 inquibus
697 3085 889 3165 praestitere
910 3081 1125 3164 Theophilus,
1140 3081 1344 3162 Epiphanius
1364 3091 1397 3145 et
1420 3078 1486 3141 ilie·

376 3202 532 3270 ronymns
552 3186 649 3248 atine
669 3187 771 3250 accoli
789 3183 844 3250 Ν.
859 3193 893 3250 et
913 3185 1014 3261 nitra,
1038 3187 1096 3249 hos
1117 3185 1311 3266 praesertim
1333 3184 1418 3248 dnos
1439 3201 1485 3242 no·

378 3291 524 3352 vissimos
538 3287 774 3352 maledicorum
795 3294 827 3352 et
848 3287 1121 3367 interpolatorum
1138 3285 1258 3349 insidiis
1281 3285 1381 3349 inisse
1403 3284 1485 3346 dece

377 3399 448 3468 ptos
462 3387 549 3452 hand
570 3390 647 3452 eatis
661 3389 795 3452 illorum
818 3387 1108 3454 machinationibus
1123 3388 1255 3468 peritos.
1274 3387 1326 3452 Ab
1340 3387 1403 3451 hoc
1422 3385 1485 3465 qni·
1557 3463 1558 3474 2

377 3491 450 3554 dem
473 3501 619 3570 temporo
640 3509 681 3554 ex
703 3491 928 3569 praeiatnrutn
959 3499 1147 3556 seuctornm
1171 3491 1319 3554 rtrormn
1343 3491 1486 3554 illusione
1557 3477 1558 3480 ’

378 3591 674 3670 praeclarissimum
696 3592 844 3672 origenis
864 3607 981 3656 nomen
1002 3590 1143 3656 hostium
1164 3609 1302 3655 enorum
1322 3593 1418 3656 cessit
1437 3590 1486 3650 ine

378 3692 492 3772 perio:
515 3699 549 3757 el
568 3693 744 3774 sanctitatis
765 3709 844 3756 suae
865 3700 898 3754 et
919 3691 1085 3758 doctrinae
1106 3691 1299 3772 splendore
1323 3691 1485 3757 tenebroso
1557 3681 1558 3744 l

367 3792 533 3876 perfidiae
564 3797 732 3858 conanime
752 3796 992 3876 supplantatos,
1020 3796 1192 3875 bucusque
1213 3801 1331 3858 manet.
1362 3794 1412 3858 Ab
1431 3793 1486 3854 boc
1557 3827 1558 3840 κ

378 3903 539 3977 tempore,
555 3897 699 3975 inquam,
716 3895 873 3960 adversus
896 3897 982 3959 bunc
1000 3895 1137 3959 rintmns
1149 3894 1486 3977 praevaluissedecre·
1557 3929 1558 3986 ἰ

379 4003 452 4062 lum
481 3995 603 4081 Synodi
630 3993 863 4061 alexandrinae
883 3997 944 4062 suh
973 3997 1110 4072 ambitu,
1134 3995 1266 4078 pertidia
1290 4003 1322 4060 et
1344 3993 1487 4058 violentia
1557 3989 1558 4008 ³

377 4091 550 4178 Theophili
571 4099 777 4179 patriarchae
790 4097 973 4179 adunatam
987 4099 1082 4180 cujns
1105 4101 1300 4179 perversitas
1314 4095 1483 4160 Constanti·

379 4197 523 4278 nopolim
546 4216 650 4279 usqne
672 4201 818 4282 pervenit
838 4200 1034 4266 adaertnss.
1055 4199 1212 4265 loannem
1228 4199 1483 4280 chrysostomum

381 4301 595 4380 praecipuum
617 4299 767 4383 Oripcois
788 4301 1004 4369 defensorem.
