3028 4942
145 487 322 576 Postquem
344 511 422 562 vero
445 496 521 561 telie
542 495 581 560 tle
603 493 737 560 loeuuis
757 494 819 560 ilde
841 495 963 575 integre
988 494 1109 574 protuli
1135 503 1177 558 te·

68 594 233 670 stimouie,
267 596 344 659 uolo
364 614 382 658 e
405 596 582 661 lectoribus
605 596 803 660 ebscontlere
837 593 1001 658 Ecclesiae
1022 596 1175 674 entiqueo

71 693 258 759 documenta
281 699 367 761 circe
382 698 526 781 ejusdem
542 699 681 774 obitum,
704 699 840 780 ejusque
860 697 1036 760 cunctitetis
1060 695 1177 757 lumem

72 796 209 878 undique
231 798 408 879 fulgentem
425 801 456 862 iu
472 801 603 864 mondo.
628 802 675 862 Ac
696 802 818 862 interce
839 797 948 862 recole
969 817 1054 878 onec
1077 799 1108 859 iu
1130 797 1182 860 nl·

71 899 142 960 timo
162 895 320 964 Sermone
333 902 373 963 ed
390 901 548 982 populum
569 902 731 982 loquitur,
748 903 789 962 ite
806 917 963 963 exorsus:
982 885 1178 978 «tepueris

73 999 184 1075 cretio,
206 1017 283 1062 cum
305 1002 401 1065 etiem
421 1003 463 1064 sit
483 1001 763 1078 pertenentem
786 1002 862 1063 mitri
883 1001 1035 1074 innotuit,
1057 999 1110 1063 sed
1135 1007 1181 1060 te·

74 1113 138 1158 meu
155 1115 275 1178 meguo
290 1100 406 1179 gaudio
421 1102 528 1182 plene.
545 1100 707 1181 lugubris
721 1102 864 1181 quidem,
876 1102 952 1181 quie
968 1118 1030 1163 nou
1043 1098 1183 1179 emplius

73 1195 184 1276 loquer
200 1200 388 1277 initimum,
405 1201 509 1266 multo
524 1210 633 1266 eutem
647 1204 765 1282 gentio
783 1202 917 1281 scierim
932 1203 1082 1282 quonium
1102 1209 1181 1262 tero·

73 1314 126 1376 pus
144 1315 236 1363 meee
260 1303 466 1366 resolutionis
487 1306 609 1376 instet,
633 1311 670 1366 nt
689 1305 748 1366 sim
770 1319 844 1366 cum
867 1301 1021 1366 Christo:
1044 1309 1075 1362 et
1097 1300 1182 1362 sicot

75 1398 146 1462 tisis
161 1399 334 1478 Dominus,
349 1421 412 1466 uon
433 1403 572 1483 emplius
593 1405 714 1484 loquer
736 1403 913 1466 vobiscum.
929 1422 946 1460 n
965 1400 1005 1464 Et
1025 1403 1103 1481 quin
1130 1417 1180 1462 rc·

76 1517 211 1563 ceuseem
233 1521 320 1582 quse
341 1501 502 1584 Lucienus
523 1505 692 1587 presbyter
713 1505 744 1566 in
765 1521 822 1568 suu
846 1503 980 1583 epistole
1003 1509 1114 1566 uerret
1141 1499 1181 1562 de

74 1597 134 1677 ipsu
147 1599 274 1665 Joeune
288 1604 331 1665 ub
344 1597 559 1684 prodigiosum
582 1605 852 1668 inventionem-es.
871 1601 1098 1681 Reliquierum
1113 1600 1183 1664 Ste-

76 1699 160 1777 plteui
182 1705 337 1788 martyris
357 1715 390 1768 et
409 1709 587 1778 sociorum,
605 1706 714 1783 ecuipe
735 1722 820 1784 quoe
841 1701 980 1766 Thomes
995 1701 1182 1771 Ceccierius
1258 1691 1259 1694 '

76 1801 102 1860 iu
120 1799 284 1868 Hister-ico
307 1802 530 1870 vicariatione
545 1825 604 1887 pro
620 1805 753 1869 liuliioo
773 1802 962 1885 aquilejensi
986 1821 1014 1868 c.
1037 1801 1124 1864 xtv.
1142 1803 1183 1864 de

78 1901 178 1964 ecdem
200 1903 327 1968 Joeuuo
349 1914 506 1994 testetur:

146 2002 327 2068 «Necdum
351 2023 429 2070 vero
451 2025 580 2070 menum
602 2008 641 2070 de
663 2007 795 2070 tubulus
814 2005 929 2070 etenim
952 2005 1097 2068 llomeue
1121 2003 1181 2068 Eo·

80 2101 165 2166 clesie
186 2105 218 2168 in
240 2104 360 2170 Olflcio
383 2107 577 2171 inventionis
597 2127 622 2170 s.
644 2107 796 2188 Stepheui
818 2108 857 2170 ed
879 2109 961 2171 diem
977 2105 1007 2171 3.
1027 2107 1181 2185 Augusti,

80 2214 192 2279 questo
213 2223 289 2270 oum
311 2207 434 2270 honore
454 2207 588 2272 loenuis
610 2227 725 2272 nomeu
746 2207 899 2274 assumit?
914 2210 949 2271 lu
971 2209 1111 2288 antiquis
1132 2225 1185 2270 ve·

81 2303 230 2384 suipsius
252 2305 427 2370 Brevieriis
448 2327 551 2389 ecque
571 2311 734 2389 impressis
762 2327 800 2372 ec
822 2311 1058 2389 monuerimus,
1080 2325 1178 2389 quem
1299 2387 1302 2394 Δ

82 2401 263 2483 frequenter
277 2409 308 2470 iu
323 2406 541 2486 Lectionibus,
557 2411 588 2473 iu
606 2411 840 2489 Responsoriis,
857 2412 887 2472 iu
902 2409 1105 2489 Antiphonis,
1125 2408 1185 2472 Jo-

82 2520 167 2566 ennes
194 2504 299 2568 suomi
320 2525 435 2570 nomen
456 2509 648 2572 honoretur.
670 2508 824 2590 Nuuqoitl
857 2519 966 2574 eutem
990 2527 1047 2588 per
1070 2516 1117 2572 tot
1138 2527 1187 2570 se·

83 2605 148 2666 rule
170 2606 312 2670 Romane
329 2607 473 2672 Ecclesia
494 2610 705 2674 ecclesiarum
734 2612 876 2674 omnium
901 2609 1007 2672 Meter
1032 2619 1063 2672 et
1086 2608 1186 2688 liegi-

85 2711 143 2764 stre
163 2703 431 2772 christifidelibus
447 2707 628 2789 imposuit?
645 2707 754 2788 Apage
779 2711 936 2772 ueteriem
956 2709 1182 2788 suspicionem.

86 2801 156 2886 Ejus
175 2817 282 2872 eutem
298 2811 484 2890 exemplum
504 2811 629 2892 jamdiu
649 2819 780 2873 secuteo
794 2817 880 2885 sunt,
903 2821 1002 2890 etque
1025 2810 1182 2873 incudem

85 2906 219 2971 instituto
235 2917 420 2972 consteuter
436 2918 644 2990 perseverent
665 2921 728 2973 inm
752 2912 873 2974 multae
888 2910 1070 2974 Occidentis
1085 2909 1188 2973 eccle·

85 3004 165 3080 siec,
183 3009 385 3085 trevirensis,
403 3011 592 3086 leodiensis,
609 3011 853 3085 bellurecensis,
877 3011 1119 3087 enreliuuensis‚
1143 3014 1188 3093 pi·

86 3109 264 3186 cteriensis,
291 3120 323 3173 et
343 3113 584 3174 cenomanensis
602 3131 679 3176 cum
701 3111 773 3176 eliis
790 3113 1020 3192 antiquissimis
1042 3114 1188 3192 complu·

86 3206 165 3270 rilem
187 3218 248 3273 tem
270 3208 410 3286 Gelliec,
433 3231 531 3293 quem
554 3211 768 3278 Germeuieec
792 3229 876 3292 queo
891 3231 1003 3276 omnes
1025 3215 1055 3275 iu
1074 3214 1204 3298 divinis,

87 3305 188 3371 ultiniis
202 3329 286 3374 nunc
305 3313 401 3375 etiem
413 3323 557 3376 sunetnm
579 3321 697 3376 eenont
711 3312 868 3376 loannem
895 3323 1054 3378 nostrum.
1072 3312 1186 3393 llispe·

88 3407 150 3472 niee
163 3429 291 3492 quoque
302 3421 376 3475 ente
391 3414 605 3477 reformetum
617 3433 635 3475 e
647 3431 672 3476 s.
690 3411 746 3478 Pio
759 3411 797 3476 V.
812 3411 1030 3488 Brerierinm,
1048 3413 1186 3493 idipsum

89 3506 184 3573 iecere
198 3520 446 3585 consumerent,
467 3514 656 3577 nominatim
672 3531 752 3576 vero
766 3513 998 3576 celeberrimae
1021 3513 1051 3574 in
1073 3513 1112 3575 iis
1137 3530 1190 3576 ec·

90 3607 192 3675 clesiee
214 3615 352 3678 toletene
375 3623 406 3677 et
420 3614 647 3677 ‘cordubensis
673 3613 706 3676 ld
736 3615 819 3678 enim
849 3624 920 3677 eret
949 3616 1075 3677 initium
1098 3613 1188 3676 nutt-

91 3707 201 3785 plsonee
220 3714 260 3775 ed
282 3712 481 3794 Maecenas.
502 3701 602 3776 Hcdr‘e
614 3732 640 3776 e.
656 3711 794 3776 qunnes
808 3712 962 3792 Pontifex.
977 3711 1086 3774 Primo
1109 3731 1187 3776 vero
1295 3791 1309 3802 „

91 3807 123 3867 td
143 3807 281 3876 lunden
304 3811 475 3896 Repressns
495 3811 660 3878 anr’unns
675 3816 834 3896 presbyter
853 3835 874 3878 o
890 3833 915 3876 e.
936 3812 1056 3876 Jounns
1075 3811 1191 3892 episco-

90 3923 135 3983 po.
154 3908 294 3995 Denique
309 3917 340 3978 iu
362 3915 579 3996 Responsorio
594 3932 696 3980 noune
717 3915 876 3980 Lectionis
893 3914 1092 3979 canebatur:
1107 3911 1189 3978 Sen-

92 4015 151 4069 etns
166 4008 297 4078 loannes
317 4014 480 4096 epiecopus
502 4017 697 4094 lacrymetur
713 4035 792 4097 prae
811 4014 938 4096 pendis.

163 4131 177 4170 s
197 4112 257 4179 Tot
283 4125 393 4182 entem
420 4118 633 4181 ecclesiarum
656 4135 694 4180 ec
715 4119 917 4197 potissimum
937 4114 1101 4182 Romenee
1124 4123 1188 4180 tem

93 4215 278 4284 poenarum
299 4224 331 4284 et
350 4219 553 4283 consentiens
579 4218 619 4282 sle
639 4216 765 4284 Jonune
783 4217 966 4300 iudicium,
989 4220 1042 4283 cui
1064 4235 1187 4299 quecso
