3048 4946
100 483 194 550 tribus
223 483 380 566 Gepttniia
401 487 611 568 qoemtioun,
634 488 816 554 momaarto
836 485 999 568 seqnitur,
1020 379 1211 551 ΙΙιιοτιιὶῗίἱι

100 583 205 650 ltrliae
224 585 351 652 clericis
365 586 504 652 directas
525 585 984 682 bentis'tlonsteutiuopotim
1006 583 1211 666 proficiscen·

100 688 191 760 titos,
221 687 259 750 ud
282 705 352 752 eam
376 689 538 769 pertinere
565 681 830 774 apocryphorum
849 686 1040 752 libellorum
1062 686 1211 759 classem,

98 787 150 866 oui
164 787 286 870 abipso
308 785 437 870 vigilio,
452 806 471 853 e
490 788 620 871 Pelagio
636 789 662 854 l.
678 805 697 852 e
714 787 844 870 Pelepto
865 786 907 852 ll.
923 795 957 855 et
970 805 989 852 e
1003 807 1029 854 s.
1051 785 1213 869 Gregorio

100 885 214 970 llepuo
236 898 460 956 memorantur
480 907 519 956 ao
539 909 604 956 uua
634 890 831 956 damnantur
851 891 900 958 nti
928 889 1157 956 scandalorum
1179 892 1213 952 et

97 989 298 1055 acbismutnrn
315 990 434 1070 iontes3
448 999 481 1058 et
493 1009 637 1072 quornm
652 991 772 1072 ubique
788 990 878 1056 treus
889 992 1071 1072 detegitur3
1083 998 1116 1055 et
1130 1007 1213 1071 quo·

99 1105 168 1152 rom
189 1098 341 1154 auctores
361 1089 561 1172 ubicumque
582 1089 760 1171 culpantur
781 1089 993 1156 treodoteott.

172 1189 255 1255 dnm
276 1201 386 1259 autem
414 1193 446 1255 iu
466 1192 516 1257 bis
537 1193 716 1272 plurimum
745 1200 856 1256 nostru
875 1191 1003 1256 intersit
1031 1189 1209 1256 maledicae

100 1287 239 1356 Facundi
259 1290 402 1371 lingone.
417 1310 482 1372 qna
495 1283 687 1373 'saepissime
701 1289 857 1374 leilinm
877 1293 1016 1373 impetit,
1032 1291 1215 1355 obtendere

100 1391 272 1468 lurcorum,
296 1391 411 1458 lectori
433 1393 596 1474 objiciunt,
617 1395 782 1477 quomodo
811 1394 878 1476 ipse
898 1393 1067 1475 epistolam
1089 1392 1211 1474 Pelagii

100 1499 131 1558 ct
148 1493 291 1558 Anatolii
311 1493 351 1558 ad
376 1491 580 1560 bernerum
598 1494 639 1560 de
661 1496 760 1560 trium
790 1495 1018 1576 Capitulornm
1039 1493 1217 1560 damuatio-

99 1611 136 1660 ne
154 1592 250 1678 juxta
266 1591 409 1662 Judieatl
431 1595 619 1670 lormnlum.
637 1602 671 1660 et
691 1595 783 1660 istius
805 1612 994 1676 responsum
1008 1594 1048 1661 ad
1071 1593 1215 1670 eosdem,

99 1695 329 1776 interpretetur
350 1698 382 1759 in
409 1693 508 1760 Libro
531 1693 587 1758 tv,
608 1715 638 1762 c.
661 1694 720 1760 ΙΙΙ.
741 1693 861 1763 Scribit
889 1695 996 1768 enimc
1013 1693 1116 1762 «Nec
1135 1713 1217 1778 ergo

100 1795 198 1860 uirilis
214 1798 296 1862 baec
317 1815 415 1863 eausa
431 1797 590 1862 credenda
612 1803 683 1877 est;
698 1812 758 1862 uec
780 1797 864 1872 tulis,
885 1814 972 1879 puae
987 1815 1048 1878 pro
1066 1797 1218 1864 ecelesia-

101 1913 172 1962 rum
191 1915 273 1978 pace
286 1897 419 1965 ferenda
434 1901 489 1975 sit,
502 1900 558 1962 sed
575 1917 661 1980 quau
675 1899 792 1963 merito
804 1897 972 1980 judicetur
984 1906 1097 1964 coutra
1118 1899 1218 1980 lputua

101 1996 277 2064 catholicae
299 1997 373 2062 fidei
392 2006 525 2078 etatum,
548 2000 789 2064 baereticorum
810 2001 1020 2081 surreptione
1031 2008 1218 2078 commotu

103 2119 159 2182 pro
179 2118 245 2182 qua
268 2118 343 2183 purs
368 2101 507 2164 maxime
530 2101 621 2165 orbis
640 2101 819 2177 cbristiaui,
850 2119 913 2183 que
935 2104 1054 2184 potuit,
1076 2103 1219 2184 primum

101 2203 182 2270 iuter
195 2203 318 2287 primun
332 2202 524 2268 christianos
536 2203 739 2268 sacerdotem
755 2204 884 2284 publica
898 2206 1131 2271 contestatione
1145 2202 1220 2285 pul·

100 2303 190 2368 sarit.
208 2301 252 2370 Et
267 2320 399 2367 mauu
422 2303 552 2384 quidem
568 2305 761 2370 universitas
772 2311 871 2387 etque
883 2304 1010 2382 aiens.
1026 2305 1218 2388 priusquam

106 2401 239 2469 Eumeni
261 2403 422 2468 Antistitis
443 2406 664 2485 occeperimua
684 2406 866 2488 epistolem.
881 2425 945 2472 non
965 2425 1068 2488 parve
1086 2406 1153 2489 jam
1168 2421 1223 2470 co·

104 2521 317 2586 puorormnus
339 2505 468 2581 indicio,
502 2506 579 2586 quid
601 2507 642 2570 de
663 2507 762 2589 buius
783 2508 859 2574 lacti
889 2509 1032 2574 novitate
1050 2509 1219 2574 sentirent.

104 2604 181 2672 Nem
204 2606 398 2672 venerabilis
420 2607 569 2687 Pelagius
590 2615 623 2672 ct
638 2606 808 2674 Anatolioe
830 2609 954 2672 romani
969 2609 1108 2684 diaconi,
1130 2607 1219 2673 debl-

105 2708 285 2774 tamolticio
298 2725 359 2772 suo
378 2708 498 2774 ettoco
519 2709 769 2776 sollicitudinem
793 2727 854 2790 pro
869 2707 1015 2779 Ecclesia
1029 2707 1087 2776 Dei
1109 2727 1223 2791 peren·

107 2816 162 2885 tea,
182 2808 357 2874 laudabitis
385 2812 417 2872 in
439 2809 567 2874 Cheimo
590 2811 766 2875 memoriae
797 2809 965 2876 Ferreudo
984 2809 1221 2889 clrurtepineuri

105 2908 237 2974 diacono
258 2911 471 2988 scripserunt,
487 2918 524 2974 ut
544 2910 654 2974 lechito
676 2910 716 2976 de
738 2911 798 2976 bac
818 2929 915 2978 cauae
937 2908 1081 2993 (litiganti
1105 2917 1223 2976 tructe-

107 3015 140 3074 tn
160 3029 234 3076 oum
256 3011 526 3076 reverendissimo
546 3011 691 3091 ejusdcm
713 3013 870 3078 ecclesiae
885 3011 1137 3092 churtupiucnsle
1157 3008 1227 3090 epi·

104 3128 211 3194 acopo.
229 3112 284 3178 rel
302 3113 388 3188 aliis,
410 3129 494 3193 quos
508 3119 541 3177 et
561 3113 668 3178 zelum
686 3111 745 3176 Dei
765 3122 797 3178 et
811 3113 938 3177 divinae
956 3111 1149 3192 ¹Scripturae
1162 3111 1223 3175 sci·

106 3223 154 3278 ret
174 3213 296 3280 babere
317 3213 475 3290 notitiem,
498 3207 740 3278 consulentibus
769 3215 991 3296 responderet,
1015 3211 1091 3293 qutd
1114 3212 1225 3277 obser·

108 3313 245 3378 ruodom
262 3313 479 3380 incommune
499 3315 648 3380 omnibns
665 3314 844 3379 videretur.
862 3314 897 3378 lu
918 3315 985 3396 ipsu
1002 3331 1083 3377 reru
1097 3312 1226 3376 consul·

108 3415 231 3478 tationis
253 3414 388 3494 epistola
412 3432 477 3478 nou
498 3421 637 3490 tacetur,
659 3414 749 3496 qood
770 3415 850 3478 baec
869 3414 1064 3480 immissione
1086 3412 1224 3494 ucepbe·

107 3512 227 3592 lorum,
249 3533 346 3595 qnos,
367 3521 406 3580 ut
425 3515 581 3590 diximus,
601 3514 892 3598 semieutychianos
919 3513 1149 3593 significantius
1169 3529 1226 3592 ep·

110 3616 232 3696 pellere
254 3633 439 3696 possumne,
452 3627 565 3680 contro
587 3617 840 3682 culcbedoncnse
861 3614 1042 3680 Concilium
1065 3622 1098 3678 et
1113 3614 1225 3679 decre·

110 3723 137 3780 te
153 3715 259 3797 Papae
273 3713 389 3782 Leonis
404 3723 490 3782 mota
512 3717 632 3782 luerint
647 3736 706 3798 per
725 3737 793 3794 eos,
809 3717 865 3798 qui
884 3716 946 3782 sub
965 3716 1093 3780 nomine
1113 3717 1225 3780 cutbu-

109 3817 170 3881 lico
185 3820 332 3898 ipsorum
348 3819 431 3899 parti
452 3820 596 3884 studium
619 3818 785 3899 praebent.
803 3818 865 3882 Sed
886 3827 919 3881 et
940 3818 1008 3893 illu,
1024 3819 1081 3898 qui
1099 3815 1228 3882 coosul-

110 3927 159 3982 tus
173 3918 295 3994 luerat,
312 3919 490 3984 rescribens
510 3919 794 4001 interrogantibus,
812 3919 1049 3984 retrectaudum
1072 3935 1136 3982 uon
1156 3933 1225 3982 ease

109 4020 216 4086 docuit
231 4018 424 4102 Epistulam,
435 4037 533 4101 quem
548 4021 740 4086 universalis
756 4021 904 4104 Synodus
918 4020 1109 4101 approbarit
1123 4040 1130 4082 ε
1144 4035 1226 4099 quc·

110 4124 190 4187 nium
211 4124 239 4187 si
261 4123 366 4200 tieret,
395 4139 458 4187 noo
480 4123 578 4204 ipsius
609 4130 746 4202 tentum,
767 4125 823 4190 sed
844 4122 988 4190 omnium
1010 4121 1224 4189 conciliorum

111 4233 228 4292 stututu
250 4224 491 4294 deducerentur
510 4226 542 4291 io
563 4225 742 4292 dubium.»
