2994 4938
1089 370 1151 446 989

120 470 281 566 nonani
301 483 461 560 omnibns,
481 481 611 548 intentio
625 481 766 546 maxime
786 497 872 562 quaa
892 477 932 544 ad
953 479 1150 546 sanctionem

43 593 187 666 spectant
216 585 374 652 Anartaaii
395 587 491 651 circa.
510 583 672 650 librorum
692 582 841 664 origenis
870 581 1150 663 prudentissimam

45 687 307 768 proscriptionem
322 689 355 750 iu
370 687 487 752 litteris
497 686 537 751 al
553 684 711 751 ioannem
726 684 1060 769 hierosolymitanum,
1076 699 1152 748 cnm

44 786 118 850 ratic
148 786 313 850 dissonent
331 805 351 850 a
370 786 517 850 sensibus
547 786 578 850 in
600 787 662 848 hac
681 783 720 848 ad
752 781 995 864 simplicianum
1016 781 1152 862 epistola

44 885 225 966 caprenaia3
240 885 413 966 additaque
434 885 623 950 criticorum
639 883 848 960 auctoritate,
861 883 918 963 qui
931 882 971 946 do
985 880 1084 962 lanius
1098 897 1152 959 ac-

45 989 165 1051 uuitate
179 986 372 1052 dubitarunt
381 1007 394 1067 ;
417 987 511 1054 aaltlc
530 987 690 1067 anapicor,
706 985 788 1048 hane
804 1000 822 1046 a
838 982 979 1064 quodam
993 978 1154 1061 Theophi-

45 1085 68 1150 li
82 1096 220 1167 patrono
233 1085 423 1152 adornatam
444 1087 543 1152 iniere
555 1087 738 1169 epistolam,
759 1085 851 1149 istinc
867 1083 985 1148 lamam
1000 1080 1156 1146 roboran-

48 1185 76 1250 di
95 1205 193 1254 cauaa
215 1205 327 1254 coram
347 1189 496 1255 llomano
512 1187 678 1266 Pontiam,
694 1205 733 1252 ac
752 1186 897 1270 cjuadam
917 1182 1066 1266 Origeuia
1085 1181 1165 1259 laun

48 1288 165 1352 tarium
186 1289 333 1354 nocendi.

123 1387 231 1454 Porro
243 1389 292 1454 ric
305 1389 388 1468 (liri,
403 1388 501 1454 valle
513 1389 671 1472 amplcari
684 1389 725 1454 ‹le
739 1387 837 1454 huina
850 1385 1006 1468 eplatolaa
1028 1383 1160 1452 aluccri·

50 1494 120 1566 tatc,
141 1507 182 1555 ne
204 1490 333 1574 panitur
353 1491 467 1556 iaham
487 1489 604 1567 alicam,
625 1495 780 1556 murnum
801 1491 943 1570 impacta
962 1487 1118 1552 annotate
1133 1486 1158 1548 i·

50 1593 124 1656 atina
136 1591 179 1656 ab
200 1593 306 1658 altera
322 1593 472 1672 genuina.
494 1593 527 1659 si
548 1595 633 1658 onim
648 1594 695 1658 uti
709 1593 862 1672 penninas
876 1589 998 1657 habero
1018 1589 1090 1670 quir
1108 1606 1160 1651 re·

50 1691 153 1757 litlaaa
175 1691 336 1758 Anastaaii
352 1695 392 1757 acl
413 1691 657 1775 simplicianum
672 1693 811 1769 litterar,
825 1698 917 1756 certo
940 1691 1084 1772 ipsarum
1106 1706 1160 1753 ae-

54 1801 97 1856 taa
116 1791 316 1858 rcatitueuda
337 1803 421 1858 earet
440 1794 480 1858 atl
501 1811 621 1858 annum
641 1789 712 1864 toti.
738 1793 834 1858 aicutl
855 1793 977 1874 legitur
999 1793 1031 1854 in
1053 1790 1161 1854 Auun-

53 1895 164 1959 tatiouo
178 1894 373 1961 Collecturia
387 1895 471 1975 apud
489 1892 715 1960 Paccianaoum
729 1891 767 1957 in
781 1889 931 1958 Ballione
948 1889 1160 1957 comitiorum

53 1994 88 2058 tle
107 1995 265 2062 lnaatami
293 1995 399 2077 Papae
420 1995 582 2077 epistolica
599 2017 616 2056 a
631 1995 685 2060 Ex
705 1997 891 2072 occaaioue,
905 1992 988 2059 locat
1009 2001 1083 2075 post
1103 1993 1162 2076 sy·

54 2095 193 2160 aulicam
215 2094 388 2176 Theophili
402 2095 617 2173 alexandrini,
638 2097 699 2173 ait,
718 2096 809 2159 datar
830 2109 945 2158 cecano
959 2094 1084 2158 litterar
1105 2093 1162 2156 laa-

54 2213 102 2260 aca
121 2197 302 2279 Anartaaiip
333 2214 431 2277 quem
459 2197 499 2262 do
519 2198 768 2278 origenistarum
796 2178 1001 2260 damnatione
1020 2194 1163 2260 Alexan·

55 2295 137 2360 tiriae
155 2297 235 2364 lacit
253 2297 439 2364 certiorem.
460 2295 702 2378 simplicianum
721 2315 799 2364 aero
818 2315 903 2362 annu
916 2293 987 2366 tttl.
1008 2303 1084 2361 ante
1103 2294 1164 2362 Ju-

59 2397 139 2460 uiaaa
159 2417 303 2464 montem
322 2399 440 2465 elliam
459 2399 492 2463 ln
511 2399 596 2466 notia
616 2401 695 2466 maia
715 2400 755 2463 ad
778 2398 913 2481 Papium
938 2401 970 2464 in
990 2397 1163 2466 norissima

57 2493 197 2564 antonne
221 2500 397 2566 Annalium
414 2497 544 2576 Barouii
559 2510 621 2565 etc.
644 2500 883 2566 aemomtrnvi:
908 2521 951 2566 ex
965 2519 1033 2583 qno
1052 2517 1163 2565 conae·

58 2601 175 2678 quitur,
190 2601 318 2668 litterae
341 2603 417 2668 iataa
438 2602 479 2666 ad
499 2599 742 2683 simplicianum
763 2595 975 2670 haud'aerioa
989 2602 1009 2668 J
1013 2603 1089 2668 nnio
1108 2619 1165 2665 au·

59 2701 88 2764 ni
104 2697 171 2770 llll.
187 2703 260 2769 tari
281 2705 469 2784 potuisse.»

132 2801 211 2868 ltcm
235 2805 435 2868 tantumdem
466 2811 556 2884 patet
578 2823 621 2870 ex
642 2803 795 2888 Bononio,
817 2803 954 2868 alteram
974 2803 1015 2869 tle
1036 2802 1166 2868 Rnffiuo

63 2908 92 2964 ct
109 2901 246 2984 Origene
274 2904 314 2967 ati
339 2903 496 2970 ioannem
527 2905 850 2991 hiaroaolymitannm
878 2905 941 2983 (de
962 2923 1026 2986 qua
1048 2904 1166 2968 nomini

64 2998 246 3069 iobitatlnm
266 3005 339 3082 cati
360 3004 468 3068 iatam
491 3005 590 3070 laicae
608 3007 650 3070 ab
671 3006 840 3072 Anastasio
862 3001 1036 3074 annuitis.
1059 3013 1092 3070 et
1111 3022 1167 3069 an·
1195 2995 1203 3011 '

66 3115 103 3163 ao
122 3101 158 3166 ll.
191 3103 353 3169 Anartaaii
383 3105 530 3185 eiusdem
552 3095 783 3185 Pontificattle,
809 3116 845 3172 et
861 3111 893 3171 in
919 3125 987 3188 qno
1007 3104 1092 3188 Papa
1113 3124 1169 3172 an·

64 3219 198 3290 premam
218 3207 367 3288 caplcait
385 3207 481 3272 aliem.
515 3207 736 3284 Quamobrem
762 3219 958 3290 aequaretur
988 3209 1020 3270 in
1040 3206 1167 3272 dualaua

64 3305 198 3384 epistolia
211 3307 362 3391 Origenia
382 3325 513 3374 canaam
529 3314 745 3390 pertractasse
760 3308 978 3383 Anactorium,
994 3307 1168 3389 etquidem

64 3405 259 3474 mbatautiali
278 3409 487 3475 dircraitatcr
510 3409 555 3474 ita
570 3418 608 3474 nt
629 3429 693 3474 uua
708 3401 844 3476 alterins
864 3411 1011 3474 dirueret
1024 3425 1166 3488 aenaum;

65 3520 100 3570 ac
112 3505 271 3586 Pontifex,
286 3527 372 3590 quae
386 3516 480 3574 antra
493 3509 589 3587 dixit,
605 3518 812 3578 retractasset
826 3510 866 3578 tle
879 3513 1031 3592 Origene.
1048 3510 1083 3574 ln
1103 3510 1169 3591 pri·

66 3621 112 3670 tao
129 3625 268 3692 namque
282 3610 416 3676 decretu
435 3611 469 3674 ia
482 3611 600 3676 litteris
619 3612 661 3675 ati
682 3610 926 3694 simplicianum
942 3612 1102 3692 exposito,
1125 3609 1169 3674 Α·

67 3712 213 3778 naataaiaa
232 3711 352 3791 accipta
366 3729 595 3793 quaecumque
615 3711 764 3793 Origenia
778 3732 853 3778 cnm
874 3729 936 3778 sno
955 3712 1099 3777 Auctore
1113 3710 1171 3773 ‹la-

67 3817 164 3875 unata
183 3813 337 3893 explicito
353 3817 387 3876 et
400 3807 555 3879 absoluto
568 3812 722 3878 mourut.
746 3813 782 3879 lu
796 3814 937 3880 arcuada
954 3831 1032 3878 amn
1052 3813 1171 3894 epieto·

69 3907 96 3972 la
109 3912 201 3978 aliter
214 3915 365 3994 loquitur
379 3913 465 3994 Papa
480 3914 520 3978 tle
535 3913 686 3994 Origene,
701 3916 888 3991 cmculatia,
911 3933 996 3996 quae
1010 3922 1102 3978 autea
1114 3915 1171 3978 ob-

70 4011 195 4092 ripaaait
213 4015 246 4077 in
262 4015 366 4094 prima
380 4014 420 4077 ad
436 4011 690 4095 simplicianum.
708 4013 744 4079 ln
758 4034 837 4097 qua,
852 4017 1004 4079 nimirum
1019 4015 1058 4079 ati
1073 4014 1172 4081 loan-

71 4127 134 4206 nem
149 4115 292 4194 locutae,
304 4133 367 4180 uon
380 4114 530 4198 Origenia
544 4133 713 4196 perronam
728 4116 988 4196 damnataeque
1003 4117 1072 4182 nlla
1086 4117 1173 4199 ojua·

73 4209 136 4282 tlcm
153 4216 475 4388 acffitaffgiualia,
491 4219 776 4298 graecolatinum
792 4224 946 4284 exarata:
961 4217 1173 4390 religatum·
