3066 4950
368 517 553 599 sumptione
574 514 613 579 ad
630 513 870 594 Pontificatum,
891 517 1026 582 seorsim
1047 513 1120 580 dico
1138 532 1156 581 u
1171 515 1286 598 quovis
1306 511 1416 580 amhitn
1432 523 1456 579 ct

368 617 476 698 calepi
497 618 676 696 conamine,
698 619 804 684 siser
827 620 941 700 quasis
971 617 1191 698 usurpationis
1216 618 1400 696 suspicione.
1419 615 1456 680 ln

369 721 482 802 quiens
496 720 579 783 enim
600 739 634 784 sc
655 720 736 784 nihil
756 719 932 794 admisisse,
950 728 1008 784 aut
1030 726 1166 784 tentasse
1180 737 1238 784 nec
1252 725 1363 783 contra
1383 736 1457 803 syno-

368 822 468 899 dalia,
492 839 551 886 nec
571 830 684 886 contra
701 819 791 888 Sedis
814 822 1020 902 apostolicae
1042 824 1228 898 constituta,
1249 824 1282 884 in
1304 821 1364 887 hoo
1382 821 1457 883 hden

368 943 462 990 suam
483 923 701 988 orthodoxam
722 923 978 1005 comprehendit,
994 931 1025 988 ct
1041 923 1325 1006 praedecessorum
1345 940 1458 986 suumn

368 1025 606 1091 observantiam
637 1027 907 1091 constitutionum
935 1026 967 1089 in
996 1025 1158 1106 regiminis
1179 1024 1334 1107 pontilicii
1359 1041 1458 1088 assum

368 1125 501 1210 pliona:
524 1126 564 1190 de
585 1145 649 1208 qua
671 1127 768 1190 inira.

450 1228 582 1306 Deinde,
599 1229 736 1294 admissa
758 1229 928 1312 hypothesi
944 1229 1086 1310 potuisse
1107 1227 1285 1309 aliqnando
1300 1221 1458 1290 errareli·

368 1325 496 1412 gilium,
512 1338 545 1394 et
565 1337 773 1411 posteaquam
789 1331 925 1407 erravit,
948 1337 1128 1395 retractare
1139 1331 1172 1394 in
1186 1349 1253 1412 qno
1275 1329 1405 1406 errarit,
1418 1345 1459 1390 sc·

242 1469 247 1482 ·
370 1435 433 1496 luti
457 1433 587 1513 vulgata
609 1433 640 1496 in
662 1432 711 1496 his
732 1439 764 1496 et
777 1433 936 1497 similibus
956 1433 997 1498 de
1017 1453 1056 1498 co
1078 1451 1164 1497 nunc
1186 1434 1270 1496 tama
1294 1439 1353 1511 est;
1368 1437 1458 1494 contra

277 1611 284 1620 ⁸
366 1536 454 1598 hanc
469 1534 674 1620 hypothesim
689 1540 753 1598 stat
773 1551 906 1616 quoqne
928 1535 1064 1615 ingenua
1079 1535 1177 1615 ipsius
1196 1534 1326 1597 locutio
1345 1534 1374 1594 in
1387 1547 1458 1612 prae·

372 1634 444 1699 iotis
465 1634 581 1699 litteris
591 1654 603 1714 3
621 1633 676 1699 nbi
697 1653 803 1716 neque
824 1634 959 1713 erroris,
981 1655 1041 1701 nec
1061 1635 1134 1699 indo
1159 1633 1459 1713 resipiscentiae,ncc

371 1735 602 1800 emendationis
629 1722 756 1816 signnm
777 1735 915 1817 quodvis
936 1737 1026 1802 ullus
1058 1739 1178 1820 poterit
1198 1735 1411 1817 interpretari.
1429 1729 1460 1794 lt

370 1835 515 1917 quidem,
534 1838 560 1900 si
582 1833 720 1917 vigilius
741 1838 824 1901 asni
845 1835 1057 1904 Pontificatns
1077 1837 1214 1902 exordio
1235 1839 1267 1900 in
1290 1833 1458 1918 quibusdan

373 1937 581 2020 deliquisset3
606 1937 675 2001 sive
695 1937 872 2019 quidquam
894 1940 1023 2020 egisset,
1054 1948 1111 2005 unt
1133 1939 1263 2005 occulta
1288 1938 1459 2020 promisisset

372 2039 446 2105 fidei
461 2040 641 2105 catholicae
661 2039 830 2120 injuriosa,
846 2059 929 2123 opus
951 2043 981 2106 ei
1002 2041 1116 2106 inisset
1136 2049 1214 2108 tunc
1229 2043 1378 2121 publicae
1390 2038 1460 2102 satis·

376 2140 486 2206 iacere
499 2140 655 2223 opinioni,
672 2159 731 2205 nce
751 2141 823 2206 ideo
838 2143 960 2218 celare,
976 2161 1034 2208 nec
1054 2145 1159 2209 multo
1175 2145 1281 2207 minus
1297 2159 1407 2222 negare
1424 2157 1459 2200 re·

374 2252 478 2320 atum,
498 2243 526 2306 ai
549 2261 661 2324 reapse
682 2239 882 2325 deliquisset.
900 2243 1015 2325 quue
1036 2245 1136 2325 magis
1156 2245 1181 2308 si
1204 2243 1308 2327 hujus
1331 2239 1459 2324 epistolae

374 2346 572 2427 praecipuus
591 2343 778 2408 attendatur
797 2363 926 2427 scopus,
943 2347 998 2426 qni
1020 2345 1052 2408 in
1072 2348 1213 2427 suipsius
1232 2345 1379 2426 apologia
1392 2357 1462 2423 prae·

374 2446 470 2528 cipue
493 2452 643 2511 versatur
662 2444 819 2512 adversus
839 2463 919 2512 snae
940 2446 1146 2526 protensionis
1161 2446 1371 2511 detractores.
1392 2442 1460 2521 Quo·

374 2566 450 2612 rum
472 2549 498 2611 si
522 2565 679 2628 personne
704 2555 885 2624 cessarunt,
917 2548 1056 2612 inlausta
1089 2549 1207 2630 scripta
1232 2549 1366 2614 illorum
1394 2561 1460 2608 man·

372 2657 505 2732 serunt,
522 2651 608 2716 unde
631 2652 713 2714 tama
737 2651 883 2733 ejusdem
904 2652 1013 2715 adhue
1028 2651 1240 2715 ohtenehrota
1261 2657 1376 2714 manet
1391 2647 1460 2713 Cetr-

375 2770 450 2816 rnm
474 2753 579 2818 iamoe
600 2751 709 2834 vigilii
730 2753 875 2818 studioso
904 2753 998 2816 valde
1019 2764 1100 2834 poto
1131 2753 1358 2835 profuturnm,
1381 2765 1460 2831 quon

376 2851 523 2935 ejusdem
540 2855 666 2919 decoris
681 2855 852 2937 reparandi
867 2873 977 2930 causo,
995 2854 1032 2916 ad
1056 2855 1141 2918 hanc
1158 2855 1329 2935 epistolam
1343 2853 1459 2917 animun
1508 2909 1509 2916 ,

373 2975 471 3021 auum
493 2957 676 3023 intenderit.
706 2945 749 3021 Et
770 2957 849 3022 haec
869 2957 966 3021 modo
994 2956 1154 3021 sufficiunt
1175 2957 1215 3020 de
1243 2956 1459 3021 orthodoxam

376 3062 501 3126 sincera
522 3059 631 3142 Vigilii
652 3060 727 3140 lide,
750 3078 849 3142 qnam
871 3055 1030 3141 pes-'petuo
1051 3079 1085 3124 se
1111 3060 1251 3124 tenuisse
1270 3078 1311 3124 ec
1332 3056 1459 3123 stultes-

374 3179 410 3228 ao
431 3167 579 3227 testatur.
1508 3185 1509 3188 ¹

455 3260 491 3326 ln
512 3281 579 3344 quo
600 3281 679 3328 sero
700 3261 856 3344 culpatur
870 3259 1020 3326 Pontifex
1040 3263 1275 3340 schismaticus,
1296 3265 1461 3327 alienasse
1508 3277 1509 3308 t

375 3363 423 3429 dis
444 3366 587 3441 invasor,
609 3361 805 3429 Cathedrom
826 3370 938 3428 contra
959 3363 1154 3429 cathedram
1175 3367 1315 3446 crigens,
1347 3383 1381 3429 ac
1399 3378 1458 3426 con·

376 3479 446 3535 utos
467 3485 636 3548 superous,
658 3467 715 3549 qni
737 3485 881 3548 unquam
902 3468 933 3531 in
956 3467 1100 3533 Ecclesia
1123 3469 1270 3547 luerunt,
1294 3469 1456 3548 Antipapas,
1508 3483 1509 3520 t

373 3572 400 3636 si
416 3571 571 3652 (exceptis
587 3567 741 3634 Facundo
759 3577 791 3632 et
806 3569 969 3646 Liberato,
984 3573 1039 3652 qui
1056 3572 1119 3636 hoc
1134 3579 1294 3636 testantur
1312 3570 1459 3652 etquidem

377 3672 471 3736 raldo
492 3672 654 3753 suspecti)
683 3679 871 3736 ceterorum
896 3673 1033 3736 velimus
1054 3673 1198 3736 sincerae
1219 3673 1306 3750 fidei,
1328 3671 1459 3754 ejusden·

377 3791 442 3854 qne
464 3776 592 3852 aetatis,
615 3774 655 3838 de
675 3791 715 3838 eo
739 3772 893 3837 Pontihce
913 3773 1070 3855 quidquid
1092 3775 1249 3840 senserint
1271 3773 1458 3852 tovuttgaret
1508 3777 1509 3800 ¹

376 3876 436 3939 nisi
457 3876 657 3940 contrarium
679 3875 828 3940 ahsolnte
858 3876 1068 3940 statuendum
1089 3877 1144 3955 sit,
1172 3876 1287 3941 saltem
1307 3871 1458 3958 praeterire

376 3976 538 4041 nonlicet
559 3976 677 4041 horum
698 3975 862 4042 silentium
883 3976 924 4041 de
945 3974 1052 4058 vigilii
1073 3976 1245 4041 schismate
1266 3985 1299 4041 ct
1320 3971 1460 4041 Pontifica-

379 4083 432 4139 tos
454 4077 677 4157 usurpatione,
709 4077 758 4140 nti
779 4076 818 4140 ds
840 4077 939 4158 ipsius
961 4080 1189 4143 retractatione
1208 4076 1339 4159 puhlica
1363 4075 1459 4155 (quau

376 4176 419 4243 do
441 4176 554 4242 deinde
574 4180 737 4260 legitimus
758 4178 909 4244 Pontilcr
930 4179 1159 4259 comprobatus
1180 4179 1275 4254 esset)
1297 4192 1396 4242 coram
1414 4167 1458 4234 Et·

377 4278 475 4344 clesia
497 4279 702 4363 peragenda:
725 4297 880 4364 quaeum,
902 4281 1066 4364 prioribus
1093 4279 1269 4348 emendatis
1290 4273 1455 4348 erceuilton
