3186 4946
1195 387 1362 480 ³³2

203 487 290 560 Nolo
309 497 421 557 sutem
441 496 475 554 st
496 491 528 554 in
544 490 605 556 hoc
619 490 706 568 ioco,
723 500 760 556 ut
771 492 886 562 mellus
902 492 1033 574 prtedct
1046 485 1236 580 Hieronymi

120 594 235 659 illusio
255 595 287 656 in
308 593 387 658 sctis
408 596 603 678 apocryphis
624 595 772 672 citandis,
793 598 835 662 ob
856 615 893 666 etr
909 615 994 677 quse
1007 596 1177 678 supposuit
1194 615 1237 662 ex

119 695 273 778 origenis
293 697 428 778 epistola
443 697 483 763 ed
499 693 690 772 Fabiorum,
706 697 782 763 uolo
797 700 928 779 inquom
945 700 1135 778 praeterire,
1151 715 1237 778 quse

122 797 198 862 ideo
219 799 322 862 eidem
340 796 472 865 Ductori
494 797 613 878 objecit
634 796 782 872 Rudinus
796 799 827 868 iu
842 797 939 872 Libro
955 799 979 862 i.
1003 798 1237 866 invectivarum

122 917 154 961 n.
174 895 228 972 dl.
252 901 307 964 ubi
328 900 493 980 disputans
513 899 602 982 quod
622 919 714 968 sunm
737 918 813 980 ergo
835 899 1009 981 Origenem
1039 899 1238 973 emendasset

122 1003 308 1082 opinionem
324 999 541 1087 Hieronymus
561 1004 774 1083 (poenitentia
790 1002 906 1076 ductus
922 1021 956 1068 sc
971 1011 1062 1072 enies
1079 1020 1154 1074 eum
1169 1002 1240 1067 isu-

122 1102 218 1166 dnsse
246 1122 288 1166 ex
318 1103 483 1184 prasiane
508 1104 663 1184 epistolae
686 1103 792 1170 rcrltls
813 1102 853 1167 nd
878 1101 996 1183 Pupam
1023 1103 1063 1171 do
1090 1101 1237 1180 origenis

123 1205 345 1285 resipiscentia
366 1206 408 1274 ob
427 1225 463 1270 ce
486 1225 570 1286 quse
591 1207 740 1285 scripsit)
763 1205 822 1286 ipsi
841 1201 1040 1289 Hieronymo
1055 1201 1239 1284 praecludit

123 1305 277 1372 Rudinus
293 1309 376 1374 viem
392 1309 561 1375 invehendi
576 1310 607 1378 iu
623 1305 795 1388 Origsuern
816 1314 968 1388 tunquam
991 1307 1190 1378 hoereticum
1207 1315 1239 1371 et

119 1408 311 1472 damnatum
326 1430 335 1474 r
353 1408 430 1476 «st
455 1411 607 1476 ultimum
632 1410 756 1478 etiamsi
783 1411 861 1475 nnec
887 1411 929 1476 its
945 1428 1008 1478 uon
1028 1418 1150 1483 essent,
1170 1408 1237 1486 iuss

125 1519 234 1574 umen
257 1512 313 1574 tibi
334 1513 429 1576 etiem
452 1521 523 1592 post
550 1513 795 1592 poenitentiam,
818 1531 945 1579 omnem
975 1513 1099 1579 editum
1130 1513 1240 1580 venien

123 1613 342 1692 praeclusisti.
363 1613 419 1680 liis
440 1615 525 1681 enim
545 1616 649 1693 ipsum
671 1611 843 1693 Oripeuem
867 1634 927 1695 pru
952 1615 1000 1680 hls
1021 1616 1113 1680 dictis
1136 1619 1242 1694 poeni·

127 1713 249 1787 tuisse,
272 1715 384 1779 iibciio
406 1717 619 1794 poenitentioe
640 1716 681 1780 nd
700 1713 881 1803 Fsbisnnm
904 1727 980 1781 tune
1001 1718 1091 1780 urhis
1118 1716 1241 1782 Romae

123 1816 314 1895 episcopum
336 1816 430 1878 dutus
454 1824 488 1880 ct
509 1825 615 1880 temen
637 1824 708 1896 post
721 1818 963 1897 poenitentium,
981 1828 1050 1897 post
1067 1825 1194 1882 centum
1212 1827 1244 1879 et

123 1918 360 1998 quinquaginta
382 1935 479 1980 nouos
502 1919 614 1981 mortis
628 1927 706 1982 snos
720 1920 754 1980 iti
765 1919 819 2000 jus
834 1939 910 1982 unm
927 1921 1039 1995 irritis,
1055 1929 1087 1982 et
1102 1919 1140 1982 nd
1157 1918 1245 1984 detn-

123 2021 289 2082 ontioncm
313 2035 418 2084 rocus.
445 2018 618 2094 Quomodo
639 2038 717 2098 crgo
739 2029 799 2099 pro
822 2020 869 2082 his
891 2022 982 2084 dictis
1006 2022 1061 2084 tihi
1084 2020 1174 2083 venio
1191 2020 1245 2086 ts·

124 2121 221 2184 bitur
241 2121 438 2198 poenitenti,
459 2123 485 2182 si
508 2120 588 2194 iiie,
611 2123 666 2202 qui
688 2130 761 2184 unte
785 2129 815 2182 te
838 2141 896 2204 pro
920 2123 967 2186 his
990 2122 1168 2202 poenituit,
1193 2139 1245 2184 vc·

124 2221 215 2284 uiam
237 2237 299 2284 uon
321 2219 496 2286 meretur?
516 2221 673 2286 Similiter
702 2234 738 2286 ut
759 2223 938 2302 scripsisti,
959 2223 1108 2300 scripsit:
1135 2219 1247 2287 simili·

127 2333 180 2386 ter
204 2330 240 2385 ut
262 2321 459 2401 poenituisti,
483 2326 682 2402 poenituit.»
708 2322 938 2388 Verumtamen
953 2324 1108 2403 Origenes
1123 2341 1182 2386 neu
1196 2340 1247 2386 er·

126 2424 238 2500 rosit,
262 2441 319 2485 nec
340 2442 374 2486 se
397 2425 576 2504 poenituit,
599 2444 657 2489 nec
684 2427 756 2490 ideo
779 2426 923 2491 Pontifici
945 2436 1052 2490 erreis
1080 2425 1246 2490 confessus

127 2532 192 2601 est,
216 2531 254 2586 ut
274 2523 315 2584 cb
336 2523 456 2584 eisdem
479 2522 717 2589 absolveretur.

212 2623 260 2687 ile
280 2623 411 2703 reliquo
434 2622 473 2688 de
494 2623 555 2688 hnc
575 2633 782 2706 praesumpta
804 2624 953 2708 Origenis
969 2625 1163 2706 poenitentis
1178 2639 1250 2702 per·

129 2732 274 2804 regetur
302 2724 433 2803 quidem
463 2724 594 2788 libellus
615 2727 716 2790 lstiuo
745 2744 894 2790 sermone
922 2728 984 2792 snb
1014 2727 1110 2790 titulo
1141 2719 1250 2801 Orige-

127 2825 184 2888 ste
206 2825 400 2900 lomentum,
423 2826 455 2887 iu
476 2843 544 2905 qun
566 2827 693 2892 ductor
714 2829 927 2908 perditionem
947 2845 1040 2891 soem
1061 2829 1162 2906 luget.
1189 2824 1250 2889 ilic

131 2927 278 2988 insertus
301 2925 465 3003 reperitur
479 2926 592 3004 priscis
613 2926 761 3007 origenis
777 2929 971 2994 editionibus
992 2930 1024 2990 in
1037 2927 1099 2990 line
1120 2925 1252 2990 Periur-
1376 2993 1378 3014 ,

129 3026 225 3090 odon.
252 3024 404 3090 Attamen
426 3027 601 3090 universim
627 3030 673 3093 uti
693 3030 825 3108 spurius
846 3039 877 3092 et
898 3029 1123 3109 supposititius
1143 3028 1251 3090 existi·

129 3136 258 3202 matur,
280 3144 463 3207 eorumque
484 3135 703 3192 commentum
723 3139 835 3194 contre
857 3130 1030 3211 Origenem
1052 3138 1085 3193 et
1104 3126 1253 3207 Origeni-

128 3237 200 3291 stas
215 3228 463 3291 decertantium.
481 3227 523 3291 Et
535 3231 587 3308 ita
609 3229 728 3308 legitur
749 3230 780 3293 in
809 3230 941 3294 decreto
956 3227 1075 3297 Gelssil
1093 3227 1197 3306 Pupse
1212 3227 1251 3292 de

131 3325 242 3392 Libris
259 3327 481 3413 Apocrgplrisr
500 3327 603 3404 tite,
617 3325 674 3408 qni
690 3331 871 3410 appellatur
881 3327 1076 3407 poenitentis
1093 3323 1250 3406 Origenes.

132 3427 292 3510 Quisquis
314 3447 429 3494 revers
461 3431 547 3494 hune
569 3441 742 3514 percurret
761 3431 933 3508 libellum,
969 3431 1113 3510 undique
1134 3431 1252 3494 celanti

132 3530 286 3611 ignobilis
308 3531 458 3611 probabit
478 3551 561 3611 opus
571 3553 584 3610 5
603 3535 793 3612 praesertim
815 3535 858 3597 ob
878 3534 1078 3612 antilogium,
1101 3531 1132 3592 in
1153 3547 1250 3608 quem

132 3631 270 3696 offendit
290 3641 429 3712 suctor3
452 3632 531 3696 elius
553 3631 661 3698 dicens
682 3651 716 3698 se
738 3633 874 3696 inritum
897 3649 1043 3709 errasse3
1066 3638 1098 3698 el
1118 3628 1197 3694 eiius
1217 3645 1252 3690 se

131 3733 247 3814 poenis
266 3733 406 3796 oeternis
427 3733 614 3798 demnatum
629 3753 637 3794 ε
655 3729 849 3808 «Tanusii,
874 3734 990 3811 inquit,
1010 3728 1157 3804 Domine,
1175 3731 1253 3808 quin

131 3835 259 3897 inritus
273 3833 387 3911 cecidi3
406 3832 516 3898 rolens
527 3831 608 3896 nlius
623 3831 821 3907 illuminare,
839 3849 890 3894 mc
905 3835 1009 3912 ipsum
1022 3829 1205 3892 obscuravi.
1219 3873 1227 3890 .
1242 3873 1250 3889 .

133 3933 166 3998 Ο
188 3933 318 3997 diabole
340 3935 415 4015 quid
439 3935 541 3998 iecisti
563 3935 661 3999 mihis
684 3935 848 4016 quomodo
872 3933 1051 3997 vulnerasti
1074 3927 1174 3996 me‘l.
1194 3973 1202 3994 .
1219 3973 1251 3990 ..

135 4031 285 4114 Pisogite
299 4053 363 4112 me,
386 4038 462 4117 quie
478 4036 588 4116 poenis
609 4039 747 4100 oeternis
773 4036 1005 4100 condemnatus
1026 4051 1111 4098 sum.
1131 4028 1256 4094 Vereor

130 4135 250 4216 iudicii
269 4135 377 4214 diem,
409 4139 486 4219 quio
507 4139 539 4202 in
561 4154 662 4218 poeno
684 4146 812 4202 esterno
836 4137 1006 4202 demontus
1025 4151 1110 4206 snm.
1143 4129 1255 4196 Timeo

266 4335 325 4402 Vni.
348 4335 414 4400 111.
1091 4337 1112 4403 3
