3028 4942
64 513 157 568 tetum
177 503 349 570 irrodieret
363 503 478 580 erdem,
498 521 597 584 esque
617 505 659 567 od
675 497 851 568 nomem
866 499 1051 586 Pontificem
1071 501 1173 585 ipsius

66 608 203 685 qoeder
219 613 415 686 perecount.
434 606 512 672 item
535 607 739 674 innocentius
759 606 846 685 Papa
862 607 948 669 circa
962 621 1082 669 annum
1096 603 1167 676 itt.

66 709 94 769 ιι
113 709 245 788 epistola
267 710 305 770 ed
321 729 346 770 s.
362 707 612 791 Hieronymum,
630 707 788 771 loannem
806 714 900 769 vocat
913 703 1091 786 episcopum
1102 707 1172 786 frc-

68 821 137 870 trem
155 829 266 872 mecm
301 811 341 872 lit
363 827 422 890 per
442 811 539 874 telem
567 809 838 889 nuncupationem
868 805 941 886 quis
970 808 1171 872 haereticum

68 916 217 989 reputarit
239 910 427 975 loannem?

137 1009 275 1090 insuper
304 1013 507 1092 praemissis,
529 1017 562 1072 ei
583 1011 785 1089 potissimum
808 1012 911 1074 relate
938 1009 977 1072 ed
1000 1009 1172 1090 Augustini

68 1111 155 1172 rerba
175 1111 215 1174 de
237 1114 399 1175 catholico
427 1111 559 1175 loannis
581 1113 679 1189 ipsius
700 1129 808 1188 seusu,
835 1113 1054 1191 superaddere
1076 1111 1171 1192 juvat

67 1229 141 1290 quae
162 1209 312 1278 liulilnus
331 1213 443 1276 scribit
457 1215 490 1276 iu
514 1212 655 1292 Prologu
677 1212 878 1292 Apologctiei
893 1231 919 1275 s.
937 1211 1096 1291 Pamphili
1113 1231 1172 1291 pro

69 1309 218 1393 Origene,
243 1324 308 1376 tam
329 1314 361 1375 iu
380 1313 432 1375 sui
452 1331 550 1392 quam
573 1311 717 1394 ejusdem
743 1311 1019 1396 hierosolymitani
1042 1309 1172 1390 Episco-

68 1415 94 1492 pi
111 1433 226 1478 ceusu:
258 1415 314 1477 ιιι
336 1415 448 1477 ιιιιιιι
471 1413 544 1476 iidei
566 1413 767 1494 professione
788 1413 828 1476 de
849 1413 1045 1476 divinissimo
1066 1407 1172 1475 Trici·

71 1519 132 1579 tntis
152 1517 330 1600 mysterio,
352 1515 392 1578 de
414 1517 653 1580 resurreetione
677 1525 709 1578 et
731 1516 771 1578 de
792 1516 908 1580 ceteris
926 1515 1022 1597 juxta
1044 1523 1173 1595 aposto·

69 1616 120 1677 lice
141 1618 311 1692 instituta,
339 1618 382 1678 ιιι
404 1615 589 1680 concludit:
607 1635 624 1676 e
640 1615 728 1680 llaec
749 1617 781 1679 in
802 1613 1038 1701 Hierosolymis
1060 1617 1089 1677 in
1113 1613 1174 1678 Ee·

69 1716 153 1780 clesie
176 1713 236 1780 Dei
251 1735 270 1779 a
284 1724 395 1780 sancto
415 1717 584 1780 secerdote
599 1715 669 1796 ejus
683 1716 810 1780 Joaune
827 1716 1077 1795 praedicantur:
1094 1717 1174 1779 heeo

70 1835 118 1880 nos
135 1819 297 1897 cumipse
317 1826 350 1880 et
363 1818 500 1882 dicimus
520 1827 552 1880 et
566 1827 722 1881 tenemus.
745 1815 852 1897 Siquis
869 1811 999 1896 praeter
1018 1817 1100 1878 haec
1117 1815 1169 1877 rel

69 1920 171 1994 credit,
189 1920 243 1984 rel
258 1919 374 1993 docet,
393 1919 444 1982 ιιι
459 1936 477 1980 e
496 1919 587 1981 uehis
602 1917 698 1980 aliter
711 1917 813 1993 credi,
829 1933 928 1996 quam
950 1916 1173 1996 exposuimus,

71 2027 163 2096 petet,
184 2019 355 2081 anathema
376 2020 427 2081 sit.
452 2016 591 2082 Nostrae
610 2034 689 2097 erge
709 2016 783 2082 fidei
805 2017 1049 2091 documentum,
1070 2017 1171 2095 siquis

72 2117 178 2184 hahere
201 2121 286 2196 vult,
309 2120 426 2182 haheat
446 2138 487 2182 ex
510 2121 569 2182 his.
594 2118 706 2198 Siquid
727 2125 837 2182 sutem
858 2126 917 2184 eut
936 2119 1094 2197 legimus,
1116 2124 1176 2180 ani

72 2216 158 2298 huius
177 2229 311 2284 nostrae
337 2219 412 2282 iidei
433 2218 569 2282 lecimus
590 2219 737 2292 ratione,
770 2217 959 2282 secuudum
979 2216 1173 2297 Apostolum

71 2317 233 2395 prebentes
254 2321 382 2394 omnia,
404 2319 491 2399 qued
514 2319 634 2382 honum
655 2325 704 2382 est
723 2318 913 2394 obtinentes,
936 2317 977 2380 ab
997 2319 1084 2380 omui
1103 2333 1176 2395 spe·

72 2417 113 2479 eie
132 2421 215 2482 male
236 2439 294 2484 uos
315 2421 529 2483 abstinentese
546 2432 580 2483 et
599 2420 683 2498 siqui
700 2420 782 2482 haue
804 2419 951 2498 regulam
971 2426 1171 2497 sequuntur,

74 2539 129 2598 pax
148 2539 247 2602 super
268 2521 343 2585 illos
363 2532 397 2585 et
416 2538 516 2602 super
538 2521 638 2583 lsrael
655 2518 723 2583 liet.
747 2518 860 2582 Amce.
878 2538 895 2576 ι
913 2515 954 2580 ιιι
976 2519 1056 2581 ιιιι
1070 2515 1176 2580 liutt-

74 2635 126 2686 ιιι
138 2639 211 2685 eum
225 2622 351 2686 Joauue
365 2631 397 2686 et
411 2639 471 2702 pro
482 2620 606 2684 loauue
621 2621 763 2683 scribens
778 2619 817 2681 ed
830 2615 1048 2691 Mecherium,
1065 2634 1104 2679 ac
1118 2631 1177 2695 per

73 2739 139 2784 eum
155 2723 195 2784 ed
212 2725 394 2786 universam
410 2721 601 2802 Ecclesiam,
619 2723 797 2786 obtestatus
817 2729 867 2783 est
881 2721 923 2782 ιι
944 2719 1034 2781 illem
1048 2718 1175 2780 labulo·

74 2839 134 2883 sem
154 2824 338 2903 rapsodiam
360 2825 440 2884 varii
462 2823 587 2900 generis
608 2822 906 2902 blasphemiarum
931 2837 1013 2900 ques
1035 2816 1176 2898 Epipha·

75 2924 139 2986 nius
158 2935 190 2986 et
209 2922 427 3008 llierouymus
449 2923 635 2998 inconsulti,
652 2939 689 2987 ιι
704 2922 866 2985 calamum
889 2920 1136 2982 iraudulentum
1153 2919 1178 2977 i·

30 3065 39 3076 -
75 3031 247 3101 querentes,
270 3022 402 3104 Origeni
423 3027 648 3104 imposuerunt
659 3044 670 3102 3
686 3032 718 3086 ιι
738 3039 880 3101 quarum
896 3030 1063 3085 consortes
1084 3036 1178 3100 prae·

76 3123 149 3188 tates
171 3134 297 3190 sanctos
323 3126 409 3188 viros
431 3124 528 3189 inisse
548 3133 718 3203 putarunt.

149 3223 224 3289 ideo
258 3226 305 3288 his
332 3227 488 3288 steutiltue
516 3243 575 3305 pro
600 3223 732 3287 loeuuis
758 3224 952 3288 orthodoxia
977 3220 1178 3301 amplissimis

77 3328 276 3404 argumentis,
294 3327 386 3389 nohis
402 3325 504 3389 ieeilis
521 3328 663 3388 recurrit
679 3327 913 3406 interpretatio,
929 3338 1177 3402 congruumque

76 3424 222 3502 iudicium
244 3428 332 3490 circa
356 3427 538 3505 epistolam,
555 3443 653 3504 qnam
674 3426 938 3490 adversus-hunc
953 3423 1081 3503 scripsit
1102 3419 1179 3483 llie·

80 3534 222 3602 rouymus
242 3520 282 3582 etl
305 3517 521 3600 Theophilum
544 3519 803 3582 alexandrinum.
823 3517 857 3579 ln
879 3519 939 3580 ιιι
960 3517 1044 3579 enim
1059 3515 1177 3592 liquet,

80 3613 305 3703 llierouymum
326 3622 548 3700 quaestionem
561 3620 778 3699 origenianam
801 3619 994 3698 pertingere,
1015 3617 1046 3678 iu
1062 3635 1126 3696 que
1142 3633 1180 3678 u·
1248 3617 1259 3638 ¹

80 3735 134 3781 nus
154 3722 191 3783 ιι
209 3723 314 3786 altero
329 3722 545 3784 dissentiebat.
560 3719 650 3784 Unus
676 3721 758 3783 idest
774 3719 994 3800 llieroeymus
1015 3718 1046 3778 iu
1067 3715 1181 3795 Orige-

81 3833 146 3880 uem
167 3828 196 3882 et
216 3821 390 3884 monachos
412 3819 510 3900 hujus
534 3827 685 3898 patronus
708 3821 876 3901 pugnabat¹
894 3825 1046 3896 tunquam
1066 3817 1179 3878 heere·

82 3915 165 3980 ticos.
184 3921 276 3984 Alter
296 3921 378 3983 idest
398 3919 540 3983 loannes
561 3938 621 3999 pro
641 3919 789 3998 Origeuis
811 3929 844 3982 et
864 3919 1096 3981 monachorum
1118 3917 1181 3978 sin·

84 4033 153 4080 cera
167 4020 223 4086 lide
236 4031 335 4098 staus,
360 4023 440 4085 haue
456 4023 624 4085 haereseos
646 4029 753 4084 notam
770 4021 811 4083 ιι
834 4022 883 4084 ιιι
901 4037 1054 4082 amovere
1074 4018 1182 4080 stude·

85 4115 144 4179 ιιι.
164 4117 315 4201 Superius
337 4128 374 4184 ut
395 4123 546 4196 vidimus,
567 4118 783 4204 {lieronymus
805 4138 862 4201 per
881 4118 1016 4183 Librum
1040 4119 1091 4180 rel
1106 4115 1180 4194 Epi·

86 4217 189 4284 stolam
209 4224 334 4288 incusat
354 4222 510 4297 loannem
529 4223 621 4303 quasi
642 4221 790 4302 Origenis
812 4240 874 4285 ιιι
897 4229 1020 4285 tautum
1036 4219 1181 4281 deienso·
