3186 4946
341 384 383 454 etl

345 494 439 557 modo
470 492 625 573 leguntur
646 495 677 556 ln
707 492 855 557 Edittone
877 489 1027 556 Vultarsit
1059 486 1204 556 Veronae
1222 494 1286 552 etc.
1317 485 1364 550 Oe
1385 505 1456 569 qno
1590 505 1591 512 ι

345 593 480 657 tortasse
501 595 577 657 alibi
600 595 827 675 disputandum
849 596 922 658 erit.
946 595 1166 672 Quamobrem
1188 613 1230 657 cx
1251 597 1373 658 cunctis
1395 593 1454 655 ad·

347 696 411 758 buc
432 697 598 776 expositis,
621 697 697 759 mibi
722 697 851 761 videtur
871 697 959 772 satis,
982 703 1019 760 ut
1039 699 1113 777 quis
1133 697 1191 759 sibi
1214 695 1370 771 suadeat,
1392 713 1456 758 uec

343 795 516 875 Origenem
540 798 638 860 tuisse
669 799 1014 860 anathematizaturus
1045 797 1163 862 Senatu
1192 795 1363 876 Humano3
1396 815 1458 860 nec

344 894 577 982 Hieronymum
601 900 675 962 talia
698 900 795 964 Clero
817 907 847 963 ct
871 899 1015 962 Pontifici
1040 899 1185 964 Romano
1206 899 1355 963 indecora
1376 899 1458 962 scri·

344 997 420 1061 bere
442 1003 594 1078 potuisse.

424 1097 480 1164 His
501 1105 621 1166 exactis
644 1104 682 1166 de
704 1102 892 1189 Hieronymi
914 1102 1069 1184 epistolae
1092 1102 1259 1165 tetsanone
1279 1103 1364 1165 circu
1388 1099 1456 1164 Ho-

345 1218 457 1264 manac
480 1200 643 1266 Ecclesiae
665 1206 831 1268 decretum
854 1206 1010 1268 adversus
1025 1190 1211 1284 Origemm,
1229 1204 1266 1264 ad
1284 1202 1363 1265 illud
1381 1219 1457 1282 per·

344 1301 483 1379 gendum
505 1313 563 1377 est,
587 1305 674 1382 quod
701 1305 767 1384 ipse
790 1303 912 1367 Ductor
931 1305 1083 1383 exposuit
1099 1305 1138 1366 da
1152 1302 1300 1382 Origenis
1316 1303 1457 1380 epistola
1591 1343 1592 1350 ι

342 1401 382 1462 ad
406 1399 582 1466 Fabianum
609 1403 738 1485 Papam.
764 1404 798 1467 lo
819 1423 884 1485 qun
905 1405 1052 1485 quamvis
1075 1403 1234 1468 Eusebius
1250 1413 1282 1467 et
1298 1402 1459 1484 Hierony·

346 1521 418 1566 mus
439 1507 641 1580 conveniant,
658 1506 697 1568 de
713 1505 774 1568 fide
794 1525 853 1570 sna
874 1506 1038 1586 scripsisse
1063 1505 1235 1584 Origenem
1257 1504 1296 1566 ad
1326 1503 1458 1567 l’outiti·

345 1621 429 1678 cem,
452 1605 550 1687 buius
574 1614 678 1668 tamen
699 1625 828 1671 sensum
852 1607 1016 1670 varimnde
1040 1609 1190 1670 tradunt:
1213 1605 1294 1668 aden
1317 1615 1353 1670 ut
1374 1624 1457 1679 nos,

348 1725 422 1770 cum
446 1708 615 1787 bucusque
639 1710 736 1771 totius
758 1709 914 1786 epistolae
930 1709 1133 1772 desideretur
1146 1718 1250 1784 tenor,
1267 1711 1298 1769 ia
1312 1707 1457 1788 quadam

348 1810 574 1876 incertitudine
598 1827 775 1872 versemur.
800 1807 1019 1885 Quamobrem
1042 1811 1173 1874 aliunde
1194 1811 1311 1874 barum
1333 1809 1461 1873 littera·

344 1932 417 1978 rnm
441 1921 567 1993 tempus
587 1910 809 1991 quaerendum
831 1921 878 1973 est
900 1915 1001 1992 prius,
1028 1931 1066 1976 ac
1094 1913 1167 1974 dein
1188 1930 1306 1976 causae
1326 1911 1459 1972 investi·

343 2015 476 2096 gandae,
499 2033 561 2077 cur
580 2015 623 2076 ita
645 2016 809 2094 scripserit
829 2014 985 2093 Origenes
1006 2015 1045 2077 ad
1069 2013 1257 2077 Fabianum.

421 2115 493 2180 Non
517 2115 650 2178 videbor
670 2115 820 2178 illusione
841 2124 976 2196 captus,
998 2119 1023 2178 sl
1051 2116 1111 2178 nae
1138 2115 1265 2177 litterae
1294 2113 1457 2177 occasioni

343 2218 597 2290 committantur,
619 2216 749 2294 quaudo
770 2216 937 2295 Origenes,
961 2226 998 2280 ut
1018 2234 1123 2294 nuper
1146 2215 1281 2290 ostendi,
1305 2215 1457 2278 nOeme·

344 2317 426 2392 trio,
450 2317 612 2379 nonnullis
633 2335 707 2378 cum
729 2335 768 2376 eo
793 2317 950 2395 episcopia
971 2324 1004 2378 et
1025 2318 1220 2398 presbyteris
1243 2317 1274 2376 in
1295 2316 1457 2398 synodum

343 2418 503 2492 adunatis,
527 2418 826 2480 excommunicatus
849 2418 921 2494 tuit,
944 2424 976 2479 et
997 2417 1038 2479 ab
1059 2418 1206 2500 Aegypto
1230 2417 1453 2492 luccensem,

344 2519 408 2581 alio
430 2520 472 2582 ob
491 2517 649 2599 quaedam
672 2518 883 2581 ecclesiarum
903 2520 1026 2599 negotia
1046 2529 1191 2592 vocatus,
1207 2527 1237 2580 et
1254 2519 1295 2579 ab
1309 2519 1377 2597 ipso
1395 2516 1461 2582 Oe·

292 2631 298 2641 ·
343 2621 458 2685 metrio
483 2619 609 2683 Litteris
632 2617 791 2682 Formatis
804 2623 872 2683 sive
886 2619 1159 2686 commendaticiis
1174 2621 1345 2694 adauctus,
1362 2620 1454 2684 utde

211 2799 218 2814 ·
344 2742 383 2786 eo
405 2722 481 2784 dicit
504 2720 720 2807 Hieronymus
740 2723 772 2783 in
789 2720 884 2784 Libro
902 2719 945 2784 Dc
966 2719 1046 2786 Viris
1066 2720 1265 2795 illustrabam
1287 2723 1346 2784 etsi
1367 2721 1458 2784 dein·

344 2824 383 2886 de
404 2825 452 2887 uti
473 2824 552 2886 exul
574 2825 709 2900 mansit,
733 2822 1024 2886 insimulationibus
1046 2825 1202 2888 adversus
1232 2843 1309 2888 aum
1331 2824 1459 2888 calum·

343 2925 439 2988 niosis
460 2925 659 3000 adinventis,
682 2942 766 3005 quae
787 2942 957 3004 personam
979 2933 1010 2988 et
1035 2925 1133 3005 ipsius
1163 2927 1325 2989 violabant
1346 2924 1456 2988 fldem.

343 3026 412 3092 Nec
435 3028 531 3090 aliter
555 3028 684 3107 quidem
711 3027 981 3106 praesumendum
1002 3037 1061 3090 est.
1089 3025 1223 3090 Frustra
1251 3029 1333 3090 enim
1357 3028 1456 3090 babe-

344 3139 420 3202 tur,
443 3129 638 3191 accusationi
662 3127 878 3207 respondere,
901 3129 959 3190 nisi
980 3135 1153 3192 accusator
1178 3129 1371 3209 praecedat:
1395 3147 1458 3194 nec

344 3233 418 3292 item
442 3230 532 3304 ullas,
556 3232 614 3292 nisi
637 3231 698 3293 boc
721 3241 865 3310 tempore
887 3231 918 3293 in
942 3231 1023 3295 banc
1044 3232 1263 3294 necessitatem
1293 3249 1353 3311 per
1378 3249 1457 3294 suos

343 3330 489 3394 aemulos
510 3331 643 3394 adactus
665 3339 712 3394 est
733 3331 901 3410 Origenes,
927 3332 1021 3394 talem
1041 3333 1205 3396 emittendi
1221 3330 1294 3395 fidei
1309 3331 1459 3395 cbristia-
1539 3413 1545 3422 .

343 3449 402 3493 nae
425 3432 655 3511 protensionem
676 3449 787 3494 coram
812 3429 958 3495 Humano
983 3431 1155 3507 Pontibus,
1186 3434 1368 3513 ceterisque
1389 3436 1459 3511 ept-

343 3535 469 3613 scopis;
492 3533 622 3612 quaudo
642 3533 764 3595 scilicet
785 3532 940 3596 Demetrii
965 3534 1198 3618 etpresbyteri
1226 3536 1294 3596 sive
1319 3533 1458 3600 Senatus

340 3635 541 3698 alexandrini
562 3634 728 3698 decretum
750 3637 781 3697 in
803 3634 950 3714 Origenis
971 3635 1174 3698 damnatione
1204 3643 1306 3698 totum
1339 3651 1457 3714 perva-

342 3736 437 3798 debat
458 3735 569 3799 orbem
595 3735 816 3798 christianum.
850 3731 991 3818 ldeoquc
1012 3738 1053 3798 ab
1079 3737 1127 3799 bis
1153 3737 1401 3800 circumstantiis
1422 3745 1458 3798 et

341 3836 382 3898 ab
404 3837 462 3899 hac
483 3844 588 3898 aetate
606 3837 743 3911 videtur,
763 3845 800 3900 ut
814 3837 894 3914 dixi,
913 3855 975 3899 non
991 3855 1059 3900 asse
1074 3836 1289 3900 amovendum
1305 3833 1456 3916 Origenis

343 3936 511 3999 consilium
536 3938 617 3998 banc
638 3936 796 3999 scribendi
820 3938 859 3999 ad
883 3935 1060 3999 Fabianum
1076 3935 1196 4016 Papam
1211 3937 1400 4016 epistolam:
1419 3946 1460 4001 nt

343 4036 416 4100 inda
440 4038 487 4098 nia
510 4038 600 4100 nobis
622 4038 817 4117 praebeatur
837 4036 982 4119 ejusdem
1000 4036 1164 4117 aperiendi
1179 4055 1321 4112 sensum,
1340 4036 1457 4100 tollen·

342 4137 440 4218 dique
466 4139 563 4203 simul
593 4138 826 4202 obscuritatem
856 4147 888 4201 ct
909 4138 1154 4219 discrepantiam
1183 4138 1392 4217 expositionis
1412 4136 1457 4199 de

342 4237 379 4303 'oa
401 4241 442 4302 ab
464 4247 605 4321 utroque
626 4242 832 4305 concinnatae
855 4237 994 4306 Eusebio
1015 4248 1049 4304 et
1070 4238 1277 4324 Hieronymo.
