3028 4942
1114 395 1174 466 10³

517 493 655 562 catut
677 493 714 560 X.

69 691 192 758 diotone
211 691 439 774 disquirantur
458 695 696 762 contestationes
725 694 910 776 Hieronymi
929 715 999 761 com
1020 696 1164 779 Ruffiao:

104 794 175 858 item
196 794 373 876 Epiplooii
392 804 420 858 et
446 795 620 878 hieronymi
638 817 710 862 cum
728 795 850 860 Joonme
870 796 1167 877 Hierosolymam,

103 897 237 978 inspecto
254 897 422 978 praecipue
441 901 594 966 aduersas
607 901 691 964 itane
709 897 861 966 Ioannem
877 899 1065 980 Hieronymi
1074 901 1168 966 liora

105 999 138 1062 de
156 999 316 1064 moretm
338 997 497 1084 Oripem's.

73 1143 140 1266 Ex
153 1203 422 1282 praecedentibus
437 1203 585 1284 probato,
601 1204 642 1267 ab
655 1204 838 1285 impietatis,
854 1204 1081 1286 blasphemiae,
1094 1207 1170 1272 lrae·

75 1305 207 1385 rasisque
229 1313 307 1368 nota
330 1305 523 1368 vindicatum
545 1306 642 1370 luisse
667 1305 839 1386 Origenem
861 1305 900 1368 ab
923 1305 1087 1370 Ecclesiae
1110 1307 1169 1370 Pa·

76 1407 166 1468 tribus
187 1426 232 1468 ax
254 1406 398 1488 ejusdem
420 1425 501 1470 aevo
523 1407 686 1488 usquead
708 1407 809 1472 seculi
832 1404 886 1469 tv.
910 1405 1022 1484 finem,
1043 1409 1170 1474 initiunt

75 1509 247 1586 quaeritur,
272 1509 435 1589 quomodo
450 1519 482 1572 et
503 1511 587 1573 unde
608 1509 793 1590 hujusmodi
808 1517 920 1572 contre
940 1526 1015 1574 enm
1032 1511 1170 1592 eiusque

77 1610 179 1688 scripta
205 1612 408 1674 instauratae
428 1612 489 1676 sint
503 1614 733 1686 accusationes,
750 1629 912 1690 suumque
933 1629 1046 1676 nomen
1068 1614 1108 1676 sit
1126 1632 1169 1678 ex

80 1709 138 1772 albo
155 1723 346 1776 sanctorum
370 1711 503 1777 Petrum
527 1715 651 1794 penitus
676 1713 839 1788 deletum,
863 1722 896 1778 et
928 1715 1058 1796 quidem
1081 1733 1169 1778 sum·

79 1829 118 1872 ma
136 1832 173 1876 ae
194 1816 318 1894 patenti
339 1813 491 1880 Auctoris
513 1815 642 1898 injurie,
665 1823 844 1892 eteorum,
869 1816 924 1895 qui
946 1816 1044 1897 ipsius
1062 1824 1168 1898 partes

75 1925 287 1994 susceperunt.
644 1911 651 1924 '

143 2014 279 2080 luterim
300 2019 340 2080 ab
362 2019 459 2102 hujus
480 2020 591 2100 capitio
612 2019 746 2084 exordio
768 2025 968 2100 repetantur,
984 2037 1066 2099 quae
1087 2019 1167 2084 alias

76 2117 286 2194 praediximus
303 2139 345 2184 ex
358 2139 383 2183 s.
401 2120 558 2200 Pamphili
575 2121 731 2200 Apologia
741 2141 753 2200 3
774 2123 804 2183 iu
819 2140 882 2202 qua
898 2121 1044 2202 (trigenis
1060 2122 1169 2198 fidem,

74 2219 249 2296 seientiam,
273 2221 422 2300 pietatem
447 2231 636 2303 ceterasque
658 2223 801 2286 excelsas
828 2225 923 2286 animi
946 2223 1035 2286 dotes
1056 2232 1169 2288 eontra

75 2337 141 2384 suos
160 2322 361 2386 detractores
375 2325 512 2388 extollit.
530 2324 568 2387 Et
589 2325 752 2404 speciatim
776 2326 940 2405 sequentia
957 2325 1047 2388 nobis
1067 2326 1171 2388 adsint

77 2422 166 2500 ipsius
185 2445 211 2488 s.
230 2425 386 2509 Martyris
399 2425 482 2489 dicta
497 2426 670 2490 admodum
692 2434 820 2490 nostrae
840 2428 1051 2507 disquisitioni
1074 2435 1167 2506 apta3

78 2523 124 2585 obi
144 2534 315 2606 postquam
337 2525 496 2605 praelatas
512 2523 664 2588 Auctoris
687 2528 823 2590 virtutes
843 2529 1018 2600 enarravit,
1039 2527 1166 2590 subdit:

78 2623 193 2701 «Quae
207 2630 232 2689 si
248 2629 352 2690 omnia
369 2628 406 2688 ad
426 2627 637 2690 revocandam
658 2627 814 2706 lingnam,
830 2629 1171 2710 comprimendnmque

75 2743 246 2792 sermonem
267 2727 415 2790 sufficere
431 2737 651 2806 deopassiani,
667 2727 748 2791 illud
763 2728 875 2790 saltem
893 2730 1101 2808 contemplari
1118 2731 1172 2792 de·

77 2823 205 2891 buerant
226 2828 440 2906 (adversarii)
471 2835 624 2909 quautam
653 2829 775 2892 ridendi
796 2830 963 2891 materiam
985 2830 1168 2908 gentilibus,

76 2939 286 3011 quantamque
308 2931 475 2993 haereticis
497 2928 688 3009 praebeant,
712 2947 787 2992 eum
807 2947 873 3002 eos,
896 2947 977 3009 quos
995 2939 1170 2994 assertores

77 3030 231 3095 christiani
246 3033 402 3111 mametis
417 3041 450 3094 et
463 3031 645 3094 defensores
660 3031 827 3111 putabant,
845 3031 1006 3096 confutari
1022 3051 1106 3096 nunc
1124 3033 1168 3092 vi·

78 3129 176 3208 deant,
197 3142 228 3196 et
251 3133 358 3196 relelli
377 3150 396 3195 a
418 3134 579 3214 propriis3
612 3151 649 3194 ac
672 3132 763 3195 velut
783 3132 869 3194 civili
901 3132 987 3195 bello
1010 3135 1171 3213 gaudeant

79 3230 305 3312 impugnatum,
328 3217 424 3316 quem
447 3236 503 3316 ipsi
525 3234 686 3298 hostiliter
716 3236 905 3315 impugnare
926 3252 988 3297 non
1010 3243 1168 3313 poterant.

80 3330 228 3408 Quoniam
258 3356 336 3418 ergo
365 3338 615 3418 quamplurimi
643 3356 685 3400 ex
705 3335 955 3414 simplicioribus
986 3337 1170 3416 quibusque

82 3433 225 3502 iratribus
239 3457 257 3502 a
272 3457 371 3519 supra
386 3439 478 3502 dictis
499 3439 686 3512 laeduntur,
709 3455 771 3498 non
787 3435 892 3500 solum
915 3435 954 3498 de
976 3436 1036 3508 lois,
1059 3438 1114 3515 qui
1131 3435 1171 3498 de

81 3533 141 3615 ipso
162 3539 244 3602 mole
263 3541 417 3614 sentinat,
435 3538 491 3601 sed
511 3538 607 3601 etiam
629 3537 667 3600 de
689 3537 749 3614 his,
766 3537 822 3616 qui
842 3534 949 3598 studio
967 3535 1117 3598 scientiae
1139 3541 1173 3598 ct

82 3637 350 3720 intelligendarum
372 3639 615 3722 scripturarum
647 3640 730 3701 inter
750 3645 874 3701 ceteros
899 3636 999 3699 libres
1020 3646 1052 3699 et
1074 3638 1172 3716 ipsius

83 3743 190 3822 scripta
211 3745 423 3823 conspiciunt,
440 3744 482 3805 ito
505 3750 541 3806 nt
564 3760 620 3804 ros
640 3759 773 3822 quoque
787 3739 845 3818 ipsi
867 3740 898 3800 in
920 3739 1055 3802 dubium
1077 3757 1171 3802 rene·

84 3841 157 3917 ritis,
176 3863 214 3907 ne
230 3845 314 3909 iorte
336 3846 387 3907 rel
403 3843 613 3916 multitudini,
631 3843 682 3905 rel
696 3842 882 3906 auctoritati
898 3840 1171 3904 calumniatorum

84 3940 152 4008 fides
170 3946 283 4011 debeat
303 3948 448 4010 adhiberi
470 3945 509 4010 dc
525 3947 585 4020 his,
601 3963 686 4026 quae
706 3943 822 4025 passim
843 3944 910 4007 sine
930 3943 1001 4006 ullo
1022 3951 1172 4024 respectu

84 4041 299 4112 diffamantur:
324 4049 427 4112 risum
449 4055 497 4110 est
516 4048 627 4121 nobis,
652 4047 754 4126 primo
776 4045 906 4126 quidem
932 4061 1049 4108 curare
1070 4045 1172 4124 suspi·

85 4145 193 4214 cionem
213 4158 374 4230 restram3
400 4168 437 4212 ac
457 4148 554 4210 simul
575 4147 671 4208 etiam
702 4163 761 4224 por
781 4146 980 4208 occasionem
1005 4144 1114 4224 vestri,
1137 4162 1172 4206 o·

86 4251 192 4316 muium
212 4255 267 4334 qui
281 4255 319 4332 ‚ei
340 4253 533 4324 obtrectant,
555 4247 922 4312 conlutare‘calumnias
943 4255 1007 4332 etc.¹
1022 4265 1039 4302 o
