3042 4940
88 469 119 536 lo
137 476 207 536 ante
227 469 265 536 de
285 471 334 536 ltis
357 471 498 552 ianitore
526 491 544 532 s
568 467 649 536 Sunt
672 487 750 534 vero
769 469 866 534 etisnt
888 464 1059 549 suguntur
1080 483 1106 530 s.
1132 483 1198 530 me·

89 573 204 646 moriac
223 573 379 656 epistolae
404 573 557 651 dicentes,
579 571 668 653 qnod
689 572 774 652 siqui
806 571 838 634 tn
860 573 924 636 rtts
946 587 1004 636 sna
1025 585 1089 634 non
1110 573 1200 632 route

87 691 230 756 sapuere,
260 674 339 740 licet
358 694 421 740 nou
441 675 643 740 condemnati
676 673 811 738 tuissent
831 672 939 738 adltnc
968 671 1124 747 viventes,
1146 676 1199 748 ut,

86 777 297 842 demonstrato
318 785 464 860 pronun,
487 779 538 842 isti
560 785 593 842 et
615 782 688 856 post
718 783 859 840 mortem
880 774 1078 838 anathemati
1100 769 1202 853 subit·

85 877 218 942 cientur.
243 876 331 942 Etsi
351 878 460 958 placet
482 877 585 956 robis,
608 878 688 944 ttaec
709 877 748 942 ad
769 877 942 942 lectionem
963 874 1139 957 porrigo»

160 975 279 1044 Deinde
301 981 444 1044 recitatis
463 999 490 1046 s.
523 977 674 1046 Doctoris
695 979 801 1057 dictis,
829 975 991 1058 Benipnns
1021 972 1202 1040 Heracleae

85 1080 262 1161 spiscopus,
286 1083 386 1162 ipsius
407 1080 580 1162 Augustini
601 1099 712 1148 sensns
734 1081 886 1162 probans,
908 1077 1037 1144 subdite
1055 1075 1149 1144 «Sed
1170 1094 1203 1140 o·

86 1183 157 1244 tiam
178 1179 384 1250 Valentinum
405 1191 437 1248 et
459 1183 658 1248 Marcionem
679 1192 712 1247 et
732 1181 905 1264 Basilidem
920 1198 938 1243 a
955 1178 1046 1244 uuita
1070 1177 1203 1264 Synodn

85 1283 379 1359 anathematizatos,
395 1293 501 1350 tamen
522 1287 663 1366 eoquod
679 1285 820 1348 alienum
843 1283 971 1365 pietatis
985 1289 1055 1346 erat
1071 1279 1201 1360 dogma,

85 1387 166 1469 quod
182 1388 230 1451 itti
245 1386 470 1465 defendebant,
484 1387 581 1452 etiam
599 1395 671 1466 post
686 1394 822 1450 mortem
844 1383 1128 1448 anathematizavit
1142 1380 1204 1446 Ec·

84 1488 174 1552 alesia
198 1485 269 1552 net.
293 1487 364 1552 lloc
380 1505 459 1551 vero
479 1487 577 1552 ettam
598 1487 630 1550 in
645 1486 840 1550 Eunominm
862 1493 895 1548 et
911 1485 1133 1566 Apollinarem
1156 1483 1204 1546 ia·

85 1597 178 1654 ctum.
201 1587 295 1654 llaec
315 1597 423 1654 autent
453 1589 704 1654 ecclesiasticam
727 1587 935 1653 traditionem
967 1586 1150 1652 custodiens
1170 1587 1205 1650 et

86 1689 258 1756 Rambelus
281 1709 308 1755 s.
332 1693 519 1766 memoriae,
540 1692 711 1770 episcopus
733 1687 848 1756 tactns‘
859 1689 1030 1754 edessenae
1052 1688 1203 1762 civitatis.

86 1794 138 1874 qni
151 1795 181 1858 in
195 1792 420 1858 sacerdotibus
434 1793 637 1872 explenduit,
661 1789 869 1856 l'troodornm
888 1793 985 1858 latum
1005 1797 1206 1872 mopsueste-

86 1911 158 1958 num
172 1895 272 1958 etiam
294 1902 367 1974 pust
382 1902 518 1958 mortem
534 1895 818 1959 anothematizurit
832 1903 967 1976 propter
982 1894 1078 1975 impia
1101 1891 1204 1974 ipatus

87 1995 261 2077 conscripta
266 2037 387 2058 ......
400 1992 468 2060 Nec
489 2011 552 2058 non
573 1995 633 2070 itti,
655 1995 711 2075 uni
735 2013 809 2060 cnm
832 1993 973 2058 Eusebio
993 1998 1087 2057 erant
1106 1991 1206 2057 Nico·

86 2096 204 2160 mediae
220 2098 385 2176 episcopo.
400 2142 408 2158 .
424 2141 432 2160 .
448 2139 456 2158 .
470 2097 623 2176 qnoniam
637 2099 677 2160 ad
699 2115 796 2161 sunm
814 2097 972 2161 vomitum
994 2098 1124 2161 adanae
1145 2094 1206 2156 im·

88 2197 208 2278 pietatis
230 2199 355 2262 reversi
370 2205 458 2271 sant,
472 2197 527 2260 atii
545 2197 677 2278 quidem
694 2199 849 2272 visentes,
865 2199 920 2262 alii
934 2215 1012 2262 sero
1027 2204 1098 2279 post
1120 2211 1207 2260 mor·

89 2308 146 2364 tens
169 2299 431 2363 anathematizati
452 2307 546 2380 snnt;
561 2309 593 2364 et
614 2318 654 2364 ox
672 2300 815 2364 Ecclesia
839 2299 896 2364 ilci
912 2300 1039 2380 expulsi
1060 2305 1148 2374 snut,
1164 2297 1207 2362 si·

87 2402 150 2466 cuti
171 2409 220 2466 cst
242 2418 261 2463 ι
279 2419 311 2464 s.
324 2399 492 2466 Athanasii
511 2402 551 2466 de
574 2403 637 2468 hoc
655 2404 784 2484 seriptis
800 2404 830 2466 in
852 2402 1004 2468 historica
1019 2400 1206 2464 narratione

89 2503 238 2568 invenire.
259 2524 278 2565 a
297 2501 339 2568 Et
358 2505 405 2568 sic
426 2510 565 2584 pergunt
587 2503 711 2579 Patres,
734 2513 938 2569 recensentes
959 2503 1039 2568 tales
1060 2507 1152 2566 antea
1173 2501 1207 2564 tn

87 2601 226 2671 Ecclesia
260 2614 429 2682 errantes,
451 2623 489 2670 ac
510 2609 542 2670 tu
573 2625 688 2672 errore
708 2607 878 2672 tetuuutus
899 2607 1102 2672 anathemate
1122 2606 1204 2668 ictus

88 2718 154 2785 post
167 2707 295 2772 olsttuns
316 2707 415 2772 tuisse
429 2707 578 2772 obtestati
585 2727 597 2787 5
614 2709 645 2772 iu
665 2709 785 2789 quinas
807 2717 915 2774 tamen
927 2708 1075 2789 Origeois
1089 2719 1208 2806 npmou

88 2810 277 2886 omiserunt,
299 2808 386 2890 quod
408 2819 485 2872 saue
515 2825 580 2872 non
602 2809 776 2876 videbator
803 2811 846 2874 ab
865 2813 912 2877 eis
932 2809 1158 2885 omittendum,
1179 2806 1208 2872 si

90 2929 200 2978 resera
224 2913 274 2976 nti
295 2920 458 2976 errantem
481 2918 711 2993 postmortem
733 2916 1034 2980 anathematizaret
1047 2911 1205 2977 Ecclesia.

164 3011 385 3094 interpolator
417 3029 496 3078 reru
526 3013 693 3080 studiosus
724 3017 824 3099 lrujus
846 3017 911 3082 uiri
934 3017 1038 3081 ismae
1058 3013 1207 3090 nocendi,

90 3113 146 3178 tuac
165 3115 412 3196 opportunitate
433 3116 560 3191 relicta,
594 3118 794 3200 insequenti
822 3119 1012 3200 quaestione
1032 3115 1207 3197 inscripsit,

89 3215 142 3282 ultt
162 3215 291 3294 Patres,
312 3219 510 3299 argumentis
529 3219 687 3285 adversus
707 3217 871 3284 'dheodori
891 3219 1070 3300 impietates
1090 3235 1131 3281 ex
1146 3213 1209 3300 Cy·

89 3319 162 3382 rltln
182 3328 216 3384 et
239 3319 360 3387 Proclo
382 3321 502 3399 citatis,
524 3322 641 3387 instant
661 3329 775 3387 contra
796 3323 878 3387 alios
898 3316 1209 3386 diceutes-Theodo-

90 3437 172 3497 rum,
195 3423 275 3488 dum
297 3425 329 3488 in
351 3426 432 3489 rivis
453 3431 536 3501 erat,
568 3423 721 3490 laudibus
740 3425 945 3490 cumulatum
968 3423 1066 3489 tuine
1085 3422 1127 3486 ab
1148 3419 1210 3508 lie·

89 3521 201 3588 etesiae
218 3521 424 3590 tinctoriltns.
439 3522 568 3602 Quibus
581 3525 730 3610 synodus
750 3525 958 3607 respondens,
979 3525 1025 3587 att
1045 3522 1125 3588 nihil
1145 3521 1209 3585 troc

90 3623 218 3690 efficere
238 3623 402 3691 Theodori
431 3626 649 3694 damnationis
664 3648 683 3689 s
696 3625 929 3694 Verumtamen
959 3625 1037 3689 nihii
1059 3624 1211 3706 prohibet

91 3729 185 3792 etiam
200 3745 262 3810 per
273 3728 337 3793 alia
358 3729 507 3810 exempla
524 3729 722 3811 persuadere
743 3729 988 3794 detendeutittns
998 3725 1208 3792 Theodorum

92 3828 229 3910 ejusque
250 3834 444 3913 conscripta,
475 3831 563 3912 quod
599 3832 678 3896 nihil
700 3832 832 3912 prodeat
863 3829 1161 3911 impingentibus,
1182 3829 1210 3892 st

91 3933 260 4013 contigerit
280 3933 437 4014 quosdam
460 3933 512 3997 vel
532 3935 711 4016 ignorantia
734 3935 786 3998 rel
807 3932 1080 4015 praesumptione,
1105 3931 1154 3992 vet
1177 3949 1211 3992 e·

92 4033 166 4098 tiam
198 4033 433 4115 dispensatione
454 4035 594 4118 quadarn
625 4037 790 4117 scripsisse
820 4034 942 4116 nllqnid
966 4053 1026 4116 pro
1047 4035 1103 4096 eis.
1126 4031 1210 4096 Nem

92 4133 293 4216 apollinario
308 4135 503 4204 Athanasius
517 4138 669 4220 epistolas
690 4137 833 4203 diversas
855 4136 958 4200 eidem
980 4135 1107 4217 scripsit
1118 4153 1130 4216 ;
1152 4149 1212 4198 uec

92 4243 197 4302 tamen
210 4240 290 4306 istae
303 4239 459 4322 epistotae
474 4238 678 4321 apotttuertu
692 4239 907 4320 protuerunt:
924 4253 1000 4304 cum
1021 4237 1088 4319 ipsc
1102 4235 1210 4317 cogni·

93 4339 132 4404 tis
150 4339 249 4420 ipsius
269 4343 450 4422 erroribus,
472 4342 628 4409 adsersus
649 4342 754 4425 ipsum
774 4341 913 4424 scripsit.
