3066 4950
91 517 282 582 contrarium
303 523 430 585 sensum
442 543 454 602 ;
477 530 510 588 et
524 522 568 585 lta
591 539 665 603 pars
686 521 778 585 leret
799 513 933 585 illorum
949 535 987 583 ac
1008 509 1195 584 innumero·

91 635 159 681 rum
180 622 376 700 scriptorum
398 622 684 707 apocryphorum
716 627 828 684 contra
850 637 934 700 quae
968 629 1112 702 quatuor
1132 619 1198 684 Ro·

90 721 169 782 mani
200 718 373 786 Pontifices
399 725 597 786 incessanter
626 724 822 798 clamarunt,
851 739 955 800 eaque
987 723 1197 804 reprobantes

90 825 235 900 tanquam
258 838 489 901 perversorum
505 813 537 886 et
551 823 830 887 schismaticorum
852 839 935 904 opus
959 822 1116 888 adsersus
1136 825 1199 886 siu-

87 939 174 986 ceros
195 920 329 986 Consilii
350 921 389 985 V.
411 931 504 988 actus
526 924 742 988 elaboratum.

162 1021 283 1086 Deinde
298 1028 384 1089 circa
408 1026 464 1088 bas
486 1027 703 1092 calumniosas
724 1027 954 1106 imputationes
975 1025 1130 1106 praelatis
1150 1027 1198 1090 lu·

89 1130 186 1186 sertas
211 1123 330 1188 libellis
362 1127 394 1188 in
417 1125 571 1206 vigilium
592 1135 624 1192 et
647 1127 813 1207 episcopos
846 1127 944 1189 trium
966 1125 1197 1206 capitulorum

90 1224 321 1306 subscriptores
353 1227 579 1304 anathematis,
609 1231 702 1309 quasi
727 1228 878 1292 violentia
906 1245 1091 1304 concussos,
1113 1236 1145 1292 et
1165 1229 1200 1293 ln

91 1322 303 1390 lastinianum
327 1328 444 1394 barum
467 1331 713 1394 concussionum
737 1339 918 1406 auctorem,
940 1340 972 1393 et
993 1331 1078 1393 circa
1097 1331 1197 1410 ipsius

90 1425 192 1508 vigilii
215 1429 457 1497 instabilitatem
474 1435 505 1495 in
521 1433 580 1496 hac
601 1435 803 1514 quaestione,
826 1433 952 1496 conlcrt
972 1451 1104 1514 qnoque
1125 1450 1199 1496 nar·

91 1531 167 1592 ratio
188 1527 351 1597 Eustntbil
384 1534 551 1599 lamiliaris
575 1533 737 1619 Eutychio
759 1532 978 1616 patriarcnae,¹
999 1553 1195 1616 eorumque,

92 1633 186 1709 testis,
207 1651 294 1713 quse
315 1645 386 1698 acta
408 1645 482 1700 sunt
504 1639 535 1700 in
555 1637 685 1718 Synodo
703 1637 740 1702 V.
763 1639 865 1701 Antea
890 1655 968 1701 sero
989 1637 1198 1718 praemitten-

88 1732 160 1796 dum
180 1744 240 1811 est,
258 1737 344 1801 nnnc
366 1735 574 1804 Eustatbium
592 1742 734 1804 validum
756 1739 948 1820 impendisse
969 1740 1113 1804 studium
1136 1753 1195 1820 pro

91 1831 261 1917 Eutychio,
284 1841 382 1920 hujus
410 1843 620 1907 extollentem
642 1841 749 1919 fidem,
777 1844 991 1916 sanctitatem,
1015 1849 1047 1906 el
1068 1839 1198 1906 mirabi-

89 1937 140 2012 lia,
156 1957 192 2002 es
213 1942 355 2022 amplius
371 1953 569 2025 repetentem
591 1963 675 2027 quac
697 1951 769 2026 post
789 1963 907 2007 annum
923 1943 975 2011 lb.
992 1943 1033 2006 ab
1055 1943 1122 2024 ipsa
1138 1941 1198 2028 Sy·

91 2038 181 2115 nodo,
198 2059 312 2119 passus
327 2053 374 2107 est
395 2067 435 2110 es
458 2047 630 2113 iustiniani
652 2048 813 2123 mandato,
838 2047 894 2126 qui
915 2063 1062 2109 errorem
1085 2043 1197 2108 Incnr·

92 2141 295 2220 reptibilium
316 2146 437 2211 dicitur
456 2152 679 2228 amplexatus:
711 2150 751 2212 de
772 2167 838 2229 quo
860 2165 922 2210 non
943 2153 992 2210 est
1019 2143 1199 2210 disserendi

91 2246 187 2310 loeus,
204 2245 307 2311 blodo
321 2249 412 2312 nobis
433 2250 567 2314 satisliat
581 2251 668 2331 quod
685 2250 724 2312 de
741 2256 883 2328 utroque
900 2245 1064 2332 Eutychio
1083 2253 1115 2311 et
1129 2243 1198 2311 En·

93 2350 207 2412 statbio
227 2350 354 2412 notavit
376 2350 518 2417 dloisius
540 2351 758 2432 Lipomanius:
777 2351 948 2414 «Advorte
968 2351 1085 2425 lector,
1108 2345 1197 2430 quod

91 2452 114 2512 is
132 2458 179 2513 est
201 2451 260 2514 ille
282 2450 464 2536 Eutycbius
492 2452 856 2534 constantinopolitanus
878 2450 1086 2529 patriarcha:
1116 2467 1199 2530 qno·

91 2568 159 2613 cum
181 2555 402 2632 quaestionem
426 2554 466 2618 de
494 2558 734 2619 resurrectione
754 2553 868 2617 bnbnit
898 2552 991 2616 disus
1017 2550 1197 2631 Gregorius

91 2649 182 2731 Papa,
205 2654 286 2717 dum
307 2655 339 2717 in
360 2673 396 2718 ea
419 2656 548 2718 civitate
569 2656 659 2722 Sedis
675 2655 880 2734 dpostollnae
902 2653 1150 2734 apocrisiarium
1165 2669 1199 2716 a·

92 2761 186 2831 peret,
210 2755 484 2834 quemadmodum
508 2757 605 2819 habes
626 2756 657 2820 in
679 2755 777 2821 Libro
800 2753 855 2819 lV.
879 2753 1052 2820 Moralium
1074 2771 1121 2818 cc.
1140 2750 1191 2820 31.

89 2851 137 2918 32.
150 2853 191 2919 Et
212 2855 291 2919 licet
313 2855 367 2920 blo
383 2857 508 2921 Auctor
521 2857 615 2922 iilum
637 2858 678 2920 ab
699 2875 811 2921 errore
835 2873 995 2920 excusare
1008 2854 1193 2931 contendat,

91 2957 249 3033 praelatus
273 2966 384 3020 tamen
402 2961 451 3020 vir
470 2969 599 3024 sanctus
621 2968 733 3040 aperte
754 2966 893 3023 testetur
914 2975 989 3022 eum
1011 2957 1044 3022 ln
1063 2958 1125 3022 boc
1145 2973 1198 3019 ar·

92 3057 187 3124 tlcnlo
200 3058 376 3140 eccidisse;
392 3061 540 3138 quamvis
555 3070 629 3126 autc
641 3066 778 3124 mortem
793 3077 827 3124 se
840 3077 875 3124 sc
890 3061 1083 3124 correxerit.
1100 3056 1197 3136 Quod

91 3159 190 3237 ipsum
211 3163 329 3225 sanctis
345 3164 422 3227 viris
443 3164 596 3230 accidisse
616 3164 843 3242 comperimus.
860 3182 876 3219 n

162 3257 393 3341 Nihilominus,
423 3283 497 3329 cum
520 3267 583 3330 boe
604 3269 770 3344 negotium
799 3263 979 3328 nullimode
1000 3261 1197 3327 contunden-

91 3359 161 3424 dum
181 3363 222 3426 sit
235 3381 312 3428 cum
334 3366 438 3428 altero
461 3366 559 3429 trium
576 3364 815 3446 capitulorum,
832 3371 937 3428 netate
956 3366 1120 3446 rebusque
1143 3377 1197 3428 vu·

90 3462 147 3538 rio,
167 3473 199 3527 et
220 3465 295 3528 binc
315 3485 374 3529 nec
395 3467 537 3546 partium
565 3467 709 3531 studium
730 3469 762 3529 in
792 3462 964 3531 Eustatbio
985 3467 1082 3530 liceat
1103 3483 1195 3546 repe·

91 3563 168 3640 rire,
190 3584 277 3647 quae
306 3568 347 3630 ab
367 3569 504 3633 exordio
524 3587 603 3632 suae
634 3569 827 3632 narrationis
849 3568 929 3630 dicit
953 3568 992 3630 de
1013 3565 1132 3650 Synodi
1155 3565 1193 3629 V.

92 3670 191 3744 gestis,
213 3687 275 3733 ceu
307 3671 482 3749 genuinum
513 3672 613 3748 ipsius
636 3669 852 3732 testimouium
878 3667 1077 3748 suscipienda
1106 3678 1195 3744 sunt,

91 3775 120 3828 et
135 3785 265 3848 magnae
280 3773 494 3835 auctoritatis.
516 3770 587 3834 Hoc
610 3781 718 3834 autom
742 3770 838 3832 tradit
854 3767 969 3832 Sarius
993 3769 1056 3833 sub
1075 3769 1126 3832 dio
1140 3767 1196 3833 Vl.

94 3863 219 3947 Aprilis,
243 3871 344 3933 latine
367 3889 498 3936 versum
515 3880 546 3935 et
563 3872 748 3936 accuratius
769 3867 1008 3934 abollaudistis
1029 3877 1195 3948 exactum,

91 3981 138 4028 nn.
152 3966 201 4033 28.
223 3967 276 4036 29.

167 4070 263 4137 «nes
284 4083 393 4137 autem
417 4073 534 4137 accidit
555 4071 767 4149 admirabilis,
790 4078 821 4135 et
843 4072 932 4136 illins
954 4073 1059 4135 animo
1081 4071 1195 4152 digna:

92 4187 170 4250 quae
191 4182 228 4238 nt
249 4175 404 4251 arbitror,
428 4173 479 4237 rel
503 4175 608 4255 potius
630 4173 709 4250 scio,
731 4189 897 4253 nunqnam
920 4172 1048 4250 accidit,
1072 4191 1130 4236 nec
1150 4181 1199 4235 est

94 4281 256 4341 eventura.
281 4275 468 4343 cumcuim
490 4277 593 4340 mults
615 4273 749 4340 dirersis
769 4274 849 4340 locis
876 4281 976 4358 atquc
999 4274 1197 4357 temporibus
