3138 4950
109 492 273 568 rationem,
295 490 408 555 nullus
429 493 594 570 reperitur
610 489 772 571 Procopio
792 488 952 553 evasionis
973 489 1079 564 locus,
1098 505 1166 569 quo
1182 505 1217 554 ss

109 594 240 674 recipiat
262 611 281 656 s
306 594 416 674 culpa,
442 601 499 656 aut
520 594 616 673 prius
631 593 839 656 assentatoris
867 589 1076 670 impudentis,
1102 588 1154 654 vel
1172 589 1229 654 de·

107 693 175 760 inde
197 694 377 758 mentitoris
398 700 430 757 ct
450 692 696 756 calumniatoris
721 691 891 754 manifesti.

190 792 408 859 Nihilominus
439 794 646 858 assentatoris
667 793 862 872 impudentis
883 801 956 856 nota
989 789 1170 856 nullimode
1190 794 1222 854 iu

106 891 274 974 Procopio,
298 896 390 975 qnasi
413 895 480 976 ipse
506 895 671 958 contraria
694 895 821 958 veritati
844 893 1017 958 historicae
1039 910 1100 970 pro
1120 892 1223 957 lusti·

16 1039 17 1056 ,
104 994 195 1058 niano
214 995 394 1074 scripserit,
419 993 615 1058 occultionis
632 999 693 1069 est,
707 1012 765 1058 uec
779 995 885 1056 multo
901 995 1005 1056 minus
1031 993 1062 1055 iu
1077 1011 1116 1056 eo
1131 993 1221 1074 igno·

16 1123 17 1160 t
105 1095 202 1156 rnntia
219 1112 331 1160 rerum
347 1105 511 1176 gestarum
530 1096 698 1159 toleranda
713 1097 834 1176 qnippe
849 1095 985 1158 auribus
998 1103 1032 1158 et
1044 1094 1151 1158 oculis
1163 1093 1224 1158 sibi

16 1223 17 1264 t
105 1195 334 1272 probatarum:
367 1215 442 1262 cnm
466 1197 606 1277 amplius
628 1197 761 1277 plurimi
788 1197 934 1261 intersint
958 1201 1054 1260 testes
1076 1194 1222 1260 eamdem

102 1296 248 1376 degentes
270 1307 425 1375 aetatem,
448 1299 516 1362 sive
539 1299 737 1379 paulopost,
761 1317 823 1362 non
843 1299 951 1364 solum
983 1297 1110 1378 prnlsul
1139 1296 1224 1378 juris

104 1398 340 1478 prudentissimi
369 1417 533 1481 sensuque
565 1402 780 1480 integerrimi,
802 1400 858 1464 sed
881 1408 913 1464 et
941 1400 1026 1464 oncri
1052 1405 1120 1462 tum
1146 1397 1222 1474 nde,

103 1507 168 1565 tum
188 1502 350 1579 doctriua,
376 1511 444 1566 tum
467 1505 587 1582 pietate
614 1503 768 1577 distincti,
800 1506 832 1566 iu
866 1500 985 1582 quibus
1017 1501 1224 1582 praestantis·

16 1635 18 1674 ς
101 1601 168 1664 simi
196 1605 411 1668 ecclesiarum
441 1604 600 1667 antistites
630 1606 784 1680 eminent,
806 1614 838 1667 et
861 1603 1028 1668 Ecclesiae
1056 1601 1223 1666 Romanas

16 1737 19 1778 ,
100 1701 279 1770 Pontifices.
297 1705 324 1770 li
345 1704 475 1786 quidem
497 1706 606 1768 cuncti
630 1707 804 1769 universim
826 1707 1024 1771 conveniunt
1043 1703 1083 1766 de
1106 1704 1216 1778 rebus,

102 1821 181 1882 guas
206 1805 246 1869 ad
280 1805 458 1870 iustiniani
488 1806 618 1870 laudem
650 1807 778 1886 scripsit
800 1804 979 1887 Procopius
1011 1805 1155 1869 inlibris
1179 1803 1222 1868 lle

100 1903 199 1968 Bellis
218 1915 252 1971 et
272 1905 446 1987 Aedificiis.
471 1906 696 1988 Quapropter,
717 1925 792 1972 cnm
808 1909 839 1970 iu
858 1908 918 1973 hac
932 1916 1024 1989 parte
1038 1906 1219 1988 Procopius

103 2006 186 2072 haud
208 2015 392 2073 assentator
408 2009 589 2089 impudens,
604 2009 658 2074 sed
677 2027 791 2082 verax,
808 2009 912 2074 solers
925 2017 958 2073 et
975 2011 1133 2091 ingenuus
1149 2007 1223 2072 lau·

16 2147 18 2190 ξ
103 2107 264 2174 debilium
286 2109 443 2190 Principis
463 2120 630 2190 gestorum
659 2109 819 2174 habeatur
843 2111 1028 2186 historicus,
1049 2110 1220 2192 consequi·

16 2279 18 2296 s
100 2218 153 2272 tnr
183 2214 374 2278 necessario
394 2213 499 2276 eidem
521 2211 682 2292 Procopio
703 2213 745 2276 ob
772 2231 824 2288 ea,
846 2229 932 2293 quse
952 2213 1067 2276 deinde
1087 2213 1218 2292 scripsit

16 2355 19 2396 ,
97 2311 127 2374 iu
147 2311 321 2378 dnecdotir
342 2315 404 2378 snb
425 2311 591 2378 Historiae
611 2312 759 2377 Arcanos
783 2313 891 2386 titulo,
920 2314 1080 2378 manilnsti
1102 2313 1219 2376 meuti-

100 2418 176 2480 toris
195 2424 229 2480 ot
249 2416 499 2480 calumniatoris
519 2425 627 2479 untsm
649 2415 884 2480 inscribendam
907 2433 988 2480 csse.

16 2567 20 2602 .,
176 2515 258 2582 Post
279 2518 359 2580 baec
381 2517 489 2597 placet
507 2533 605 2597 saepe
626 2515 781 2580 celebrati
802 2516 965 2595 adponere
978 2516 1139 2597 indicium
1164 2511 1221 2580 lli·

17 2663 20 2702 ζ
99 2615 206 2693 chelii,
229 2619 289 2698 qui
312 2617 498 2698 hujusmodi
520 2624 584 2680 tam
607 2619 744 2698 patentis
764 2617 1028 2682 contradictionis
1048 2618 1164 2682 indicia
1185 2617 1218 2682 iu

104 2713 268 2799 Procopio
292 2720 442 2795 miratus,
466 2717 679 2799 ejusdemquo
704 2735 817 2782 causas
843 2720 1048 2799 investigans,
1075 2720 1106 2782 in
1121 2716 1220 2783 Prae·

16 2870 21 2910 ξ
105 2817 225 2884 latione
247 2829 280 2884 b.
301 2817 355 2886 26.
375 2820 450 2884 talia
473 2818 512 2883 de
534 2819 727 2884 sinecdotrrm
748 2820 894 2884 lluctoro
914 2820 1076 2884 scrihebat
1096 2821 1222 2900 sapien·

16 2970 20 3008 ,
101 2919 271 2987 tissimerr
294 2921 327 2986 st
350 2922 544 3002 colligamus
562 2923 630 3003 jam
650 2923 772 2996 omnis,
794 2941 879 3002 qnae
901 2924 1017 3002 partim
1036 2923 1103 3002 iam
1124 2930 1218 2986 autea

100 3031 175 3086 snut
194 3023 352 3099 adducta,-
376 3024 493 3104 partim
514 3025 611 3087 etiam
634 3023 780 3097 dicenda,
804 3023 889 3086 haud
912 3021 1040 3086 diiiinile
1061 3023 1124 3086 erit
1145 3040 1220 3104 por·

17 3187 18 3210 ζ
99 3139 137 3186 ro
158 3124 313 3206 iudicare
342 3124 383 3188 de
410 3124 510 3206 hujus
542 3123 716 3206 Scriptoris
739 3124 812 3186 lide.
837 3122 945 3186 Primo
972 3123 1056 3188 enim
1083 3141 1221 3203 graecus

99 3229 158 3300 nst,
180 3224 475 3305 deinde'paganns,
497 3226 553 3305 qui
569 3223 783 3290 Christianam
805 3223 1019 3304 Religionem,
1035 3242 1136 3304 quam
1152 3233 1219 3290 tnn-

16 3397 17 3408 χ
101 3334 213 3407 tepere
235 3336 460 3401 aversaretur,
482 3327 638 3390 simulare
658 3325 849 3405 cogebatur,
867 3341 905 3386 no
926 3325 1133 3403 dignitatibus
1154 3326 1220 3405 pri·

16 3485 17 3490 ,
100 3438 249 3492 voretur.
275 3427 476 3492 inserviebat
496 3426 650 3508 Principi,
665 3428 722 3508 qui
744 3426 915 3489 insatiabili
936 3425 1092 3506 llagrnbnt
1106 3444 1218 3490 amore

16 3589 17 3620 ,
98 3546 173 3609 erga
196 3529 379 3604 Christum,
396 3537 434 3592 ut
447 3531 515 3606 ipso
539 3528 717 3609 Procopius
739 3526 834 3590 lateri
855 3526 995 3606 cogitur.
1009 3524 1218 3607 Superstitio-

97 3629 128 3692 ni
150 3646 298 3710 paganae
321 3628 465 3693 addictos
496 3629 767 3708 persequebatur,
789 3645 911 3708 eosque
932 3628 974 3690 ab
1002 3629 1090 3692 avito
1111 3635 1144 3693 et
1164 3645 1219 3709 pa·

98 3733 163 3796 trio
183 3749 304 3796 errore
318 3731 358 3793 nd
382 3730 551 3796 veritatem
566 3733 739 3794 coelestem
760 3730 924 3794 adducere
944 3731 1128 3794 nitebatur:
1145 3730 1218 3794 iana

93 3832 287 3908 claudebat,
310 3833 392 3897 ritus
422 3833 544 3914 nbiqne
568 3832 723 3910 tollebat3
746 3840 778 3894 et
801 3841 974 3912 propterea
996 3832 1093 3895 uallis
1109 3849 1219 3911 parce·

94 3932 150 3995 hat
169 3935 359 4014 sumptibus
382 3934 433 3997 vel
453 3933 494 3996 sd
515 3932 712 3998 aedificanda
736 3933 876 4012 templa,
898 3948 1041 4012 quornm
1062 3949 1219 3995 uumerus

92 4032 163 4099 iero
186 4035 263 4098 iniri
281 4052 345 4098 uon
375 4027 568 4116 percenset
598 4033 638 4096 ud
664 4031 896 4110 convertendas
927 4033 1066 4112 integras
1098 4041 1243 4110 gentes..

93 4131 269 4200 Neminem
292 4136 350 4199 nisi
374 4135 584 4200 christianum
599 4136 638 4197 ad
661 4135 868 4215 magistratus
889 4134 1090 4206 admittebat,
1107 4132 1219 4196 esclu-

88 4235 133 4300 sis
157 4235 294 4397 ραςῧιιιίε
311 4236 359 4398 ἕξ
379 4236 527 4302 omnibns
554 4235 730 4301 honoribus
760 4242 912 4316 tanquam
935 4233 1216 4397 iniamia2nntstis.

245 4351 285 4393 o.
357 4379 364 4396 .
1083 4351 1100 4394 s
