3048 4946
314 379 374 449 lat

394 481 659 560 colerensem
686 486 748 549 hoe
772 503 855 552 anno
876 487 961 550 inter
980 485 1200 552 Jusiioianum
1225 496 1257 548 et
1283 481 1427 563 vigilium

315 582 394 648 tanti
416 587 569 648 momenti
583 587 748 664 negotium
770 595 915 667 urgeret,
932 595 969 650 nt
990 587 1020 649 ln
1042 589 1111 667 ipso
1133 583 1289 650 Tractatn
1303 585 1428 662 legitur,

314 691 347 748 et
368 681 537 747 Liberatus
557 693 589 748 et
612 683 783 748 Facundus
806 696 976 760 testantur,
996 688 1184 751 riderentur
1203 685 1300 747 arnbo
1320 693 1353 746 et
1372 683 1429 746 lnt-

314 794 447 864 perator
467 794 499 848 et
520 785 605 865 Papa
628 805 833 867 nequaquam
855 789 1039 850 successivo
1064 798 1209 865 tempore
1230 787 1429 866 praetermis·
1518 848 1519 868 ,

314 883 384 948 anri
407 882 505 947 luisse
526 886 700 965 quamdam
722 887 820 966 hujus
842 885 917 949 laeti
940 889 1142 959 memoriam,
1164 903 1204 948 eo
1226 885 1326 963 magis
1346 881 1428 963 qnod

314 994 505 1062 argumenta
528 995 643 1048 mutuo
658 986 697 1048 de
718 1004 754 1048 re
768 985 983 1048 ecclesiastiea
1005 995 1202 1065 pertractata
1225 985 1320 1046 talem
1342 999 1431 1061 prae·

316 1083 440 1148 terrent
460 1085 641 1164 analogiam
670 1096 720 1161 ut,
752 1087 779 1150 si
808 1096 924 1150 neuter
946 1096 1054 1166 postes
1086 1088 1149 1148 boc
1176 1086 1284 1147 citarit
1305 1083 1432 1145 anathe-

315 1187 409 1247 matis
437 1184 605 1248 decretum
633 1185 791 1250 adversus
812 1185 998 1266 origenem,
1020 1185 1113 1248 valde
1136 1184 1176 1246 de
1200 1183 1298 1262 ipsius
1325 1179 1430 1260 genui·
1519 1166 1520 1194 ¹

316 1293 382 1346 tate
402 1286 630 1365 suspicandum
651 1285 768 1367 sit.,Et
790 1305 825 1350 re
846 1287 976 1365 quidem
1001 1302 1089 1358 vera,
1112 1285 1199 1346 circa
1223 1300 1341 1345 aunum
1362 1277 1428 1348 biii·

316 1382 453 1466 liipilius
477 1383 560 1466 Papa
585 1387 624 1450 ad
652 1385 869 1450 Justiuiaoum
890 1385 1014 1456 scribit,
1039 1385 1069 1446 ei
1090 1382 1265 1445 admodum
1293 1379 1431 1460 gratula-

318 1493 371 1550 tus
392 1485 432 1548 de
451 1485 574 1550 sincera
596 1489 695 1566 ipsius
719 1486 793 1562 bde,
812 1487 851 1548 de
866 1485 937 1548 zelo
959 1485 989 1546 iu
1012 1485 1079 1564 ipsa
1102 1482 1259 1551 seruanda
1282 1482 1433 1544 adversus

316 1586 481 1662 haereses,
496 1595 529 1650 et
550 1588 835 1666 praedecessorum
855 1585 1044 1649 Pontiiicnnr
1067 1583 1262 1648 inhaerendo
1279 1581 1430 1660 vestigiise

318 1705 335 1746 e
353 1682 388 1746 ln
409 1686 571 1760 omnibus,
586 1689 644 1761 ait,
666 1687 912 1766 comprobantes
927 1685 1001 1748 iidci
1019 1697 1146 1747 restrae
1159 1683 1321 1754 libellum,
1337 1697 1430 1760 quem

316 1787 417 1850 nostri
439 1786 585 1866 obsequii
616 1785 777 1850 famulatu
800 1795 875 1848 tunc
898 1785 1138 1864 praedecessori
1160 1791 1272 1844 nostro
1292 1783 1363 1860 piae
1382 1797 1430 1842 re·

315 1885 511 1951 cordationis
527 1887 679 1976 ,bgapeto
700 1889 801 1967 pietas
824 1898 931 1950 vestra
953 1884 1137 1948 orthodoxa
1167 1883 1338 1946 devotione
1358 1897 1430 1944 eon·

312 1986 460 2050 tradidit.
477 1985 513 2050 lu
534 1987 584 2052 bis
607 2005 697 2062 rero,
715 1990 746 2052 in
767 1987 886 2067 quibus
902 1985 1050 2052 biennem
1073 1985 1206 2048 fratrem
1227 1991 1258 2046 et
1273 1984 1429 2061 coepisco·

316 2105 395 2167 pum
419 2081 566 2150 nostrum
583 2105 757 2150 memorem
778 2087 880 2151 libelli
902 2089 965 2161 sui,
982 2104 1078 2168 quern
1098 2083 1339 2166 praedecessori
1360 2083 1429 2144 bea·

319 2195 371 2250 tae
393 2189 570 2250 memoriae
601 2188 761 2268 agapeto,
784 2187 992 2252 ordinationis
1021 2204 1100 2250 suae
1130 2193 1287 2263 tempore,
1309 2189 1426 2244 restrae

318 2283 515 2352 Clementiae
536 2305 693 2351 consensu
715 2297 919 2366 porrexerat,
940 2297 1128 2367 sequentem
1144 2303 1259 2350 revera
1280 2282 1366 2349 Sedis
1387 2279 1426 2344 Α·

319 2387 495 2467 postolicae
509 2388 719 2467 disciplinam,
737 2389 905 2452 haereticis
918 2389 1052 2452 interius
1069 2388 1320 2467 comprehensis,
1336 2385 1421 2456 idest,

316 2483 453 2562 Severo,
478 2485 694 2569 Eutychiano,
717 2485 814 2552 Petro
836 2507 1004 2568 apameno,
1027 2489 1180 2552 Anthinae
1184 2531 1306 2549 ......
1317 2483 1424 2556 Zoara,

319 2589 375 2652 sed
400 2599 433 2654 et
450 2587 630 2653 Theodosio
651 2590 875 2665 alexandrino,
905 2600 939 2654 et
959 2589 1166 2654 Constantino
1184 2589 1367 2660 laodicensi,
1386 2595 1428 2648 at·

319 2707 384 2769 que
406 2687 546 2754 Antonio
568 2700 757 2754 versentano
778 2691 990 2774 eutychianae
1011 2691 1151 2754 haeresis
1171 2689 1227 2754 sod
1251 2697 1284 2752 et
1305 2687 1423 2750 Diosco-

318 2795 493 2854 ro....et
512 2793 705 2871 sequacibus
726 2793 894 2854 anathema
917 2791 1035 2856 dixisse
1056 2794 1158 2870 pietas
1179 2799 1285 2854 vestra
1308 2786 1424 2852 manda·

319 2892 377 2952 rit:
392 2892 421 2952 io
434 2892 525 2955 nulio
539 2909 558 2954 a
572 2892 663 2956 nobis
676 2892 806 2972 quidem
824 2893 957 2956 moleste
968 2893 1143 2973 suscipitur
1157 2909 1175 2953 a
1191 2892 1355 2972 praedicto
1369 2889 1424 2950 ira·

319 2997 370 3054 tro
390 3002 500 3055 nostro
523 2993 574 3056 rel
595 2993 742 3072 quolibet
762 2995 827 3056 alio
850 2995 880 3054 in
903 2994 1080 3058 haereticos
1102 2993 1186 3056 dicta
1207 2993 1409 3056 damnatio.»

398 3089 479 3156 ltem
507 3111 545 3158 ea
566 3094 632 3173 ipsa
664 3101 770 3158 aetate
791 3091 927 3175 vigilius
957 3093 1093 3160 biennes
1121 3095 1328 3174 respondens,
1348 3091 1425 3156 iden

317 3192 555 3274 propemodum
578 3195 678 3274 tangit
706 3205 936 3274 argumentans
956 3195 987 3257 in
1007 3195 1190 3275 praemissis
1211 3194 1251 3256 ad
1283 3191 1425 3258 iustinia-

319 3311 398 3360 nnm
411 3294 527 3358 litteris
548 3297 744 3374 expositum,
760 3298 837 3375 quin
859 3315 917 3359 uec
939 3297 1011 3358 bine
1032 3313 1090 3358 nee
1109 3293 1183 3358 inde
1198 3296 1365 3375 vestigium
1384 3292 1426 3354 di·

320 3401 496 3474 gnoscatur
516 3395 712 3474 quaestionis
733 3396 949 3475 origenianae,
971 3413 1041 3469 nee,
1058 3395 1144 3475 quod
1168 3396 1314 3466 solemus
1333 3393 1427 3458 eredi-

318 3501 375 3558 tur
396 3491 519 3568 tulisse,
541 3495 761 3558 anathematis.
795 3494 920 3560 Etenim
943 3505 1072 3576 practer
1094 3505 1298 3574 nuncupatos
1322 3495 1425 3556 baere-

319 3593 414 3668 ticos,
438 3593 519 3656 alios
539 3612 598 3660 seu
619 3593 803 3676 origenem,
819 3595 887 3660 sive
907 3597 1109 3676 origenistas,
1129 3597 1187 3676 qui
1208 3595 1359 3660 dienutur
1376 3605 1428 3670 per

319 3693 475 3758 famosam
498 3693 673 3774 Epistulam
699 3696 853 3772 damuati,
875 3697 972 3762 sicuti
993 3695 1033 3760 de
1065 3697 1183 3760 ceteris
1211 3697 1258 3759 ait
1288 3693 1426 3773 vigilius

320 3795 379 3860 bos
400 3794 530 3876 quidem
553 3795 731 3860 haereticos
750 3798 917 3860 damnatos
939 3798 1162 3868 recensuisset,
1177 3797 1358 3876 singillati-
1377 3807 1426 3852 eo·

318 3913 394 3960 rum
416 3904 563 3974 repetens
584 3898 733 3960 nomina:
763 3916 822 3962 nec
844 3898 1000 3962 ullimode
1020 3897 1189 3962 omittendi
1211 3906 1313 3967 orant,
1333 3895 1357 3957 si
1379 3907 1424 3951 re·

240 4037 245 4044 -
320 4013 398 4074 rere
419 4005 494 4062 uota
517 4005 593 4062 tuuc
614 3997 727 4062 luisset
748 3999 820 4062 talis
841 3997 1012 4062 iustiniani
1027 3997 1184 4078 Epistola,
1201 4006 1233 4064 et
1252 3999 1278 4060 si
1298 3992 1421 4073 vigilius

320 4096 533 4174 acquievisset
567 4097 711 4179 ejusdem
741 4099 909 4162 instantiae
940 4100 1096 4162 adversus
1132 4099 1312 4178 origenem.
1345 4090 1417 4153 1¹⁰¹!

320 4193 450 4280 qnando
473 4193 607 4281 vigilius
628 4197 702 4266 ildei
730 4199 964 4282 professionem
985 4199 1112 4280 accipit,
1135 4199 1312 4281 probatque
1330 4211 1346 4257 a
1362 4187 1416 4254 lu·
