2994 4938
288 500 293 556 i
319 479 468 555 ‘atstereh
489 481 611 546 locum:
627 497 666 563 ae
679 480 806 547 easdem
817 481 914 546 slmni
929 485 1097 564 pateretur
1111 483 1207 547 animi
1226 482 1423 558 turbationes,

330 601 412 664 qnae
433 580 631 664 Theophilus
651 584 719 666 ipse
741 583 815 648 tulit
840 590 957 648 unctor
984 591 1017 648 et
1038 601 1118 648 suus
1138 585 1169 648 iu
1192 585 1252 647 hac
1273 583 1423 647 infaustis

328 685 408 750 sima
424 685 611 766 quaestione
631 685 783 764 magister
797 693 830 748 ct
843 684 922 748 dux.
947 685 1052 748 Ambo
1067 689 1163 763 euim,
1181 695 1218 752 ut
1233 685 1314 762 dixi,
1328 687 1359 748 in
1372 685 1426 765 pri·

328 787 389 848 mia
409 785 557 876 Oripeuia
577 784 718 862 iabores,
738 785 926 861 seientiam,
949 803 987 849 ae
1007 787 1160 867 pietatum
1179 786 1220 850 atl
1241 787 1372 849 aethera
1389 785 1425 847 le

334 895 469 950 verunt:
485 885 599 950 deiude
612 888 740 965 penitus
761 893 967 966 respuerunt.
984 885 1073 948 Alius
1088 883 1224 950 mediam
1245 901 1425 967 percurren-

265 973 269 984 ’
331 995 379 1052 tus
402 988 508 1064 aiam,
530 986 688 1069 quaenam
711 985 891 1050 hdnmanlii
913 1004 1012 1066 opera
1034 989 1155 1067 quippe
1177 986 1268 1051 uliliu
1290 986 1425 1048 laudibus

330 1091 541 1165 decorarunt,
557 1089 620 1152 aliu
637 1087 845 1170 reprobantes
859 1089 1124 1152 condemnarunt.
1139 1087 1182 1152 Et
1201 1087 1281 1152 haec
1296 1085 1427 1152 omuibus

331 1192 474 1266 elucent,
491 1189 547 1272 qui
562 1187 749 1275 Hieronymi
771 1189 926 1270 speciales
941 1190 982 1254 de
1002 1189 1064 1253 hoo
1078 1197 1270 1270 argumento
1286 1195 1425 1252 tractatus

331 1293 469 1373 legerint
480 1313 491 1372 ς
512 1291 594 1358 adeo
615 1301 652 1356 nt
672 1291 845 1369 Editores,
867 1295 924 1372 qni
946 1292 1048 1372 probe
1069 1289 1258 1374 ilieronpmi
1280 1290 1365 1356 dieta
1382 1305 1427 1351 rx·

332 1389 524 1476 ponderum,
546 1392 664 1458 eutitii
674 1437 683 1471 ,
706 1394 834 1471 dicant,
857 1395 888 1456 in
909 1393 1097 1474 quaestione
1117 1393 1325 1474 origeniana,
1346 1387 1426 1454 astit-

332 1494 363 1560 h·
382 1495 443 1560 aiii
461 1504 582 1560 coastat
602 1515 628 1558 r.
647 1495 762 1560 Ductor
778 1517 786 1560 s
809 1493 923 1574 ariique
944 1493 1003 1558 ribi
1022 1495 1221 1558 adseratur.

415 1595 456 1662 tu
476 1598 640 1678 quomodo
661 1617 724 1662 nou
745 1599 788 1661 ita
820 1597 998 1679 putandum
1020 1600 1083 1661 erit
1100 1597 1142 1660 tle
1163 1593 1350 1678 huiusmodi
1368 1589 1428 1657 tlte

334 1699 462 1784 rouynai
483 1699 663 1764 conditione
677 1699 716 1761 in·
730 1700 792 1762 huc
813 1695 1143 1775 conliictu‘?Qnando
1164 1699 1247 1762 euim
1270 1697 1316 1760 ait
1335 1713 1358 1760 r.
1379 1691 1427 1756 De

334 1806 418 1874 ctor,
435 1797 608 1879 Origeuenr
621 1801 653 1864 iu
675 1803 912 1865 commentariis
927 1799 1109 1865 divinarum
1124 1797 1366 1880 Scripturarnm
1382 1793 1428 1858 sul

334 1897 541 1966 scholiorum
560 1900 611 1964 rel
623 1897 802 1966 'lemurum
817 1903 955 1978 nomine,
971 1911 1046 1981 apte
1064 1901 1293 1980 sapienterque
1306 1897 1427 1975 scripsis-

335 2019 383 2080 se;
397 2001 478 2066 adeo
501 2007 537 2064 ul
558 2018 617 2080 per
637 2001 771 2066 iliorum
788 2005 965 2066 versionem
987 2003 1118 2066 latinam
1139 1997 1269 2064 romoni
1288 2013 1428 2080 emamus

333 2110 404 2168 rant
422 2109 578 2184 quantum
597 2101 671 2166 huni
691 2113 719 2166 st
737 2111 811 2168 unte
831 2101 1012 2177 assuerim,
1033 2112 1062 2164 st
1082 2101 1160 2166 scire
1179 2110 1257 2165 tuac
1278 2095 1425 2180 coeperiatp

335 2205 385 2272 uti
407 2203 516 2270 ridere
529 2213 578 2268 est
597 2205 630 2267 iu
651 2203 792 2284 Prolupo
811 2204 1034 2268 commentarii
1054 2201 1221 2282 Evangelii
1241 2220 1268 2265 a.
1291 2199 1427 2264 Lamset

333 2306 366 2368 in
386 2305 491 2370 altero
513 2305 693 2372 Ezechielis
700 2327 712 2389 3
729 2305 804 2368 aiibi
819 2324 861 2368 ex
882 2305 1019 2369 adverso
1040 2303 1163 2379 scribit,
1179 2300 1298 2366 Tomos
1314 2302 1376 2366 lars
1390 2313 1426 2360 cr·

333 2406 464 2472 roribus
486 2407 597 2489 plenos
617 2406 795 2473 ossellum
816 2413 927 2472 autem
943 2407 990 2470 ita
1012 2405 1089 2471 rlioit
1108 2407 1140 2468 in
1155 2403 1338 2468 Blhliurum
1357 2415 1425 2462 nen·

333 2526 375 2591 pe
395 2510 596 2588 expositione
617 2519 650 2573 et
670 2509 701 2572 io
722 2527 839 2589 genere
860 2508 1059 2572 homiliatico
1073 2505 1280 2588 nequaqnam
1301 2501 1424 2568 olleuiir·

334 2628 370 2675 se
389 2609 575 2691 origenem:
598 2613 630 2676 in
650 2612 722 2674 aliis
738 2630 814 2674 vero
838 2609 1028 2675 tractatibus
1042 2617 1075 2674 et
1093 2611 1287 2689 pracsertim
1306 2607 1337 2670 iu
1353 2599 1425 2666 libris

333 2709 381 2776 Dc
400 2709 651 2788 Resurrectioue,
668 2712 712 2776 De
727 2710 916 2794 Principiis,
931 2719 960 2776 ct
980 2707 1173 2775 &remotum
1194 2716 1289 2790 putat
1302 2705 1424 2787 protana

336 2813 489 2891 absurda,
509 2815 670 2897 impiaque
692 2815 827 2879 dictasse
841 2835 851 2878 a
867 2835 886 2875 a
901 2813 994 2890 Quis,
1009 2811 1163 2877 scribitiu
1177 2809 1322 2891 Epistola
1340 2801 1384 2872 84.
1396 2799 1425 2864 ti

336 2912 579 2982 Panamaulrlum
594 2924 628 2980 ot
639 2914 807 2981 Oceanum
824 2935 854 2979 n.
868 2914 899 2980 l.
915 2917 987 2996 quia
1008 2915 1184 2977 latinorum
1206 2929 1307 2975 ausus
1324 2915 1367 2972 est
1383 2921 1426 2968 uu

336 3031 436 3096 qnam
458 3016 633 3081 transferre
653 3018 755 3082 libros
774 3017 847 3099 eiua
868 3013 1057 3098 (Oripcnis)
1075 3013 1118 3077 lla
1138 3002 1426 3085 Resurrectionem

337 3113 519 3196 Principiis
538 3125 567 3182 rt
588 3113 780 3183 &rumetum
793 3113 845 3182 i»

418 3216 462 3281 Et
476 3219 536 3284 hoc
550 3221 608 3296 ait,
629 3220 721 3299 quasi
736 3219 1007 3302 praesumentum
1027 3225 1122 3292 esset,
1146 3215 1236 3280 alind
1259 3222 1385 3295 tempus,
1402 3224 1425 3268 r

337 3317 610 3398 liam‘materiam,
633 3321 734 3386 alium
750 3339 885 3403 scopum
906 3321 948 3385 ob
962 3320 1076 3383 oculos
1097 3318 1247 3383 habuisse
1266 3317 1423 3394 Origenetts

337 3418 467 3497 qnando
489 3428 554 3483 tam
575 3419 701 3486 diversa
722 3429 755 3485 et
775 3439 908 3501 prorsus
939 3421 1102 3486 contraria
1124 3419 1245 3498 scripto
1267 3410 1422 3479 mandarit:

338 3537 398 3582 aen
418 3523 510 3600 quasi
539 3522 689 3602 dogmata
718 3522 859 3586 discussa
882 3521 935 3585 vel
954 3521 996 3584 e'r
1028 3519 1196 3602 professo,
1221 3517 1272 3582 rel
1292 3516 1385 3580 obiter
1400 3509 1422 3567 it

338 3619 520 3686 Bibliornm
541 3641 711 3688 sacrorum
732 3622 1017 3704 interpretatione,
1039 3639 1077 3684 ac
1103 3620 1292 3702 praesertim
1313 3607 1423 3680 homilis

341 3723 374 3786 iu
401 3731 495 3788 vetus
516 3733 547 3788 et
579 3744 698 3790 norum
723 3723 986 3800 Testamentum,
1014 3741 1079 3786 uon
1098 3717 1342 3793 eadem'essent,
1361 3723 1423 3792 unit

341 3828 552 3908 pertractavit
566 3827 597 3888 io
612 3825 710 3890 Libro
723 3826 767 3890 De
783 3823 944 3900 Oratione,
961 3823 1007 3887 De
1019 3821 1192 3903 Murtprio,
1205 3831 1316 3886 contre
1331 3813 1423 3880 alea

341 3931 375 3990 ei
395 3926 567 4008 praecipue
588 3930 620 3991 in
642 3927 848 4006 Periurclson,
865 3929 896 3990 iu
910 3923 1129 4002 stromatibus,
1151 3929 1184 3988 et
1203 3924 1237 3985 in
1258 3919 1372 3986 duobus
1386 3907 1423 3972 1ιὶ·

341 4027 408 4100 bris
430 4026 473 4091 Dc
494 4025 754 4104 Bremtonicum
777 4034 808 4094 iu
830 4031 949 4111 quihus
963 4028 1104 4092 maxime
1124 4023 1422 4090 laboravttatmrrus

342 4129 535 4206 haereticos,
558 4138 591 4194 et
613 4132 767 4212 gentiles:
791 4134 851 4196 hoc
873 4137 921 4195 est
941 4129 981 4194 tle
1002 4127 1071 4193 Deo
1092 4127 1272 4209 disputans,
1293 4125 1329 4188 tle
1345 4111 1422 4181 irini·

342 4238 421 4312 tate,
443 4233 483 4298 de
504 4231 623 4300 Christi
637 4235 813 4313 divinitate,
831 4234 871 4300 do
893 4232 1126 4310 incarnatione,
1144 4229 1184 4295 tle
1204 4231 1319 4304 anima,
1338 4221 1370 4284 tit
1384 4227 1422 4278 u·
