3126 4936
1160 385 1201 454 bil

173 488 233 554 lsla
249 507 329 554 sene
344 493 404 554 etsi
427 493 516 554 brevi
532 491 585 554 soil
608 493 777 570 perspicuo
793 492 937 572 exposita
958 508 1118 568 sermone,
1136 509 1200 555 nou

103 593 184 656 aliter
213 596 405 672 exprimunt
425 611 521 674 quam
552 593 742 676 Symbolum
764 593 835 656 fidei
857 595 1030 670 nicaenae,
1057 599 1091 655 et
1110 609 1196 672 qnae

102 703 163 754 ante
183 693 274 756 iilam
306 694 472 776 Synorlum
504 695 708 757 uniformiter
729 695 891 757 coelessus
912 702 982 770 esi,
1007 694 1194 772 scriptoque

102 793 253 854 mandavit
284 792 452 871 Origenes.
488 791 515 856 ls
536 792 641 867 enim,
664 803 793 873 praeter
811 811 861 865 ea,
884 811 968 873 qnae
987 792 1136 874 superins
1158 792 1197 854 ile

102 897 158 974 ipso
178 897 262 956 illota
286 896 415 957 suntin
439 893 532 958 Parte
551 896 703 969 secunda,
727 895 765 956 de
787 897 848 958 boc
870 905 1008 958 tractans
1030 896 1195 980 mysterio,

101 996 229 1060 Humilia
254 994 295 1058 V.
318 996 356 1057 io
379 995 521 1058 Exodum
543 1015 573 1058 n.
594 994 624 1060 3.
650 997 775 1076 iuquit:
799 1019 815 1054 a
840 997 984 1076 Denique
1005 1015 1078 1058 cum
1101 994 1199 1060 confi·
1265 1013 1269 1020 ’

100 1099 183 1160 tearis
200 1117 305 1160 unum
322 1096 447 1171 Deum,
470 1098 647 1176 eademque
661 1097 857 1160 confessione
880 1097 1007 1160 Patrem
1025 1105 1057 1159 et
1078 1093 1196 1158 Filium

100 1209 125 1258 et
137 1198 296 1276 Spiritum
312 1197 464 1262 Sanctum
486 1216 609 1260 asseras
631 1217 729 1262 unum
746 1198 861 1274 Deum,
884 1217 981 1279 quam
999 1205 1194 1268 tortuosum,

98 1317 184 1378 qnam
207 1297 353 1370 difficile,
376 1315 472 1376 qnam
494 1299 715 1360 inextricabile
738 1300 866 1362 videtur
887 1299 948 1360 boc
971 1315 1040 1360 esse
1059 1295 1196 1358 infideli·

98 1399 175 1462 bns?
189 1399 277 1460 Tum
301 1399 414 1460 deinde
435 1418 507 1461 cum
524 1401 600 1462 dicis
623 1397 792 1463 Dominum
809 1400 980 1480 majestatis
1001 1398 1196 1462 erneiflxnm

98 1513 123 1564 et
143 1499 266 1563 Filium
290 1501 428 1562 bominis
448 1519 537 1572 esse,
560 1503 615 1581 qui
637 1502 798 1564 descendit
819 1502 857 1562 de
878 1501 988 1576 coelis,
1011 1517 1108 1580 qnam
1131 1507 1198 1562 tor·

100 1614 180 1664 tuosa
206 1604 291 1663 baec
313 1602 486 1676 vitientur,
518 1613 550 1664 et
570 1620 667 1682 qnam
689 1600 857 1666 dillioilia'?
878 1599 942 1678 Qui
963 1601 1065 1676 audii,
1086 1602 1112 1664 si
1135 1617 1198 1664 non

104 1725 161 1768 enm
178 1705 246 1765 lide
262 1703 385 1776 audiat,
403 1703 479 1764 dieii
498 1704 572 1781 quia
594 1713 704 1767 errant
718 1706 780 1768 isti.
795 1703 855 1766 Sed
879 1713 913 1766 iu
930 1703 1013 1765 tirus
1028 1712 1115 1780 esto;
1138 1719 1199 1766 nee

101 1807 218 1868 inbites
234 1805 276 1865 ile
292 1803 476 1884 hujusmodi
498 1803 571 1879 lide,
587 1807 687 1868 sciens
702 1807 776 1884 quia
793 1803 880 1868 Deus
896 1804 950 1866 tibi
964 1801 1102 1866 ostendit
1116 1803 1199 1864 banc

100 1907 166 1970 blei
183 1909 285 1968 riam.
303 1924 320 1962 a
339 1903 379 1968 Et
393 1906 491 1984 paulo
511 1915 583 1986 post
603 1905 742 1969 Humilia
758 1905 813 1969 vt.
829 1923 860 1968 n.
875 1903 906 1970 5.
932 1902 1126 1984 amplissime
1136 1903 1199 1966 boc

96 2006 258 2070 Trinitatis
281 2009 469 2090 mysterium
490 2025 529 2068 ao
559 2025 621 2069 una
645 2016 708 2072 ires
730 2026 902 2087 personas,
927 2008 1019 2070 nullo
1041 2008 1124 2068 iuter
1143 2022 1197 2068 eas

96 2111 226 2170 cedente
248 2107 458 2198 discrimine,
479 2109 642 2176 celebret.
668 2110 795 2172 dicens:
813 2109 964 2172 «Nullus
986 2126 1064 2188 ergo
1086 2109 1117 2168 iu
1138 2106 1198 2169 diis

94 2211 204 2272 similis
229 2209 388 2270 liomiuo:
413 2209 522 2270 nulius
543 2213 626 2272 euim
649 2211 825 2285 invisibilis,
843 2211 952 2273 nullus
973 2212 1197 2289 incorporeus,

97 2313 207 2374 nullus
223 2309 445 2383 immutabilis,
461 2312 571 2376 nullus
585 2313 651 2374 sine
667 2315 756 2375 initio
772 2323 803 2376 et
817 2315 882 2375 sine
898 2312 971 2383 line,
987 2310 1097 2373 nullus
1111 2325 1201 2371 orca-

97 2423 147 2476 lor
168 2414 328 2480 omnium,
351 2411 409 2472 nisi
434 2411 528 2473 Pater
548 2432 621 2474 cum
647 2411 730 2476 Filio
750 2425 782 2476 et
803 2413 924 2492 Spiritu
945 2408 1102 2477 sancio.»

174 2513 258 2577 Cum
285 2515 384 2591 igitur
412 2511 566 2593 Origenes
592 2516 622 2576 in
649 2517 759 2578 eadem
782 2516 844 2578 lide
871 2535 945 2580 eum
966 2513 1105 2577 Eusebio
1129 2529 1204 2576 con-

99 2617 226 2693 veniat;
242 2623 274 2676 et
289 2612 448 2676 Eusebius
463 2616 573 2677 eadem
589 2617 781 2696 profiteatur
793 2635 878 2697 quae
891 2616 1065 2695 Origenes3
1081 2621 1114 2676 et
1126 2631 1201 2678 cnm

98 2726 240 2795 uterque
256 2717 324 2778 sive
345 2725 450 2790 autea,
466 2718 532 2779 sive
547 2727 617 2797 post
639 2720 723 2781 circe
747 2719 807 2782 boe
821 2721 935 2798 dogma
951 2716 1079 2802 Synodo
1099 2715 1203 2777 nicae·

98 2839 156 2881 uae
177 2820 376 2891 consentiat,
410 2819 456 2880 nli
478 2821 508 2879 iu
529 2821 595 2898 ipsa
629 2821 795 2884 definitum
817 2829 864 2883 est
885 2822 924 2882 de
946 2821 1006 2881 boe
1036 2817 1201 2902 mysterio,

100 2931 248 2984 rostrum
264 2921 431 2982 invalescit
450 2923 671 3002 propositum3
687 2933 719 2986 et
740 2923 835 3004 gladii
850 2923 1076 2986 obtunduntur
1088 2919 1202 2982 adver·

98 3027 237 3088 santium
259 3023 291 3083 in
311 3022 496 3101 quaestione
517 3022 709 3102 origeniana.

176 3123 352 3203 Postquam
375 3141 453 3186 vcro
475 3124 568 3202 plura
591 3124 796 3190 discussimus
812 3145 870 3208 pro
901 3125 1028 3188 Eusebii
1050 3123 1204 3187 ortboilo·

99 3229 163 3300 xia,
187 3225 262 3286 iude
284 3244 415 3305 quoqne
438 3226 630 3288 revolvenda
653 3227 684 3288 io
705 3226 852 3307 Origenis
872 3226 1024 3300 laudem,
1047 3243 1109 3288 non
1129 3233 1204 3287 sunt

98 3326 383 3406 praetermittenda
408 3326 523 3388 veteris
555 3324 718 3391 Ecclesiae
748 3329 939 3390 documenta
961 3326 1001 3389 de
1022 3326 1120 3406 bujus
1140 3325 1206 3406 epi·

98 3431 186 3510 scopi
208 3429 388 3490 sanctitate.
424 3427 458 3488 ln
480 3428 586 3506 priseo
608 3423 774 3490 Breviorio
809 3428 818 3506 (
830 3428 917 3490 testis
937 3434 986 3490 est
1007 3424 1153 3489 Valesius
1173 3427 1207 3486 in

100 3535 162 3594 rita
179 3530 290 3606 iilius)
306 3526 470 3592 Ecclesiae
492 3527 714 3592 lemovicensis
729 3531 915 3592 celebratur
929 3527 1081 3590 memoria
1097 3545 1122 3590 s.
1141 3525 1206 3590 En·

34 3663 35 3708 g
100 3633 177 3694 sebii
197 3630 340 3710 episcopi
372 3637 404 3692 et
429 3629 641 3694 confessoris:
659 3629 752 3694 «tlte
783 3649 857 3694 cnm
888 3628 1061 3710 aliquando
1093 3627 1203 3688 ariana

34 3727 35 3744 ¹
103 3735 227 3795 baeu-esi
249 3731 440 3803 laborasset,
463 3731 504 3794 ad
525 3731 689 3813 Synodum
710 3732 874 3794 nicaenam
896 3729 1060 3802 accedens,
1082 3727 1205 3809 Spiritu

34 3871 35 3888 ι
102 3835 216 3900 &ueto
232 3833 406 3912 inspiratus
423 3831 555 3896 Patrem
571 3834 757 3896 sententiam
772 3840 903 3897 secutus
924 3839 982 3894 est.
999 3829 1046 3893 lic
1059 3829 1206 3910 deinceps

34 3927 35 4002 i
100 3935 256 4016 usquead
272 3943 409 3998 mortem
424 3935 619 3996 sanctissime
633 3952 707 3996 cum
721 3933 903 3997 orthodoxa
919 3933 980 3996 lide
994 3933 1112 3994 vixit.»
1128 3929 1207 3996 item

34 4015 35 4034 ¹
104 4035 133 4096 in
147 4034 393 4120 blariyrologiis
415 4029 552 4096 Usuardi
568 4042 601 4096 et
614 4031 769 4096 Nolcberi
790 4033 841 4096 ilie
855 4029 905 4096 el.
925 4033 1039 4096 mensis
1059 4030 1148 4096 lunii
1163 4033 1210 4096 le·

34 4191 35 4194 ,
103 4145 184 4200 stum
204 4156 230 4201 s.
253 4135 387 4200 Eusebii
409 4135 549 4214 episcopi
570 4140 603 4198 et
623 4133 825 4199 confessoris.
849 4132 891 4197 Et
911 4133 942 4196 iu
963 4133 1104 4214 quodam
1126 4135 1209 4198 anti·

105 4242 252 4320 quissimo
267 4239 380 4304 codice
394 4237 571 4318 parisiensi,
587 4237 644 4318 qni
663 4235 826 4302 Historiae
845 4235 1088 4302 Ecclesiasticus
1107 4235 1209 4302 libros
