3138 4950
114 532 250 600 fervente
278 531 468 601 Pontificum
496 531 732 612 Romanorum,
761 531 792 597 in
822 531 885 598 fide
915 549 1054 596 consona
1076 529 1221 596 Orientis

113 642 143 699 et
154 633 331 702 Occidentis
350 639 536 704 laetnhatnr
556 636 715 715 Ecclesia,
737 633 961 701 tantummodo
982 635 1133 699 miserete
1155 634 1217 698 tria

112 733 251 820 Capitula
273 738 512 804 defendentium
531 739 680 804 schismn.

186 835 392 906 schismatici.
409 839 462 906 Ex
482 840 632 919 adverso,
649 845 729 906 teste
744 837 899 906 Facundo
913 857 988 905 cnm
1003 837 1087 915 eliis,
1103 839 1218 906 codem

114 943 264 1021 tempore,
287 940 368 1008 idest
395 939 579 1008 festiniano
600 943 791 1023 imperante,
813 939 1014 1021 potissimum
1046 939 1216 1006 fervebant

13 1045 20 1084 ἱ
113 1043 294 1121 nestoriani,
316 1045 516 1128 eutychiani,
539 1043 686 1126 acephali
709 1049 753 1106 et·
771 1041 965 1123 origenistae
997 1041 1040 1105 ob
1062 1040 1220 1126 Principis

15 1158 20 1184 ¹
112 1143 252 1208 favorem
272 1164 349 1227 erge
370 1147 564 1222 haereticos,
587 1155 619 1210 et
640 1146 682 1210 nh
703 1141 925 1210 Romanorum
949 1142 1141 1209 Pontificum
1163 1145 1219 1212 ti-

111 1245 173 1322 gilii
192 1256 224 1311 et
246 1247 366 1330 Pelagii
388 1248 413 1313 l.
439 1248 761 1329 praevaricationem.

513 1521 516 1526 ,
617 1448 706 1516 XXV

189 1644 356 1714 Catholici.
376 1647 546 1716 Pontifices
562 1650 698 1715 ilomrni
716 1659 749 1717 ct
768 1653 877 1718 cuncti
891 1653 979 1717 orhis
995 1652 1148 1717 catholici
1170 1670 1224 1716 an·

108 1749 215 1814 listiles
236 1750 456 1818 fustinianum
478 1753 551 1818 fidei
573 1755 777 1818 orthodoxae
798 1763 1073 1838 propugnatorem
1095 1773 1221 1819 nuncu-

110 1856 194 1929 pant,
209 1864 241 1916 et
254 1855 428 1918 haeresum
449 1859 646 1922 acerrimum
665 1857 803 1932 hostem,
818 1858 960 1922 alterum
975 1855 1219 1923 Constantinum

108 1951 137 2013 in
157 1955 312 2034 regimine
333 1957 472 2036 imperii,
495 1956 589 2038 cnjus
610 1967 725 2021 concta
747 1959 851 2022 edictu
871 1975 968 2023 sensu
990 1959 1152 2023 catholieo
1173 1956 1223 2020 dl·

13 2071 16 2110 ι
108 2061 189 2118 clnta
210 2057 435 2120 acclamantur
443 2078 455 2138 3
486 2057 623 2140 ejusque
644 2077 759 2123 nornen
781 2067 852 2140 post
882 2059 1007 2124 obitum
1027 2059 1089 2124 suh
1116 2058 1220 2122 dentes

13 2173 14 2210 1
107 2165 133 2217 et
152 2153 243 2221 divae
264 2156 428 2222 memoriae
449 2159 545 2223 titulo
565 2159 752 2224 celebratur
773 2161 803 2224 in
824 2159 982 2226 Ecclesia.

181 2254 384 2322 Schismatiei
404 2257 526 2340 aliique
546 2259 703 2326 maledici.
734 2260 925 2328 Pontificum
946 2259 1055 2344 Vigrlii
1076 2269 1109 2327 ct
1129 2261 1221 2327 Pele·

108 2355 148 2435 gii
169 2366 201 2422 et
222 2359 365 2425 aliorum
387 2364 614 2446 episcoporum
636 2365 862 2428 insectatorem
883 2365 1049 2447 increpant
1069 2363 1222 2430 fustinia-

108 2471 197 2537 num,
224 2462 397 2528 haerescos
427 2465 698 2551 eutychianorum
720 2473 753 2530 et
777 2467 1010 2550 acephalorum
1035 2473 1222 2546 pntrounm,

107 2563 229 2625 erroris
254 2561 555 2656 Incorruptihitinm
574 2567 776 2634 defensorem
790 2590 813 2660 ;¹
828 2587 867 2634 nc
887 2568 1017 2635 demum
1034 2569 1165 2653 ignohili
1185 2586 1224 2633 nc

109 2663 281 2726 temeraria
304 2666 567 2748 praesumptione
598 2676 747 2734 esserunt
765 2669 799 2734 in
819 2669 945 2738 haeresi
965 2670 1168 2748 defunctum,
1190 2685 1225 2733 u·

108 2759 173 2837 pud
200 2763 323 2830 interos
349 2769 458 2848 poenis
480 2767 656 2836 multatum
677 2773 827 2839 aeternis.
