3028 4942
473 503 611 590 canus
639 503 724 584 vus.
1113 411 1151 482 8¹

75 727 234 793 Sanctorum
255 727 392 792 Petrum
411 724 599 801 Athanasii,
615 723 752 796 Basilii,
777 720 926 804 Greporei
946 725 1154 798 nazianzeni,

104 826 236 909 Gseporii
253 829 398 910 nysseni,
415 827 552 904 Hilarii,
567 825 732 902 Ambrosii,
755 822 951 905 aliorumque
971 821 1156 890 documento

99 929 317 1012 perquiruntur
337 933 374 995 de
389 926 535 1010 Oripeais
556 925 702 991 doctrm
718 935 746 989 et
766 925 836 1004 fide.

74 1169 242 1296 posthaec
262 1233 290 1295 si
305 1231 345 1295 de
361 1231 495 1314 reliquis
514 1232 678 1298 Ecclesiae
690 1233 915 1314 scriptoribus,
935 1229 1045 1294 seculo
1059 1245 1157 1309 quar·

75 1332 244 1408 trinepote,
267 1334 459 1396 documenta
481 1333 654 1413 decerpere
676 1334 813 1398 velimus
827 1337 860 1397 in
878 1331 1027 1412 Origenis
1048 1329 1156 1394 deien-

74 1434 193 1510 siouem‚
214 1435 367 1516 specialia
387 1453 463 1499 sane
491 1436 546 1498 six
575 1431 682 1516 colligi
704 1445 856 1516 possunt,
885 1417 979 1499 sicuti
1010 1435 1041 1496 in
1062 1449 1155 1512 prae·

76 1531 234 1598 ementibus
257 1537 380 1598 iactum
402 1545 460 1600 est.
486 1535 635 1598 Attamen
660 1537 854 1616 investigatis
874 1553 989 1600 eorum
1007 1536 1155 1616 scriptis,

78 1637 135 1698 ulis
151 1639 329 1715 probatur,
352 1640 435 1720 ipsos
456 1639 488 1699 iu
514 1636 661 1717 Origeuis
682 1641 852 1717 operibus,
880 1655 1083 1718 nequaquam
1108 1643 1158 1700 tot

79 1737 194 1816 uotique
213 1739 368 1802 momenti
388 1746 495 1802 errata
517 1742 686 1818 reperisse,
711 1735 756 1802 n'ti
779 1737 891 1800 deinde
912 1743 1155 1817 praesumptum

76 1843 126 1912 est,
139 1853 208 1902 cum
219 1839 288 1920 jam
303 1841 454 1903 Auctoris
468 1840 543 1902 libri
559 1859 635 1921 prae
650 1840 795 1903 manibus
811 1840 1006 1901 haberentur
1020 1845 1053 1900 et
1067 1855 1157 1916 grae·

75 1953 166 2001 corum
181 1949 213 2004 et
231 1943 422 2006 latinorum.
438 1941 552 2022 quue
572 1943 672 2027 magis
692 1943 718 2005 si
740 1941 972 2014 consideretur,
994 1937 1156 2018 praelatos

75 2035 165 2104 Patres
184 2061 246 2106 uon
271 2045 380 2108 solum
402 2043 646 2108 transcribendis
671 2043 834 2108 codicibus
852 2040 999 2120 origenis
1021 2039 1156 2118 graecis,

74 2141 118 2200 sed
135 2149 164 2204 et
182 2143 282 2208 latine
303 2145 464 2208 vertendis
489 2162 619 2225 operam
642 2144 777 2219 dedisse,
794 2149 830 2206 ut
844 2142 980 2222 posteris
995 2139 1158 2235 traderent

73 2239 243 2307 mddelinm
258 2244 513 2310 aedificationem
528 2254 560 2310 et
580 2247 620 2310 ad
636 2247 807 2310 christiana
829 2245 979 2324 dogmata
1000 2241 1158 2310 adversus

73 2339 231 2409 haereticos
245 2347 480 2427 propugnanda
494 2349 570 2411 satis
584 2347 854 2412 accommodatos.
1162 2347 1166 2359 '

137 2441 317 2511 Plurimum
349 2431 474 2511 interim
495 2449 673 2529 quaestioni
691 2441 822 2512 'nostrae
844 2449 988 2530 proderit
1014 2467 1075 2530 pro
1096 2449 1158 2514 sin·

72 2547 291 2628 ceraOrigenis
311 2568 386 2631 erga
407 2549 570 2614 Trinitatis
592 2553 780 2636 mysterium
802 2553 1011 2628 confessione,
1028 2551 1117 2633 quud
1138 2569 1158 2615 a

73 2641 136 2708 diro
148 2646 321 2714 Athanasio
343 2651 482 2716 traditur
497 2653 528 2714 in
549 2651 691 2732 Epistola
715 2653 757 2715 De
771 2651 899 2718 decretis
918 2651 1037 2734 Synodi
1056 2648 1164 2716 aiooe·'

74 2761 123 2808 ooe
135 2759 240 2815 contra
259 2752 415 2831 Arianos3
431 2752 486 2816 ubi
502 2755 596 2817 valde
612 2774 648 2818 ea
665 2756 792 2818 decreta
808 2764 989 2836 propugnat
1003 2756 1156 2835 exipsius

73 2844 202 2930 Origents
229 2853 442 2919 documentis.
472 2855 571 2932 Qneis
591 2875 622 2919 n.
652 2855 702 2922 27.
729 2859 921 2921 Athanasius
954 2857 1161 2939 prudentissi·

74 2965 116 3013 me
134 2957 243 3031 praeit,
268 2958 564 3036 comprehendens,
586 2959 697 3037 plures
719 2956 867 3036 deceptos
882 2977 961 3032 esse,
978 2975 1091 3020 earum
1113 2955 1159 3018 ln·

73 3053 152 3130 solos,
166 3075 245 3136 quas
269 3056 394 3122 ductor
413 3059 635 3137 disputationis
657 3061 757 3138 gratia
781 3057 898 3136 (sicuti
924 3059 1045 3137 pluries
1066 3066 1159 3121 autea

75 3152 290 3234 animadverti)
312 3175 374 3221 uon
395 3157 572 3220 affirmandi
594 3159 648 3220 sed
671 3159 865 3238 disquirendi
887 3159 1005 3233 studio,
1023 3158 1161 3221 baereti-

75 3267 172 3318 comm
184 3259 357 3322 sententias
373 3259 405 3321 in
422 3259 562 3323 medium
577 3261 770 3338 protulerat,
787 3260 829 3320 ita
845 3265 883 3322 ut
902 3259 1015 3322 deinde
1036 3276 1089 3322 eas
1104 3277 1160 3321 ex·

76 3353 193 3433 cofisus,
213 3375 346 3422 errores
360 3377 475 3422 eorum
492 3359 692 3438 exploderet.
709 3357 751 3421 Et
763 3357 805 3422 ob
819 3358 881 3422 boc
903 3359 1029 3438 inquit:
1050 3355 1161 3420 «Ver-

75 3447 137 3516 bum
157 3475 256 3536 porro
272 3459 479 3522 aeternaliter
491 3477 560 3522 esse
574 3479 649 3524 cum
666 3459 773 3535 Patre,
789 3478 893 3542 neque
911 3461 1045 3524 alterius
1058 3474 1161 3521 essen-

76 3549 137 3628 tiae,
150 3565 206 3622 aut
226 3559 434 3637 substantiae,
454 3559 622 3642 Patrisque
641 3564 691 3624 sui
707 3565 876 3643 proprium
892 3559 1022 3636 Filium,
1040 3568 1077 3622 ut
1091 3573 1162 3622 san·

76 3653 160 3717 citum
179 3665 228 3720 est
247 3660 288 3721 ab
307 3657 384 3734 illis,
401 3661 456 3742 qui
477 3659 605 3744 syuodo
626 3661 979 3739 intercontinuante
1000 3661 1106 3723 denuo
1119 3651 1172 3720 cx'

77 3747 224 3822 laborioso
238 3759 296 3823 illo
317 3760 458 3841 Origene
477 3762 601 3824 andire.
625 3759 717 3838 Quae
738 3764 821 3824 enim
844 3764 944 3825 veluti
966 3757 1159 3841 disputandi,

10 3903 15 3926 ,
79 3858 269 3940 oerundique
290 3863 391 3940 gratia
412 3862 551 3943 scripsit,
565 3879 601 3926 aa
624 3881 686 3925 non
702 3871 853 3943 tanquam
874 3865 974 3943 ipsius
997 3861 1094 3926 verba
1116 3861 1161 3924 ita

79 3958 226 4035 cogitantis
246 3965 382 4044 accipiat
402 3966 495 4044 quis5
528 3963 582 4027 sed
604 3983 741 4042 eorum,
764 3967 820 4045 qui
841 3965 1062 4045 disputationis
1083 3955 1170 4042 ergo'

79 4063 253 4127 contendere
272 4065 467 4146 cupiebant,
489 4065 672 4145 accipienda
693 4075 778 4130 sunt.
802 4065 910 4145 Hujus
930 4066 1072 4128 sollertis
1093 4081 1163 4126 sen·

79 4159 163 4224 untia
181 4163 260 4228 baec
280 4165 339 4228 esti
361 4165 437 4230 Post
457 4166 539 4228 enim
562 4185 612 4244 ea,
628 4186 711 4249 quae
732 4166 875 4229 certandi
897 4167 1010 4246 gratia,
1026 4165 1116 4246 quasi
1131 4166 1163 4224 in

80 4257 220 4331 Palaestra
242 4263 398 4330 adsersus
420 4266 597 4330 haereticos
618 4265 821 4345 adduxerat,
853 4269 959 4332 statim
979 4269 1056 4343 ista,
1079 4282 1163 4345 quau

81 4363 192 4440 Propria
212 4368 312 4447 ipsios
332 4373 419 4443 suut,
441 4366 619 4432 subintulit.

188 4462 250 4530 iol.
271 4463 338 4532 ΙΙΙ.
949 4465 970 4534 6
