3028 4942
331 491 538 573 multumque
556 485 732 558 insectatus
744 491 877 571 inisset;
894 495 1003 572 postea
1019 492 1124 554 tamen
1138 489 1230 570 qnasi
1244 487 1431 570 palinodiam

330 609 458 669 camena,
480 594 512 657 in
533 593 673 674 dialogo,
689 612 785 674 quem
803 591 960 656 Xenonem
977 592 1146 672 inscripsit,
1162 609 1284 655 summa
1300 593 1371 674 eins
1385 594 1434 656 ad·

330 695 502 760 miratione
521 697 740 777 prosequitur.
769 695 840 776 Ego
862 711 940 759 sero
964 715 1006 759 ex
1035 695 1167 758 illorum
1194 695 1434 775 reprehensione

329 793 451 875 aliquid
480 797 618 877 amplius
638 798 677 859 ad
707 797 1013 860 commendationem
1040 795 1188 876 Origenis
1217 795 1354 860 affirmo.
1377 796 1435 873 Qui

329 897 413 958 enim
434 899 539 961 omnia
562 898 703 980 undique
724 900 984 978 conquisierunt,
1015 916 1099 978 qnae
1127 897 1374 977 reprehensione
1394 898 1435 960 di·

329 1013 389 1076 gna
410 998 645 1076 existimabant,
669 1000 713 1075 bi,
730 1008 817 1062 certe
831 1017 906 1062 cum
922 1001 1049 1062 minime
1064 998 1158 1062 illum
1175 997 1434 1077 reprehenderint

330 1099 483 1181 tanquaui
504 1100 544 1164 de
563 1108 671 1165 sancta
692 1093 847 1165 Trinit'ate
867 1102 952 1164 male
972 1102 1170 1175 sentientem,
1193 1106 1301 1162 rectae
1322 1117 1361 1164 ac
1379 1099 1435 1162 sin·

329 1219 424 1268 cerae
446 1204 570 1282 pietatis
591 1204 809 1268 testimonium
829 1205 858 1266 ei
888 1202 1057 1284 perhibere
1083 1200 1339 1266 manilestissimn
1366 1219 1436 1264 oon·

328 1305 549 1368 vincuntur.»

407 1401 624 1468 Nihilominus
645 1405 677 1466 iu
698 1422 750 1481 eo,
773 1403 861 1486 quod
876 1423 917 1468 ex
933 1404 1045 1485 priscis
1058 1403 1272 1483 scriptoribus
1283 1403 1435 1465 sinceram

328 1481 483 1583 origenis
498 1503 593 1567 fidem
613 1504 653 1569 de
674 1505 779 1568 divina
800 1502 957 1569 'trinitate
976 1523 1011 1568 se
1032 1505 1151 1567 habere
1172 1503 1250 1568 dicit
1269 1501 1434 1574 Socrates,
1509 1551 1510 1554 ,

329 1603 362 1666 iu
382 1604 447 1668 illis
468 1605 572 1684 ipsum
601 1612 681 1685 puto
710 1604 849 1669 noluisse
878 1605 1034 1668 censitum
1063 1603 1300 1683 Theophilum
1322 1604 1435 1683 quippe

329 1706 390 1768 iste
411 1723 446 1767 ea
470 1714 574 1769 aetate
590 1706 728 1781 vivebat,
746 1707 800 1769 nbi
813 1713 921 1770 actum
936 1717 983 1770 est
998 1705 1038 1768 de
1050 1706 1199 1786 Origenis
1214 1706 1434 1782 anathemate3

328 1807 423 1888 cnjus
444 1809 510 1887 ipse
530 1817 647 1872 auctor
668 1809 862 1889 praecipuus
883 1826 957 1873 cnm
979 1806 1091 1883 luerit,
1114 1808 1273 1889 probatur
1291 1809 1436 1870 eumdem

326 1907 413 1971 haud
435 1909 651 1973 dissimulasse
671 1911 908 1973 accusationem
928 1918 1040 1973 contra
1053 1908 1226 1990 Origeuem
1242 1909 1282 1972 de
1298 1911 1361 1972 hoc
1376 1925 1437 1993 mp-

327 2012 439 2086 sterio,
462 2011 641 2092 quinimmo
662 2013 766 2092 ipsum
788 2001 990 2092 nuncupasse
1011 2011 1233 2092 blasphemum
1255 2023 1370 2074 eontra
1384 2009 1436 2074 liei

329 2107 357 2173 F
360 2111 463 2186 ilium,
478 2111 615 2192 ejusque
628 2129 703 2176 cum
718 2109 815 2176 Patre
830 2113 997 2188 unitatem,
1014 2113 1434 2189 essentiamaeternitatem.

329 2209 424 2288 Quod
447 2230 546 2289 porro
565 2212 678 2276 scribit
697 2213 845 2280 Socrates
866 2214 905 2277 de
927 2213 1083 2281 Methodii
1105 2214 1265 2294 palinodia
1289 2222 1436 2295 tamqnam

326 2321 421 2377 antea
443 2313 542 2378 luerit
561 2312 695 2393 Origeni
715 2314 869 2391 intensus,
892 2315 1005 2378 deinde
1027 2326 1194 2397 patronus,
1213 2323 1354 2381 testator
1370 2314 1438 2379 llic-

328 2430 485 2496 ronpmus
498 2433 539 2478 ex
554 2413 695 2480 Eusebio
710 2417 741 2478 in
756 2415 853 2480 Libro
869 2415 924 2480 Vl.
941 2417 1130 2498 apologiae,
1146 2417 1302 2482 dicentis:
1320 2439 1338 2478 a
1354 2415 1436 2494 Quo-

330 2516 429 2579 modo
449 2534 548 2580 ausns
568 2525 617 2580 est
636 2516 822 2584 Methodius
843 2537 929 2584 nunc
948 2525 1060 2582 contra
1086 2517 1257 2598 Origenem
1285 2519 1436 2590 scribere,

332 2620 389 2700 qni
411 2620 491 2682 baec
511 2627 543 2682 et
564 2620 644 2684 haec
665 2618 705 2684 de
725 2619 872 2702 Origenia
891 2621 1022 2684 locutus
1042 2619 1316 2700 estdogmatibus.
1333 2618 1439 2684 Dere-

329 2721 421 2803 liquo
441 2720 520 2783 mihil
542 2721 682 2797 mirum,
706 2719 908 2785 Methodium
929 2721 1124 2808 palinodiam
1152 2722 1304 2784 cecinisse
1327 2723 1360 2784 iu
1380 2721 1434 2791 iis,

330 2840 416 2902 qnae
439 2821 568 2902 scripsit
590 2831 703 2886 contra
730 2820 903 2903 Origenem
919 2867 932 2897 ,
951 2820 1033 2886 enm'
1047 2822 1244 2902 argumentis
1264 2820 1386 2884 eisdem
1403 2817 1439 2880 de

330 2921 583 2988 Resurrectione
605 2943 682 2988 usus
702 2925 754 3002 sit,
777 2941 861 3005 quae
881 2920 1036 3004 Origenes
1057 2925 1124 3004 ipse
1140 2923 1301 2998 discussit,
1316 2939 1356 2986 ac
1369 2937 1439 3001 pro·

329 3025 487 3105 pugnavit
506 3031 617 3088 contra
640 3025 738 3105 hujus
757 3025 914 3106 dogmatis
934 3025 1128 3088 mentitores.
1152 3021 1232 3087 ltetn
1260 3022 1302 3087 de
1328 3021 1438 3087 Eusta-

329 3125 399 3188 thio
420 3124 570 3206 episcopo
590 3127 782 3190 antiocheno
807 3127 956 3207 superins
977 3127 1009 3189 in
1033 3125 1172 3190 secunda
1198 3109 1295 3189 Par'te
1316 3121 1439 3202 amplis·

328 3227 409 3291 sime
430 3225 646 3306 disputantes,
663 3228 734 3309 eius
748 3235 936 3308 argumenta
951 3227 1105 3291 diluimus
1112 3227 1206 3290 hand
1221 3243 1378 3306 prospere
1388 3221 1437 3284 ad·
1509 3219 1510 3238 ¹

331 3343 447 3390 remus
467 3325 640 3407 Origecem
661 3329 842 3392 adinventa.
865 3327 1019 3392 Similiter
1039 3328 1079 3392 de
1099 3325 1293 3406 Theophila,
1311 3321 1438 3405 quipri·

332 3444 435 3505 mum,
448 3430 496 3492 uti
508 3428 552 3492 ait
565 3427 801 3506 Theodoretus,
816 3429 964 3510 (trigenis
974 3431 1074 3494 libros
1085 3429 1321 3510 comprobarit3
1331 3423 1438 3491 deinde

330 3530 638 3611 anathematizasit3
657 3532 752 3595 tertio
774 3532 892 3596 iterum
913 3532 952 3596 de
967 3532 1042 3612 ipsis
1056 3533 1165 3594 mitius
1178 3531 1311 3594 locutus
1323 3535 1381 3592 est.
1396 3523 1438 3590 Si-

330 3629 452 3694 militer
471 3631 642 3696 diceudum
663 3641 711 3696 est
731 3632 771 3696 de
792 3631 1002 3718 Hieronymo,
1018 3649 1057 3695 ae
1071 3631 1112 3694 de
1125 3631 1196 3695 aliis
1207 3628 1382 3704 nonnullis,
1397 3628 1439 3688 iu·
1509 3633 1510 3690 l

332 3730 438 3795 tanate
458 3731 490 3794 io
511 3733 572 3796 hac
591 3735 780 3814 quaestione
801 3732 905 3799 illusis
933 3740 966 3797 et
991 3733 1256 3798 inconstantibus.
1278 3728 1365 3806 Quid
1385 3743 1438 3790 an·
1509 3801 1510 3804 Ἴ

213 3882 218 3893 ,
333 3837 398 3896 tem
420 3831 500 3895 haec
520 3833 580 3896 sibi
602 3831 713 3910 velint,
735 3835 876 3914 prudens
896 3835 1001 3897 lector
1019 3833 1154 3914 iudicet.

412 3929 508 4008 Quod
530 3940 638 3998 autem
659 3937 831 4015 hucusque
844 3935 985 4000 diximus
999 3936 1039 3998 de
1053 3933 1217 3998 Ecclesiae
1231 3931 1395 3998 orientalis
1408 3931 1438 3990 et

331 4033 538 4100 occidentalis
559 4039 729 4118 episcopis,
752 4038 808 4116 qni
829 4036 977 4118 Origenis
1004 4038 1103 4119 (quin
1119 4035 1331 4112 abstractione
1345 4029 1436 4096 aide·
1509 4083 1510 4088 ,

332 4135 516 4215 traherent)
538 4137 690 4202 laudibus
711 4145 744 4200 et
764 4155 934 4218 personam
955 4148 988 4203 et
1007 4140 1127 4220 scripta
1148 4139 1378 4212 celebrarunt,
1399 4128 1437 4192 ab

333 4235 454 4328 eisdem
482 4257 615 4321 quoque
644 4237 733 4305 haud
758 4239 946 4322 segregandi
981 4247 1058 4308 sunt
1081 4237 1247 4308 Ecclesiae
1277 4236 1433 4300 africanae
1509 4211 1510 4238 ³
