3066 4950
328 375 392 448 3¹6
746 474 885 544 CAPUT
912 475 1050 543 xxiva

330 680 469 764 Evagrii
488 679 678 746 Sciotostici
692 689 723 742 ct
738 635 861 760 carini
872 677 1024 746 Monoeci
1041 633 1189 744 neronio
1202 678 1352 744 odonna
1368 695 1439 742 ana·

371 784 477 850 nniios
498 792 652 862 conquam
676 780 824 862 Origcnis
853 783 974 848 iiocrcai
992 781 1126 864 insector
1144 779 1334 847 connititur
1353 781 1390 844 oi
1407 799 1441 844 u·
1528 823 1529 848 n

371 883 429 950 tiis
446 881 618 960 historicis,
645 884 702 966 qni
726 883 900 966 synchroni
918 884 990 948 aine
1004 885 1149 966 ponium
1174 881 1283 948 studio
1302 882 1376 948 too
1391 899 1439 944 co·
1528 897 1529 944 i

371 989 440 1050 (torn
459 996 685 1052 memorarunt:
700 987 785 1050 num
797 985 1002 1050 concluditur
1019 1005 1084 1062 sna,
1103 985 1163 1068 gni
1182 995 1218 1049 ot
1235 980 1380 1066 Origesns
1396 1001 1440 1046 rs·

372 1097 506 1154 ctotorca
518 1097 546 1152 ct
561 1087 636 1152 nino
650 1087 797 1152 incranci
817 1087 999 1156 insimulati
1010 1089 1153 1171 socrum,
1168 1087 1354 1152 otomanus
1365 1083 1440 1165 [ois-

372 1208 416 1267 aa,
432 1209 500 1256 ono
514 1209 586 1255 cnm
607 1189 781 1256 nototcco
797 1187 934 1272 Origene
951 1189 1155 1256 ortnotonon
1163 1183 1441 1272 protnaoatoctci·

373 1311 460 1358 nom.

335 1533 382 1656 Ρ
384 1601 532 1676 uniquam
549 1597 607 1662 isac
620 1596 785 1676 obsignavi
807 1597 847 1660 do
859 1595 976 1677 cyrilti
997 1596 1183 1660 narratione
1197 1591 1442 1660 animadversio·

335 1715 403 1772 nes,
427 1698 513 1762 undo
535 1699 736 1779 potissimum
766 1697 853 1762 hand
874 1705 964 1763 recte
984 1700 1090 1780 ipsum
1110 1698 1152 1763 dn
1175 1694 1352 1764 troncoso
1371 1693 1443 1761 Gas-
1528 1703 1529 1740 t

335 1817 448 1872 sareas
467 1802 602 1866 sensisse
623 1801 793 1881 probatur,
816 1817 875 1864 nec
895 1817 1024 1865 sensnm
1045 1799 1329 1879 comprehendisse
1349 1795 1442 1880 Sguo
1528 1791 1529 1874 ζ

336 1901 368 1962 di
387 1897 484 1966 V.‘ac
497 1921 562 1966 uua
581 1909 668 1965 tauto
684 1905 827 1981 inspecto
840 1902 1030 1984 opinionum
1053 1899 1236 1966 discrimine
1250 1899 1351 1975 iniis,
1365 1913 1443 1978 quaa

336 2005 421 2066 inter
442 2002 643 2067 Palaestinae
663 2004 838 2068 monachos
858 2003 899 2066 cio
912 2003 1052 2083 Origene
1066 2009 1202 2066 exortae
1222 2009 1299 2065 sunt
1320 2007 1443 2064 conten·

339 2106 452 2168 tioness
475 2113 507 2170 et
528 2105 613 2170 istud
635 2105 751 2171 lectori
773 2105 1063 2170 commendandum
1087 2112 1180 2183 puto,
1196 2103 1284 2185 quod
1306 2101 1443 2188 Cyriiins
1528 2169 1529 2198 ¹

337 2204 377 2268 dc
397 2205 561 2269 nonnuliis
581 2205 641 2270 cibi
663 2205 858 2270 adversariis
876 2205 1037 2288 judicium
1058 2222 1137 2268 snae
1158 2199 1330 2268 contexuit
1354 2202 1445 2265 histo

339 2305 417 2380 riae,
441 2319 479 2370 ac
501 2305 627 2372 sarium
651 2308 777 2386 penitus
792 2308 833 2370 ab
853 2326 893 2373 eo
913 2307 1003 2388 quod
1024 2305 1078 2370 alii
1100 2305 1141 2369 tia
1160 2303 1280 2368 eisdem
1302 2303 1444 2368 arbitrati

148 2479 154 2488 ,
236 2439 241 2444 ·
337 2415 423 2472 sunt.
450 2405 786 2490 insecuimCyrilius
808 2411 840 2473 iu
862 2427 891 2472 n.
913 2405 1310 2488 36:1inNonuoiaqoo
1332 2423 1444 2470 uonna·

339 2509 391 2586 oi)
414 2509 530 2588 inquit,
564 2509 668 2588 insum
693 2509 794 2576 videri
827 2510 1052 2587 christianum,
1083 2519 1115 2574 et
1138 2508 1265 2589 pietatis
1286 2507 1445 2589 practerea
1528 2501 1529 2504 ’

220 2625 228 2637 ·
340 2610 493 2687 speciem,
515 2610 571 2674 aeti
595 2628 672 2675 sero
692 2611 846 2676 laborare
868 2613 983 2676 morbo
1004 2613 1172 2694 gentilium
1194 2617 1227 2672 ot
1247 2609 1443 2673 manichaeo·
1528 2611 1529 2626 ¹

340 2729 427 2785 rum,
450 2727 488 2773 ac
509 2728 567 2789 per
589 2717 688 2774 totam
713 2711 927 2778 Palaestinam
954 2715 1110 2795 sparsisse
1130 2716 1252 2778 semina
1273 2710 1441 2791 origenica.

341 2809 531 2876 Timotheus
553 2822 663 2876 autem
679 2814 738 2877 etsi
755 2815 997 2897 philoponiocos
1017 2817 1050 2880 et
1073 2817 1239 2880 conouitas
1259 2815 1354 2879 aitsa
1374 2811 1445 2878 insi·

340 2931 408 2978 com
432 2933 621 2996 nuncupare
642 2915 844 2996 origenistas,
861 2918 996 2998 gentiles
1017 2923 1050 2982 et
1070 2915 1277 2982 manichaeos
1298 2915 1341 2980 ob
1355 2931 1446 2997 quaa·

340 3017 475 3080 ationem
497 3018 537 3080 de
560 3020 801 3084 resurrectione
814 3027 847 3084 ct
861 3020 901 3084 de
916 3018 1027 3084 muudi
1048 3018 1122 3092 fios.
1139 3018 1350 3084 nihilomiuus
1370 3019 1446 3082 inter

343 3117 400 3178 hos
428 3135 487 3181 osc
511 3116 677 3194 nonnum.
703 3137 943 3185 necuounauos
963 3116 1224 3185 citaristanam
1246 3118 1289 3183 ob
1305 3116 1446 3200 hujusce·

342 3220 428 3280 aucti
451 3221 723 3285 contradictiones
745 3222 829 3284 iuter
861 3221 1033 3287 historicos
1059 3219 1150 3284 uobis
1170 3221 1255 3284 scira
1276 3217 1446 3282 beneventit

340 3338 426 3401 quae
448 3321 515 3402 ipse
529 3320 674 3408 Cyrillus
696 3323 736 3387 da
750 3321 866 3389 Nonno
888 3334 920 3388 st
943 3322 1077 3388 Leontio
1092 3327 1182 3385 notat
1202 3341 1245 3385 ex
1265 3315 1446 3384 titterisJo·

341 3423 431 3486 aunis
445 3421 618 3498 Silentiarii
639 3426 679 3488 ad
700 3445 726 3490 s.
745 3425 938 3504 Quirianum
961 3427 1203 3504 anachoretamg
1219 3425 1252 3487 iu
1267 3422 1385 3504 quibus
1399 3437 1446 3484 ro·

344 3525 439 3603 gabat
455 3524 557 3590 Deum
580 3529 754 3610 impensius
778 3535 815 3593 nt
835 3529 1028 3608 origenistae
1048 3526 1214 3602 nimirum,
1229 3523 1289 3608 gni
1308 3531 1398 3588 nont
1414 3517 1445 3582 ia

343 3621 432 3690 Nouo
453 3623 562 3690 Lauro
582 3645 655 3691 cnm
677 3625 790 3692 Nonuo
810 3636 839 3690 ct
866 3626 996 3692 Leontio
1015 3627 1234 3700 vincerentur,
1256 3633 1284 3688 ct
1304 3637 1446 3689 susanna

343 3724 434 3788 iiiam
449 3725 627 3792 omitterent
642 3729 876 3809 arrogantiore.
892 3727 990 3792 iilum
1005 3734 1115 3792 autem
1132 3725 1335 3808 respondisse
1347 3725 1404 3790 ait:
1416 3737 1448 3782 ac
1528 3763 1529 3816 i

267 3915 268 3918 Ἴ
343 3825 450 3892 animo
476 3847 648 3909 anguntur,
670 3841 808 3911 opotcr.
834 3827 903 3894 Cito
923 3829 1005 3894 onim
1025 3827 1200 3893 uidebimus
1218 3825 1370 3894 Nonam
1386 3819 1448 3907 osi·
1528 3827 1529 3830 ’

342 3929 411 3993 ‹icm
430 3938 460 3993 ct
479 3929 645 3998 monrium
660 3931 754 3997 coito
773 3930 938 3996 secessisse
958 3928 1143 3995 miserrima:
1159 3931 1252 4008 topos
1263 3937 1378 4004 naun,
1397 3919 1447 4007 gai

342 4029 462 4094 naraon
480 4041 557 4096 snut
577 4031 615 4096 in
637 4031 758 4112 horo,
780 4030 965 4112 turpissime
985 4030 1079 4095 ittinc
1099 4028 1226 4111 conciti.

424 4129 482 4197 His
503 4151 604 4214 porro
625 4134 665 4200 de
686 4133 803 4202 Nonno
823 4154 866 4200 ex
894 4132 1019 4214 Cyriiio
1050 4131 1193 4197 recitatis
1224 4130 1355 4196 omuino
1382 4141 1446 4191 coo·

345 4234 446 4298 traria
467 4234 665 4304 exhibentur
685 4237 771 4304 dicta
793 4235 926 4304 ioannis
949 4235 1074 4301 Moschi
1104 4235 1136 4299 in
1158 4233 1260 4300 Proto
1288 4221 1447 4314 spiritns
