3028 4942
351 423 560 593 Haberent
578 527 700 593 librum
719 529 882 611 legissent,
897 545 960 592 non
975 527 1020 592 sic
1035 527 1134 611 hujus
1150 527 1382 612 corripuissent
1396 527 1453 593 bn·

351 639 486 695 ctorem.
509 629 552 694 Et
572 631 648 712 quid
670 649 709 694 co
730 631 909 696 evidentius
929 647 1027 711 qnam
1048 630 1135 711 quod
1152 631 1273 696 trustra
1287 639 1452 698 accusatur

349 730 386 794 ln
404 729 556 810 Origene,
579 732 671 811 quasi
692 729 796 794 ileum
817 730 949 794 dixisset
967 731 1190 810 corporeum?
1209 729 1378 796 Neminem
1406 747 1452 794 rr·

350 832 457 895 bitror
478 832 571 907 iore,
594 833 650 913 qui
672 851 713 896 cx
734 851 833 914 supra
858 832 964 897 allatis
991 831 1178 896 testimoniis
1204 833 1287 898 banc
1313 833 1452 915 blaspbe-

347 935 444 996 miam
465 931 596 1016 Origeni
618 933 802 998 adscribere
822 934 951 998 audeat.

427 1033 532 1099 Porro
552 1035 594 1098 ob
615 1035 697 1098 hauc
717 1032 888 1116 Theophili
907 1039 940 1100 et
960 1031 1147 1118 Hieronymi
1169 1033 1342 1110 incuriam,
1368 1035 1448 1100 hand

346 1133 501 1200 absonum
525 1144 641 1217 reputo
663 1137 745 1199 illud
766 1155 899 1218 quoqne
919 1135 1049 1210 rddere,
1069 1134 1156 1216 qnod
1171 1135 1284 1198 scribit
1298 1133 1449 1222 Hierony-

345 1253 418 1302 mus
432 1237 498 1316 ipse
512 1241 545 1302 in
560 1236 658 1301 Libro
672 1235 698 1298 l.
714 1235 789 1302 ub
810 1237 965 1302 adversus
985 1235 1164 1310 hunnum,
1186 1237 1354 1300 excutiens
1368 1255 1445 1318 qnae

345 1338 513 1420 praemisit
538 1337 569 1398 in
594 1335 736 1416 Prologo
761 1337 915 1400 versionis
938 1353 1017 1400 suae
1045 1338 1129 1400 circa
1154 1337 1325 1401 nonnullas
1352 1355 1449 1402 eruen-

343 1439 487 1504 dationes
507 1444 637 1502 exactas
657 1439 689 1500 in
710 1438 874 1504 codicibus
894 1440 1029 1518 graecis,
1053 1439 1107 1502 nbi
1128 1439 1187 1503 sibi
1202 1439 1353 1520 corrupti
1369 1439 1446 1500 ride·

341 1539 479 1621 bantur3
501 1549 535 1604 et
553 1540 584 1602 id
607 1547 731 1604 tanturn
752 1541 784 1603 in
806 1548 947 1604 tractatu
967 1540 1008 1604 do
1030 1540 1146 1604 divinis
1174 1539 1346 1606 Personiss
1363 1536 1446 1604 «ee

342 1649 555 1717 terrentem,
577 1642 666 1705 addit
684 1660 710 1706 s.
733 1639 877 1718 Doctor,
899 1641 1047 1720 dogmate
1068 1641 1109 1704 de
1129 1641 1322 1721 augelorum
1348 1643 1446 1714 ruina,

342 1741 383 1806 do
402 1743 583 1806 animarum
603 1742 711 1825 lapsu,
727 1743 766 1806 de
779 1743 1027 1808 resurrectionis
1048 1742 1238 1823 praestigiis,
1260 1742 1301 1806 dc
1320 1741 1445 1816 mundo,

340 1843 382 1908 de
400 1843 527 1908 mundis
548 1842 694 1924 Epicuri,
716 1845 757 1908 de
777 1846 978 1910 restitutione
995 1845 1139 1908 omnium
1154 1844 1374 1926 inaequalem
1390 1849 1447 1906 str-

339 1953 432 2024 tum,
454 1953 487 2009 et
507 1946 611 2010 multo
632 1947 680 2010 his
701 1945 884 2022 deteriora,
906 1964 991 2027 quae
1011 1947 1144 2026 longum
1165 1953 1249 2011 esset
1277 1953 1443 2020 retexere,

339 2049 394 2112 vel
415 2050 458 2111 ita
481 2052 635 2126 vertisse,
658 2057 695 2112 ut
714 2049 747 2110 in
766 2065 883 2129 graece
903 2051 1090 2126 invenerat,
1113 2047 1166 2112 vel
1186 2047 1227 2110 de
1247 2045 1444 2114 Commenta·

337 2148 429 2212 rioiis
443 2146 584 2232 Didymi,
600 2152 657 2229 qni
670 2147 817 2228 Origeuis
831 2150 1050 2231 apertissimus
1064 2154 1286 2229 propugnator
1300 2157 1365 2224 est,
1377 2163 1443 2210 err·

337 2257 447 2330 gerala
470 2251 522 2314 vel
543 2251 687 2316 firmiora
708 2255 865 2332 posuisse,
889 2261 926 2316 ut
947 2252 1002 2332 qul
1023 2253 1056 2314 in
1077 2247 1233 2315 Trinitate
1247 2250 1438 2316 catholicon

333 2354 472 2434 legerat,
494 2355 526 2417 in
547 2354 617 2417 aliis
639 2356 836 2419 haereticum
854 2373 916 2418 non
931 2363 1071 2419 caveret.
1087 2373 1104 2414 n
1120 2353 1354 2430 Nihilominus,
1371 2369 1440 2434 qne
1501 2427 1502 2432 ἵ

333 2455 542 2520 madmodum
562 2458 712 2536 superius
732 2457 919 2537 singiliatim
940 2456 980 2520 de
1002 2456 1050 2519 bis
1070 2455 1269 2536 disputatum
1285 2463 1337 2519 cst
1351 2469 1440 2534 argn-

334 2557 449 2619 mentis
467 2557 644 2620 secundnm
667 2555 785 2620 Ruffini
807 2559 987 2622 versionem
1007 2557 1130 2620 sincere
1155 2563 1329 2634 exactam,
1352 2565 1384 2618 et
1403 2567 1438 2616 cs
1499 2599 1500 2604 η

332 2659 464 2722 sinceris
486 2659 627 2723 lontibus
647 2669 775 2723 erutam
796 2660 921 2737 (saltem
942 2659 999 2724 ubi
1019 2658 1127 2738 agitur
1146 2657 1186 2722 de
1209 2659 1374 2723 creaturis
1394 2672 1438 2719 rt·

333 2759 517 2839 tionaiihus)
538 2761 618 2823 nihil
638 2761 817 2826 invenimus
838 2760 1086 2839 reprehensione
1107 2760 1251 2840 dignum,
1273 2760 1371 2826 sicuti
1386 2773 1437 2821 neo

333 2862 389 2941 qui
405 2859 604 2946 Hieronymo
626 2879 844 2944 praecessere,
858 2861 970 2928 Patres
984 2881 1010 2927 s.
1025 2862 1224 2944 Pamphilus,
1239 2867 1273 2926 et
1288 2860 1437 2947 Didymus
1496 2873 1497 2945 l

330 2957 581 3027 alexandrinusc
597 2968 719 3046 quique
737 2975 922 3029 accuratam
943 2973 1104 3030 naverunt
1117 2982 1250 3044 operam
1270 2963 1303 3026 in
1327 2965 1374 3028 bls
1387 2977 1436 3025 er·
1494 2963 1496 3050 l

330 3065 503 3145 pendendls
517 3064 710 3128 Periavciron
724 3067 826 3130 libris.
843 3065 984 3147 ideoque
1004 3067 1112 3130 nescio
1127 3065 1212 3128 unde
1227 3063 1436 3150 Hieronymus
1494 3051 1495 3135 l

329 3166 487 3230 incudem
505 3165 622 3230 Rudini
638 3170 785 3232 versione
800 3175 848 3232 tot
861 3187 972 3232 seusus
990 3168 1169 3232 haereticos
1182 3169 1353 3246 repererit.
1491 3163 1494 3246 l

409 3267 491 3332 Saue
512 3287 597 3349 quae
618 3289 659 3333 ex
680 3289 740 3333 suo
762 3270 872 3334 codice
893 3287 1010 3350 graeco
1031 3269 1130 3332 vertit
1149 3287 1187 3332 ac
1207 3272 1429 3351 interpretatas

328 3374 377 3432 est
396 3369 614 3452 Hieronymus
636 3373 797 3435 haeretica
818 3381 851 3436 et
870 3374 966 3450 impia
996 3371 1219 3451 habebautnr3
1248 3389 1337 3452 qnae
1360 3377 1430 3426 vero

327 3465 476 3534 Huilions
498 3472 596 3535 tradit
616 3489 678 3534 non
698 3472 753 3534 sie.
779 3469 998 3548 Quamobrem
1018 3474 1180 3554 sequitur,
1203 3478 1260 3530 ant
1281 3464 1430 3545 Hierony·

207 3605 209 3619 ·
325 3583 414 3634 mum
437 3587 500 3634 non
520 3571 635 3651 legisse
656 3569 775 3636 Rudini
795 3573 926 3636 latinam
949 3571 1202 3642 translationem,
1225 3575 1283 3658 eut
1307 3567 1334 3630 si
1354 3565 1429 3642 iege·

324 3671 380 3746 rit,
401 3691 531 3737 sensum
551 3675 736 3754 interpretis
757 3674 851 3738 sicuti
873 3681 906 3738 et
927 3674 1080 3739 Auctoris
1105 3673 1269 3751 ignorasse
1280 3687 1294 3749 3
1319 3666 1370 3730 vel
1388 3663 1427 3724 di·

322 3774 526 3837 stinctionem
548 3793 611 3838 non
636 3775 899 3839 animadvertisse
926 3793 1005 3837 suae
1028 3773 1104 3836 culn
1128 3771 1264 3836 alterius
1289 3767 1426 3832 versione

324 3871 574 3940 intercedentem
586 3896 598 3957 ς
620 3895 679 3941 seu
700 3877 862 3940 haeretica
885 3875 996 3940 iecisse
1017 3871 1267 3954 Hieronymum,
1290 3886 1373 3951 qnae
1388 3871 1426 3926 tt·

324 3987 399 4036 men
418 3975 558 4055 dogmati
580 3979 741 4042 catholico
760 3995 826 4040 nou
846 3975 1124 4054 adversabantur,
1140 3991 1198 4037 sen
1214 3971 1340 4036 tandem
1355 3961 1426 4031 lint·

245 4091 251 4104 ·
325 4073 379 4136 lini
400 4077 638 4144 traductionem
656 4079 817 4160 iudicasse
838 4097 880 4143 ex
894 4097 953 4142 sna
968 4077 1008 4142 de
1022 4075 1185 4142 codicibus
1197 4074 1319 4142 iubatis
1332 4072 1421 4137 inter·

323 4177 512 4256 pretutione.
535 4178 572 4244 ln
593 4197 660 4261 quo
679 4179 783 4264 judex
802 4177 926 4258 adesto,
949 4178 1006 4258 qul
1025 4177 1117 4259 legis.
