3138 4950
94 515 291 584 luliaolstse
312 515 381 591 alti.
403 517 460 597 qui
474 533 538 583 nou
557 515 664 582 solum
686 523 758 598 post
780 517 933 584 unionem
952 535 1073 602 corpus
1094 415 1221 586 Cbrffl

94 617 348 698 incorruptibile
363 618 487 694 dicant,
502 616 557 682 sed
580 623 613 682 et
633 617 814 682 increatum
830 618 939 684 tuisse.
955 617 1027 683 »itt
1047 619 1128 684 baec
1147 637 1221 686 aea·

94 719 196 784 tentia
224 716 523 799 incorruptibilium.
546 716 781 786 Verumtamen
811 717 986 785 lastinianl
1007 720 1153 786 doctrina
1186 722 1220 786 ia

94 819 204 886 edicto
234 837 388 902 expressa
416 829 451 885 ot
469 837 488 885 a
508 838 699 886 successore
730 839 792 886 suo
823 818 954 901 lautino
986 841 1046 904 per
1074 823 1218 888 alterum

94 920 241 988 edictam
262 921 440 986 instaurata
466 929 500 986 et
519 923 691 1004 explanata
715 922 914 1000 orthodoxe,
936 923 1220 989 immediatorum·

94 1023 228 1088 trudieit
248 1023 337 1104 quod
360 1020 564 1102 liustatbius‚
587 1023 750 1106 Ersgrius
779 1032 813 1089 et
833 1023 962 1088 unctor
985 1021 1101 1088 Libelli
1120 1043 1219 1110 syuo-

93 1124 159 1188 diei
183 1125 387 1204 interpretati
411 1135 488 1190 suut
507 1133 540 1190 et
556 1125 765 1192 deduxerunt
787 1126 975 1190 atibseresi
1001 1125 1220 1207 selanitarum

97 1225 152 1290 rel
170 1225 418 1306 julianistarum
438 1229 690 1306 conterminum,
713 1236 747 1294 ot
775 1229 978 1296 contrarium
998 1229 1143 1310 dogmati
1164 1245 1218 1294 ea·

98 1326 235 1392 tbolico.

178 1426 283 1492 Actes
307 1446 392 1495 vero
413 1426 454 1490 ad
477 1425 633 1510 majorem
648 1446 687 1493 ac
706 1428 920 1494 nsoeuerisn
942 1429 990 1494 rei
1012 1429 1223 1512 perspicuita-

98 1534 165 1592 tem
187 1528 367 1593 rotradum
388 1537 449 1606 est,
469 1529 632 1608 duplicem
653 1529 917 1610 significationem
938 1530 1216 1610 comprehendere

97 1629 299 1694 vocabulum
320 1648 475 1711 graecum
495 1626 606 1728 φθοραὶ
628 1629 892 1710 corruptibilitas,
914 1631 1000 1696 uude
1020 1629 1151 1732 αφθορά
1171 1629 1223 1696 ιἰι-

97 1729 363 1811 corruptibiliter.
385 1729 541 1806 Leontius
564 1729 734 1808 Dercetis,
758 1731 895 1796 Actione
918 1728 959 1796 X.
983 1750 1015 1795 ιι.
1030 1732 1061 1798 2.
1086 1734 1118 1796 ln
1138 1733 1222 1798 bauo

99 1851 217 1900 rocem
236 1834 361 1898 scribit:
374 1853 392 1893 r
405 1832 580 1898 Sciendum
594 1852 671 1897 vero
693 1839 754 1910 est,
776 1834 920 1914 proferri
934 1835 976 1898 ab
997 1835 1043 1899 eis
1063 1833 1222 1915 quaedam

99 1942 233 2017 patrum
253 1935 477 2008 auctoritates,
499 1954 586 2016 qaae
607 1936 856 2016 incorruptibile
877 1953 999 2018 corpus
1020 1936 1133 2002 dicunt
1145 1956 1157 2016 3
1178 1937 1223 2002 si·

98 2038 169 2102 euti
189 2045 223 2100 et
243 2034 405 2121 Cyrillum
419 2038 562 2118 allegant
582 2039 632 2103 bis
654 2038 773 2102 uerbis:
789 2035 872 2102 nibil
892 2037 1097 2120 corruptibile
1117 2058 1221 2104 susec-
1242 2041 1249 2052 '

95 2138 148 2221 pit
168 2156 244 2204 coro
268 2137 397 2204 Cbristi.
427 2139 488 2206 Sed
512 2141 641 2220 quoties
662 2138 849 2221 hujusmodi
880 2140 1092 2204 auctoritates
1114 2139 1223 2220 prola-

100 2249 193 2318 runt,
215 2241 483 2308 comideraudum
508 2242 606 2318 uenit,
630 2242 847 2322 aequivocum
869 2259 938 2306 esse
956 2233 1084 2342 φθορὰς
1104 2259 1222 2306 corru-

98 2344 221 2426 ptionis
242 2343 453 2408 uocabulum.
472 2341 556 2408 Nam
577 2343 716 2407 subhac
738 2361 818 2406 voce
838 2342 1002 2422 corruptio
1016 2343 1139 2406 dicitur
1154 2341 1222 2422 ple·

99 2463 141 2508 ua
164 2445 335 2510 dissolutio
355 2446 503 2524 corporis
524 2445 555 2508 in
577 2449 749 2522 elementa,
771 2445 890 2525 quibus
911 2444 1120 2523 componitur
1126 2463 1138 2522 5
1171 2443 1223 2507 itl-

99 2547 242 2628 demque
273 2551 518 2630 corruptionem
542 2537 696 2614 locemus
725 2547 937 2622 adiectiones,
967 2547 1036 2610 sire
1058 2547 1221 2626 passiones

100 2647 176 2713 illas
197 2650 368 2727 humanas,
390 2657 428 2714 ut
447 2652 588 2728 esurire,
608 2651 712 2727 sitire,
735 2667 887 2731 quaeque
907 2655 982 2712 suat
1005 2645 1105 2728 hujus
1126 2663 1222 2728 geue·

103 2750 151 2816 ris
171 2751 277 2814 alla.»

192 2849 225 2918 S.
248 2851 389 2916 loannes
420 2852 631 2916 damascenus
652 2839 697 2914 De
720 2848 799 2914 Fide
827 2847 1012 2912 Ortladocc
1035 2831 1142 2913 'Libro
1166 2845 1222 2912 lll.

103 2968 134 3016 o.
151 2948 304 3017 xxviii.
321 2951 455 3018 scribit:
473 2944 542 3020 cru*
564 2945 625 3032 τῆς
646 2943 770 3050 φθορὰς
784 2951 1002 3029 corruptionis
1020 2967 1136 3012 nomen
1157 2949 1225 3014 duo

102 3053 273 3132 siguificat.
298 3053 421 3118 ladioat
435 3057 520 3118 enim
538 3056 695 3117 bumauas
717 3052 789 3115 illas
810 3052 1009 3127 affectiones,
1027 3051 1158 3128 lumem,
1183 3053 1226 3116 si·

105 3151 177 3228 tim,
208 3153 369 3231 laborem,
391 3155 493 3220 claris
523 3154 641 3218 iactam
661 3151 911 3226 contessionem,
934 3159 1087 3228 mortem,
1101 3151 1184 3214 idest
1206 3169 1224 3214 ι

104 3272 249 3336 corpore
278 3257 529 3335 separationem.
561 3254 664 3321 luxta
698 3255 780 3316 bunc
806 3253 1071 3333 significationem
1103 3269 1226 3332 corpus

104 3353 237 3421 Domini
250 3357 467 3438 corruptibile
482 3356 640 3421 dicimus:
659 3353 766 3418 omnia
787 3355 871 3416 euim
896 3353 954 3416 ista
970 3371 1029 3416 sna
1045 3360 1159 3430 sponte
1172 3369 1228 3416 ιιι·

102 3461 218 3538 scepit.
242 3457 408 3541 Significat
428 3465 597 3540 praeterea
613 3445 718 3556 φθορὰ
730 3451 892 3534 corruptio
914 3452 1091 3536 perlectum
1111 3469 1230 3534 corpo·

104 3561 151 3626 ris
166 3561 199 3624 iu
212 3579 264 3638 ea,
287 3581 330 3626 ex
343 3563 463 3643 quibus
476 3558 654 3626 conlatum
676 3563 796 3633 tuerat,
816 3558 974 3622 elementa
992 3553 1227 3618 resolutionem

103 3665 139 3726 et
159 3661 350 3726 interitum:
374 3665 431 3744 qui
453 3661 584 3742 quidem
599 3679 617 3724 a
634 3661 746 3725 moltis
767 3651 931 3757 διαφθορὰ
951 3656 1059 3740 potins
1080 3652 1227 3734 appellu-

105 3765 175 3826 tnr.
198 3761 279 3828 Eam
302 3779 512 3845 nequaquam
534 3781 655 3842 corpus
677 3759 804 3824 Domini
825 3761 924 3824 sensit
941 3759 1042 3840 juxta
1060 3753 1141 3818 illud
1166 3749 1228 3816 lla·
1343 3771 1354 3792 ·

105 3863 214 3930 vidis:
236 3865 390 3946 quonium
419 3883 486 3930 stou
507 3861 703 3945 derelinques
734 3862 876 3926 enimam
906 3877 1005 3924 meum
1025 3857 1062 3922 iu
1090 3855 1227 3938 iuseruo,

103 3985 206 4050 sueque
224 3966 315 4032 dabir
336 3978 482 4032 sonetum
504 3977 595 4030 tuum
616 3963 722 4028 uidere
742 3963 989 4045 corruptionem.
1012 3979 1029 4018 u

179 4065 238 4134 llis
253 4071 380 4151 positis,
395 4071 538 4150 cuipiam
556 4069 686 4131 obviam
709 4075 770 4142 est,
786 4063 961 4130 lastiniani
977 4060 1073 4126 edicti
1087 4054 1230 4121 animad-

101 4179 237 4237 uertere
257 4190 409 4236 sensum:
441 4168 573 4253 quaudo
594 4169 707 4234 docuit
727 4165 847 4234 Christi
869 4181 990 4242 corpus
1021 4167 1095 4224 ante
1117 4173 1228 4228 resur·

102 4273 283 4338 rectionem
312 4271 562 4355 incorruptibile
584 4270 696 4348 luisse,
727 4267 831 4333 relate
853 4265 978 4330 scilicet
998 4262 1037 4326 ad
1069 4260 1226 4324 bumeuas

232 4369 297 4440 Vol.
325 4371 378 4438 ll'.
1067 4356 1109 4424 23
