3042 4940
167 495 225 562 Sed
238 497 313 577 quid
329 497 436 564 adbuc
451 515 582 584 egemus
601 497 762 563 testibus?
775 495 884 562 Cuivis
907 497 991 562 euim
1008 494 1199 564 Pontificum

96 593 305 664 Romanorum
329 601 447 682 Pelagii
470 602 495 666 i.
512 600 633 682 Pelagii
650 598 689 662 ti.
711 611 743 664 et
759 600 909 681 Gregorii
933 599 958 662 i.
983 599 1202 680 praeclarissi-

93 717 139 760 me
159 711 265 780 pateui
284 703 380 768 citata
404 704 606 782 testimonia3
639 704 694 790 ubi
717 703 799 766 idem
821 701 1108 783 comprehenditur
1129 719 1200 764 sen·

91 821 153 876 sus,
174 804 282 868 eadem
305 805 394 880 ildes,
411 806 521 868 eadem
545 807 627 868 ratio
644 810 674 868 in
696 808 794 869 trium
817 803 1044 884 capitulorum
1066 805 1197 866 damna·

93 905 193 984 tione;
215 907 292 987 quin
313 925 397 970 uuus
418 909 456 968 ad
480 907 661 977 dexteram.
683 917 716 970 et
736 908 821 970 alter
841 907 880 969 ad
903 909 1063 970 sinisiram
1086 913 1200 984 pergat

94 1005 123 1066 in
142 1003 256 1088 Synodi
278 1012 409 1087 quintae
430 1009 661 1071 considerando
684 1017 855 1071 momento.
879 1007 1092 1072 concorditer
1113 1008 1198 1069 euim

90 1105 247 1189 Synodum
268 1119 476 1189 aeceperunt,
492 1111 748 1192 proborumque,
766 1110 902 1190 omissis,
919 1126 976 1171 uec
995 1107 1150 1170 ullimode
1165 1125 1200 1170 a·

90 1208 291 1274 nimadsersis
307 1209 497 1290 suppositis:
507 1227 591 1292 qnae
611 1215 641 1274 in
656 1209 800 1293 eiusdem
816 1210 1009 1274 adunatione
1025 1227 1063 1271 ae
1078 1208 1200 1272 discus·

89 1311 174 1372 stone
192 1310 277 1374 inter
297 1310 431 1377 Concilii
456 1311 566 1376 Patres
587 1319 618 1374 et
637 1310 787 1391 vigilium
817 1318 850 1374 et
870 1309 1107 1385 lastinianum,
1123 1327 1201 1372 eon·

90 1413 246 1475 eussiones
260 1422 295 1476 et
316 1413 486 1476 violentiae
502 1421 534 1478 et
548 1411 774 1477 obtestationes
787 1413 1010 1492 supervenisse
1029 1411 1197 1492 dicuutur,

90 1511 185 1576 veluti
199 1514 347 1578 nonnulli
368 1531 509 1591 sensere,
530 1515 648 1595 quibus
661 1533 737 1578 saue
763 1513 834 1576 talis
855 1512 1043 1594 displicebat
1062 1501 1201 1577 conica·

89 1621 136 1674 tus
155 1614 292 1696 ejusque
314 1614 492 1678 decretum.

162 1713 307 1796 ideoque
321 1716 362 1778 ob
377 1715 564 1795 huiuamodi
578 1717 820 1780 unanimitatem
840 1717 872 1778 in
892 1713 1131 1797 propugnandis
1142 1709 1200 1795 Sy·

87 1813 157 1878 nodi
177 1817 311 1896 quintae
330 1819 454 1890 actius
480 1815 608 1896 Pelagio
632 1817 656 1878 Ι.
670 1819 725 1897 qui
748 1835 787 1880 eo
802 1819 872 1898 ipso
893 1825 1038 1896 tempore
1057 1816 1198 1889 visebat,

87 1916 261 1995 incipiendo
284 1934 387 1996 usque
401 1917 440 1978 ad
456 1935 480 1979 s.
498 1915 647 1996 Gregorii
669 1919 807 1993 obitum,
822 1917 908 1980 baud
927 1915 1089 1996 probsuda
1114 1916 1201 1978 side-

87 2025 139 2080 tur
156 2019 280 2098 opinio,
303 2013 456 2099 vigilium
477 2035 591 2098 nempe
621 2021 773 2082 restitisse
795 2018 893 2100 bujus
924 2017 1058 2084 Consilii
1079 2016 1203 2080 adnua-

85 2119 157 2182 tiooi
187 2119 285 2182 sicuti
306 2127 339 2181 ot
358 2118 595 2200 subscriptioni.
624 2115 730 2195 Quam
752 2137 820 2182 rem
842 2118 997 2182 celebrati
1031 2115 1202 2182 Pontifices

84 2218 205 2283 silentio
226 2221 477 2300 praeterierunt,
507 2220 602 2284 aienti
627 2223 764 2285 alteram
786 2219 826 2284 de
846 2217 987 2300 Origene
1008 2218 1123 2283 ibidem
1146 2219 1201 2280 da·

86 2330 188 2384 nuato
210 2323 415 2385 mentionem.
441 2321 629 2398 Quinimmo
649 2338 690 2385 ex
707 2321 888 2399 praemissis
909 2321 1026 2383 borum
1050 2319 1202 2382 testifica·

86 2421 233 2500 tionibus,
248 2421 346 2485 animi
366 2424 524 2486 securitas
547 2421 689 2504 undique
708 2421 931 2485 manifestatur
943 2421 975 2484 in
989 2421 1202 2500 comproban-

85 2523 124 2585 do
144 2526 242 2588 trium
266 2523 492 2605 capitulorum
514 2525 729 2600 anathemate,
753 2523 854 2588 seiuii
878 2522 986 2586 iuerat
1006 2524 1038 2586 in
1059 2524 1125 2604 ipsa
1141 2521 1202 2606 Sy·

85 2623 164 2689 nodo
183 2626 357 2699 sancitum,
374 2641 412 2688 ae
426 2626 537 2688 eadem
554 2626 704 2690 alacritas
724 2625 755 2686 iu
770 2625 993 2705 oppositorum
1015 2623 1200 2688 convellen-

85 2725 128 2788 dis
148 2727 359 2806 argumentis,
376 2728 421 2790 eis
437 2729 520 2790 inter
534 2727 753 2792 schismaticos
773 2734 987 2790 consonanter
1007 2725 1196 2801 numeratis,

85 2827 136 2907 gni
148 2845 243 2894 secus
264 2835 427 2908 putarent.
442 2827 512 2893 lloc
532 2841 642 2894 autem
663 2831 764 2908 egisse
788 2827 952 2892 Ecclesiae
968 2827 1131 2892 Romanae
1145 2845 1202 2890 an·

85 2931 192 2994 tistites
213 2931 411 2995 credendum
433 2939 493 3009 est,
526 2920 613 2996 haud
635 2934 760 2995 nescios
781 2929 915 2996 Conciltl
948 2930 1051 3010 quiuti
1075 2929 1198 3006 Patres,

84 3034 232 3098 canonico
253 3042 476 3113 congregatos,
497 3034 648 3098 canonice
669 3035 746 3098 item
767 3033 988 3114 quaestionem
1010 3048 1198 3114 expensam,

85 3137 208 3216 riteque
228 3137 336 3198 omnia
358 3135 488 3200 delinita
510 3135 620 3212 luisse,
643 3134 794 3216 evigilio
814 3138 949 3210 sancita,
965 3134 1201 3216 universaeque

82 3231 245 3302 Ecclesiae
259 3237 423 3316 proposita
436 3236 576 3318 juridica
598 3237 806 3320 acceptanda,
822 3255 883 3301 eeu
906 3256 1018 3318 reapse
1041 3253 1099 3317 per
1119 3255 1198 3301 suos

84 3353 284 3403 successores
304 3337 431 3401 drmata
452 3341 673 3419 reperiuntur.

156 3437 380 3517 Quamobrem
406 3448 471 3503 ires
500 3447 701 3519 nuncupatos
730 3436 900 3504 Pontifices
932 3453 1201 3519 unumquemque

83 3557 140 3619 pro
158 3541 273 3606 ordine
294 3558 376 3617 suo,
399 3541 578 3624 eodemque
600 3542 673 3606 ildei
693 3542 811 3621 spiritu
840 3539 1013 3604 admodum
1035 3539 1200 3603 laborasse

84 3639 242 3719 vidimus,
256 3648 295 3706 ut
314 3643 505 3708 christiades
531 3645 640 3710 cuncti
666 3650 700 3707 et
720 3646 909 3723 praesertim
931 3639 1113 3706 Occidentis
1135 3641 1202 3721 epl-

82 3747 165 3824 seopi
197 3761 261 3808 uua
283 3761 358 3806 cum
380 3753 525 3824 quatuor
546 3745 761 3808 oecumenicis
782 3743 917 3826 synodis
948 3743 1092 3824 quintam
1121 3760 1203 3821 quo

83 3861 143 3924 que
162 3845 366 3923 susciperent
379 3853 414 3910 et
426 3846 638 3920 custodirent,
654 3846 802 3910 omnibus
821 3843 1199 3921 sanctemonialibus,

82 3959 118 4010 ao
136 3963 197 4028 pro
218 3945 321 4011 nibiio
342 3945 434 4012 laetis
455 3948 719 4013 adversariorum
741 3946 1017 4012 obtestationibus.

434 4171 862 4231 —w-t·
