3028 4942
329 418 461 481 nicaeno
478 434 541 481 non
558 416 689 500 tetigit?
710 417 802 496 Quae
822 419 905 484 enim
920 419 1084 486 damnavit
1103 421 1232 501 Arium,
1253 423 1414 490 damnasset
1493 417 1501 471 i

328 520 446 599 utique
469 529 501 583 et
520 519 708 602 origenem,
723 523 748 584 si
770 521 856 585 illius
877 522 1026 603 dogmata
1043 525 1258 604 reprobasset.
1274 545 1292 584 a
1308 525 1415 608 Huius·
1493 536 1498 552 “

328 622 414 684 modi
437 640 587 704 respousa
604 623 781 705 etquidem
801 626 1129 708 monachorumquos
1149 645 1247 709 snpm
1268 645 1415 708 nuncupa·

327 724 374 800 vi,
396 721 632 807 Theophiliqnc
646 728 832 789 adversatos
850 727 1012 804 mandato,
1027 727 1184 808 quisquis,
1199 731 1325 795 intentis
1339 747 1416 810 prae·
1493 741 1496 774 ³

263 847 267 860 ·
327 825 402 889 fatis
420 827 459 888 de
475 829 541 890 hoc
562 832 759 908 argumento.
775 827 1037 905 discussionibus,
1052 831 1197 894 studiose
1216 830 1342 911 legerit,
1362 831 1415 912 pri·

222 964 224 972 ,
327 945 524 1008 suorumque
545 927 810 991 animadverterit
831 927 962 992 l’atrnm
985 930 1177 1004 testimonia,
1200 947 1258 994 nec
1279 947 1341 994 uon
1359 930 1417 994 sols
1499 945 1501 956 ·

326 1027 558 1107 splendidiores
573 1028 857 1109 interpolationum
879 1038 981 1104 notas,
998 1045 1080 1110 quas
1092 1031 1124 1092 in
1138 1029 1286 1112 Origenis
1304 1033 1417 1113 scriptis

326 1129 437 1191 dolose
452 1131 587 1209 repsisse
599 1129 793 1209 amplissime
805 1128 940 1204 ostendi,
952 1129 1082 1194 indubie
1097 1133 1224 1208 sentiet,
1238 1129 1419 1213 potiusnon·
1500 1155 1501 1186 1

323 1239 374 1293 tra
395 1232 501 1311 ipsum
516 1226 731 1310 Theophilum
752 1238 785 1292 et
808 1228 1056 1312 Hieronymum,
1077 1233 1173 1296 sicuti
1191 1233 1417 1313 praemisimus,

324 1351 363 1396 ea
384 1335 451 1413 ipse
474 1332 601 1407 lacere,
623 1346 720 1411 qnam
742 1342 853 1395 contra
874 1330 1046 1413 Origenetn
1073 1351 1216 1413 sumque
1234 1333 1419 1398 delensorst.
1500 1359 1501 1392 t

323 1431 366 1496 Et
387 1434 429 1496 ob
460 1435 521 1494 hoc
541 1433 670 1512 quando
703 1430 925 1496 Cassiodiorus
945 1431 992 1496 Dc
1021 1431 1225 1498 Institutione
1248 1433 1421 1497 &aiuncurt
1500 1457 1501 1494 t

323 1532 515 1597 litterarum
536 1555 565 1598 c.
596 1533 620 1598 l.
643 1536 767 1613 inquit,
790 1531 1005 1614 Theophilum
1032 1535 1279 1598 alexandrinum
1301 1535 1420 1616 triginta

324 1638 467 1717 quinque
488 1655 599 1700 sensus
618 1635 766 1715 Origenis
787 1635 949 1698 haeretica
971 1635 1131 1712 pravitate
1146 1637 1299 1700 distortos
1319 1635 1420 1700 cathu-

322 1738 384 1801 lica
402 1741 537 1801 veritate
552 1740 740 1814 convicisse,
755 1737 871 1800 melius
881 1753 920 1799 ac
932 1735 1009 1817 jure
1022 1737 1176 1800 diaissett
1194 1738 1324 1816 triginta
1339 1739 1422 1818 quin·

323 1857 388 1918 que
408 1856 520 1902 sensns
540 1840 718 1902 secundum
746 1838 915 1902 nectutem
937 1837 1131 1900 catholicam
1150 1838 1191 1900 ab
1212 1837 1356 1919 Origene
1373 1857 1422 1902 ex·

322 1959 450 2020 pressos
471 1942 503 2002 in
525 1957 664 2019 prasnrn
693 1957 821 2002 sensum
843 1957 862 2002 a
883 1939 1054 2004 malevolis
1073 1946 1106 2004 et
1125 1939 1256 2020 perhdis
1276 1940 1422 2005 distortos
1500 1969 1501 1984 2

323 2041 423 2106 luisse
439 2043 609 2122 perspicue
624 2042 839 2105 oonsincitur.

404 2141 500 2218 Quod
521 2152 629 2207 antem
641 2140 860 2228 Hieronymus
873 2142 960 2220 dicit,
982 2141 1015 2204 in
1028 2141 1175 2222 Origsnis
1189 2139 1423 2206 condemnatio·

322 2261 396 2307 nem
418 2241 635 2325 Theophilum
655 2245 828 2308 admodum
861 2245 914 2325 (et
934 2263 994 2326 ego
1014 2245 1145 2324 iuquam
1167 2244 1362 2323 immodice)
1382 2243 1424 2304 la·
1500 2277 1501 2304 1

321 2344 454 2409 horasse
475 2346 598 2410 etzelo
619 2352 651 2408 et
671 2349 864 2411 anctoritate
885 2354 1114 2427 praestantem,
1130 2361 1271 2426 eumque
1284 2347 1423 2426 primunt
1500 2381 1501 2408 ;

321 2450 502 2511 errantium
522 2449 553 2509 in
575 2447 713 2531 Aegypti
733 2449 895 2512 asceteriis
915 2448 1084 2512 obturasse
1102 2461 1182 2510 orae
1206 2448 1267 2510 hoc
1287 2447 1370 2511 item
1389 2445 1424 2509 ds
1500 2511 1501 2514 ,

320 2551 426 2629 seipso
446 2528 579 2625 instetur,
602 2569 676 2613 curn
697 2548 866 2630 Theophili
888 2551 986 2630 ipsius
1007 2550 1156 2624 decretis,
1176 2548 1362 2630 etquidem
1382 2550 1423 2611 ln·
1500 2599 1501 2604 ,

321 2661 429 2726 eante,
450 2651 605 2716 suliultus
623 2653 698 2714 alibi
721 2654 836 2732 egerit,
850 2659 883 2715 et
903 2654 1092 2731 praesertim
1113 2653 1146 2713 in
1174 2648 1321 2714 Ecclesia
1344 2650 1425 2715 occi·

320 2751 452 2827 dentali,
476 2761 609 2816 conatus
630 2763 668 2816 ut
688 2753 810 2833 ubique
831 2755 938 2815 cuncti
959 2751 1107 2832 Origcnis
1122 2751 1210 2826 libtl,
1231 2759 1265 2815 et
1290 2767 1424 2832 persona
1500 2791 1501 2823 ,

320 2853 416 2917 sicuti
431 2849 532 2932 etqui
547 2854 691 2934 ejusdcm
713 2852 905 2916 videbantur
922 2858 1110 2926 sectatores,
1126 2850 1424 2931 pessumdarentnr,
1500 2905 1501 2922 ,

319 2954 533 3016 aversioncin
549 2955 632 3033 ipsos
647 2970 893 3034 quaquaversus
914 2953 1066 3020 excitata.
1086 2949 1147 3015 Cui
1169 2951 1216 3014 rei
1230 2967 1273 3012 ex
1294 2965 1425 3014 oresuo
1500 2989 1501 2994 κ

319 3055 536 3118 testimoninm
550 3055 698 3135 perhibet
711 3053 867 3116 adsersus
888 3049 1052 3115 Ruffinum
1073 3049 1215 3114 scrsstens
1236 3050 1268 3112 in
1284 3047 1385 3114 Libro
1400 3047 1423 3110 l.
1500 3087 1501 3090 =

318 3171 350 3216 n.
372 3152 431 3220 ln:
449 3177 465 3216 c
480 3155 580 3236 Ergo,
596 3159 641 3218 ait
654 3153 885 3240 Hieronymus,
906 3161 939 3216 et
964 3153 1119 3236 epistolae
1141 3149 1248 3232 Papae
1265 3149 1425 3231 Theophi·
1500 3193 1501 3226 ,

319 3254 367 3330 li,
390 3264 423 3318 et
442 3255 613 3339 Epiphanii
635 3265 668 3320 et
688 3257 1103 3336 eliorum,episeopurum,
1124 3269 1206 3333 quas
1226 3270 1334 3332 nuper
1354 3251 1427 3332 ipsis

316 3356 506 3438 jubentibus
529 3359 691 3433 transtuli,
706 3367 736 3421 te
759 3356 931 3436 (Bsilice)
951 3365 1076 3436 petunt,
1093 3364 1124 3418 te
1143 3355 1300 3418 lacerant.
1324 3351 1427 3434 lmpe-
1500 3343 1501 3380 l

319 3468 469 3523 natorum
485 3477 617 3540 quoqne
635 3461 768 3540 scripta,
785 3476 869 3538 quae
889 3458 930 3520 dc
948 3456 1146 3521 Alexandria
1166 3462 1199 3518 et
1220 3453 1373 3538 Aegypto
1395 3471 1429 3516 c·

319 3561 485 3641 rigenistss
498 3560 577 3642 pelli
594 3561 722 3643 iubent,
744 3579 796 3624 mo
815 3567 1006 3640 suggerente
1021 3558 1139 3621 dictata
1154 3562 1240 3621 aunt.
1256 3552 1300 3619 Ut
1320 3570 1427 3618 roma·

319 3677 379 3722 nae
400 3663 490 3725 urhis
513 3660 660 3726 Pontilex
676 3663 757 3724 miro
773 3679 829 3724 eos
844 3661 918 3724 odio
931 3659 1120 3734 detestetur,
1133 3675 1241 3721 meum
1255 3656 1427 3720 consilium

320 3761 404 3826 init:
420 3772 456 3827 nt
471 3773 558 3828 totus
571 3766 657 3828 orbis
681 3770 754 3845 post
769 3763 1011 3826 translationem
1028 3767 1114 3824 tuam
1133 3760 1165 3822 in
1186 3758 1335 3839 Origenis
1350 3758 1425 3821 odia

319 3869 493 3942 exarserit,
516 3883 614 3948 quem
633 3874 727 3930 antea
748 3865 940 3947 simpliciter
960 3862 1138 3937 lectitabat,
1160 3879 1252 3924 mens
1271 3866 1427 3938 operatus

319 3974 368 4031 est
387 3968 492 4032 stilus.
508 3987 526 4028 n

396 4067 440 4134 Et
459 4069 537 4150 qnid
554 4069 614 4133 sihi
630 4071 701 4134 vult
714 4067 903 4152 Hieronymi
924 4063 1109 4130 confessio?
1128 4061 1198 4128 Nisi
1212 4060 1299 4143 quod
1321 4059 1428 4122 Theo·
1500 4055 1501 4140 3

316 4169 425 4248 philus
440 4172 474 4244 in¹
491 4171 640 4255 Aegypto
660 4171 797 4253 primns,
811 4167 926 4235 deinde
946 4167 1045 4248 huius
1069 4165 1189 4232 assecla
1204 4163 1426 4246 Hieronymus
