3042 4940
298 359 340 429 ⁷⁸
752 465 892 536 catut
914 464 968 534 lX.

297 662 533 746 Dirpoiruntnr
551 674 581 730 rt
599 670 808 751 oonsutontttr
827 689 935 734 rorum
955 676 1163 751 ornamento,
1185 665 1243 750 pul
1263 667 1300 732 r'u
1318 667 1409 750 Syno-

339 767 379 830 do
400 765 431 830 V.
445 767 644 835 arbitrantur
662 772 847 837 multotum
865 773 966 853 fuisse
983 769 1161 852 Oripenont,
1177 779 1205 834 et
1218 769 1276 834 hor
1295 769 1330 836 iu
1345 770 1409 852 pri·
1515 863 1516 870 ἵ

338 866 398 932 mss
417 887 455 931 eo
476 887 594 936 oenum
609 870 671 938 XI.
692 873 827 956 ejusdem
841 871 960 955 Syuoth
979 881 1158 956 repetentes.

299 1109 402 1238 Post
415 1172 507 1250 haee,
520 1161 665 1261 sepositn'
679 1177 918 1257 aliquantulum
937 1175 978 1242 do
999 1176 1102 1244 trihus
1116 1173 1274 1257 Gepitnlis
1294 1174 1410 1242 disens·
1516 1182 1517 1222 l

298 1273 407 1352 riona,
430 1275 469 1337 nd
492 1276 632 1342 altorum
652 1278 792 1359 speciale
813 1279 853 1342 do
872 1279 1012 1359 Origene
1032 1288 1259 1360 argumentum
1281 1295 1410 1344 nonrer·
1516 1291 1517 1296 ’

298 1379 405 1440 hunos
425 1377 581 1450 eoimum,
603 1379 708 1444 illusis
745 1378 985 1460 respondentes,
1008 1381 1065 1461 qni
1086 1386 1244 1461 putnrout
1276 1380 1309 1443 io
1336 1379 1411 1445 neh

299 1473 434 1542 Consilii
455 1479 558 1559 quinti
579 1481 716 1560 reperiri
746 1482 899 1546 insertum
929 1481 1077 1562 origenis
1107 1482 1205 1562 ipsios
1236 1480 1408 1546 damuatio·

298 1593 389 1658 nem3
411 1598 486 1644 num
509 1580 581 1645 ideo
603 1582 768 1663 appellent
791 1583 831 1645 ad
856 1600 1010 1647 oanonam
1036 1580 1092 1648 xt.
1119 1579 1408 1648 Gollntionisvlll.

300 1687 334 1744 et
353 1679 393 1744 ad
407 1683 658 1748 consultationes
678 1683 868 1750 Colletiouis
887 1685 1019 1766 quinino
1038 1684 1183 1766 ejusdem
1204 1681 1337 1769 Synodi,
1358 1681 1409 1748 nhl

298 1777 447 1862 Origeois
468 1801 582 1848 nomen
603 1783 702 1863 Ario,
720 1783 880 1851 Eunomio
902 1787 1083 1868 ueterisque
1102 1785 1275 1850 haereticis
1295 1801 1410 1850 nonno·

298 1889 460 1948 meretum
481 1884 612 1966 legitur.

379 1980 609 2052 Verumtamen
630 2007 705 2054 enm
720 2007 783 2052 oon
803 1989 856 2063 sit,
873 1987 929 2069 qni
951 1988 1083 2063 maniat,
1102 1986 1169 2068 jam
1190 1985 1257 2067 ipsa
1278 1987 1409 2050 instante

297 2085 496 2163 quaestione,
520 2086 617 2169 hujus
647 2086 783 2154 Concilii
814 2096 884 2153 netu
908 2087 1006 2152 inisse
1026 2087 1241 2168 interpolata;
1272 2101 1407 2168 eumque

297 2181 372 2246 ideo
385 2201 489 2265 aeque
503 2186 595 2252 lanne
614 2190 739 2271 singula
763 2189 968 2270 ponderando
982 2189 1055 2264 sint,
1072 2205 1158 2268 quan
1177 2186 1216 2249 ad
1240 2187 1323 2250 hano
1342 2203 1407 2266 spe·

297 2289 386 2347 etant
406 2284 584 2369 synodum,
606 2306 668 2356 noo
690 2288 870 2354 ioiioiarnur
885 2289 928 2352 itn
951 2289 1033 2353 tradi
1054 2288 1086 2351 in
1108 2285 1292 2352 Collatione
1313 2283 1407 2351 viti:

297 2385 354 2450 sed
375 2405 435 2450 neo
450 2389 523 2452 itenr
545 2390 757 2470 ignorandum
779 2398 838 2469 est,
861 2391 956 2458 aliter
977 2392 1050 2456 erui
1070 2409 1111 2454 ex
1125 2387 1332 2456 confessione
1351 2387 1407 2454 Ju-

298 2487 425 2555 atiniani
457 2491 498 2554 oh
519 2493 664 2558 eamdem
686 2511 816 2558 ransom
847 2493 1003 2558 adversos
1025 2495 1084 2556 tria
1114 2491 1257 2572 eupitole
1278 2491 1407 2556 emissa:

299 2589 381 2670 uhi,
403 2592 463 2656 etsi
485 2593 579 2659 iidem
607 2613 743 2659 canones
765 2601 975 2675 repetuntur,
1002 2601 1142 2660 attamen
1162 2594 1195 2656 in
1215 2611 1338 2658 uanoue
1357 2589 1410 2656 xt.

300 2689 385 2756 iuter
405 2693 584 2760 haereticos
603 2696 771 2760 damnatos
793 2696 880 2760 deest
894 2695 1042 2776 Oripouis
1064 2712 1191 2760 nomen:
1205 2693 1354 2776 «Siquis,
1368 2693 1411 2756 in·

299 2793 383 2872 quit,
415 2812 478 2858 noo
498 2797 746 2861 anathematizet
766 2796 895 2871 Arium,
928 2793 1137 2872 Ennominm,
1169 2792 1408 2870 Macedonium,

302 2891 537 2975 Apollinarem,
569 2896 771 2976 Nestorium,
801 2897 984 2980 Eutychen,
1010 2905 1043 2962 et
1061 2915 1129 2973 eos,
1151 2897 1207 2977 qui
1230 2896 1347 2960 similia
1365 2911 1413 2960 sa·

301 3007 455 3080 puerunt,
474 3000 526 3064 val
546 3002 686 3083 sapiunt,
709 3001 782 3066 talis
802 3001 972 3066 anathema
993 3001 1044 3064 rit.
1057 3016 1075 3056 a
1093 2996 1216 3062 Nomen
1238 3006 1348 3064 autern
1368 2994 1410 3060 0-

299 3099 417 3180 ripeuis
437 3109 548 3166 eontra
569 3101 687 3186 Synodi
708 3109 847 3168 mentem
868 3103 900 3166 in
926 3101 1106 3168 Collatiooe
1129 3097 1215 3164 Vlll.
1238 3101 1409 3176 iutrnsnnt,

299 3200 395 3266 sinoti
409 3203 489 3267 alias
509 3204 686 3270 additiones
706 3205 826 3286 eoique
858 3205 971 3268 canoni
993 3201 1062 3266 iore
1086 3202 1260 3266 universim
1283 3203 1411 3266 tosertrs

301 3305 458 3369 edversns
472 3303 643 3370 Justioinui
658 3287 914 3384 contessionem,
927 3306 981 3370 ubi
996 3305 1124 3386 genuini
1140 3301 1354 3385 proteruntur
1365 3317 1413 3366 cr·

299 3423 411 3483 nones,
435 3408 623 3472 multimode
645 3409 813 3488 prohatur.

379 3504 506 3570 hoctor
520 3506 670 3574 Chronlei
687 3505 901 3582 alexandrini,
918 3506 974 3588 qui
996 3506 1156 3586 ontoglota
1172 3505 1304 3570 nimiter
1323 3517 1414 3568 nunus

301 3614 374 3688 post
395 3605 560 3691 Synoduro
577 3607 614 3671 V.
635 3609 729 3683 risit,
746 3627 911 3674 recensens
926 3607 1097 3674 tostiotaot
1115 3605 1335 3688 Programroe,
1357 3601 1408 3668 uhi

257 3773 269 3791 ,
300 3707 538 3776 Confessiooem
552 3728 631 3774 sono
652 3709 724 3774 tidai
747 3710 876 3792 prodit,
893 3728 931 3775 ao
945 3728 1007 3774 ona
1033 3727 1187 3773 oauooetu
1202 3706 1260 3771 Xl.
1274 3704 1410 3790 ejusdem

301 3805 437 3877 Gouottit
458 3812 558 3874 citnus
587 3811 831 3892 haereticosque
853 3812 895 3877 ihi
917 3812 1096 3888 damnatos,
1127 3810 1277 3890 Origenis
1303 3819 1409 3872 nomen

272 3901 275 3908 ⁴
300 3914 427 3993 penitus
450 3913 648 3992 praeterivit.
670 3911 823 3982 Ceterum
852 3933 967 3994 porum
990 3916 1122 3976 interest
1146 3931 1301 3976 numeros
1320 3925 1406 3974 moo-

300 4029 379 4078 num
395 4013 447 4078 tel
471 4016 705 4096 capitulorum,
727 4017 893 4099 inquibus
917 4014 1108 4080 dividuntur
1128 4016 1338 4090 anethemrta3
1356 4006 1411 4071 sed

299 4115 409 4197 potius
430 4117 638 4198 expositionis
658 4116 887 4182 attendendum
911 4125 958 4182 est
981 4117 1140 4180 varietati:
1157 4133 1223 4196 qun
1244 4107 1412 4179 eonstiterit

303 4217 386 4282 ordo
406 4219 563 4299 genuinos
585 4237 757 4299 cononum,
773 4219 830 4301 qui
851 4220 1007 4302 leguntur
1028 4218 1060 4283 iu
1081 4219 1179 4286 citata
1200 4214 1407 4284 Contentus,
