2982 4934
139 469 220 553 oso
239 489 319 558 ergo
338 471 443 541 Slrleil
463 471 713 554 simplieitatem,
740 471 789 536 rel
811 487 1050 552 quamcumque
1072 472 1171 549 negti-

67 577 198 658 gsntlam
212 578 245 643 in
258 577 506 659 origenistarum
521 590 618 639 eausa
634 589 774 653 arguere
789 571 925 654 poterit?
941 591 983 637 ex
998 591 1065 653 quo
1078 571 1172 636 diros

65 675 264 756 hmhrosios,
283 675 432 750 Sabinos,
455 673 638 749 Bassianus,
656 673 824 753 ceterique
844 672 983 753 episcopi
1009 672 1051 735 oh
1077 688 1169 752 prae·

66 775 165 840 latum
185 777 356 847 anathema
371 777 403 838 in
416 773 622 840 loriniannm
645 773 783 855 ejusque
802 773 940 836 ssseelas
959 773 1130 848 sancitum,
1145 772 1171 834 i·

63 874 146 956 pulos
167 873 331 942 Pontlllols
351 875 399 939 oti
419 873 493 938 honi
515 875 653 955 pastoris
681 871 835 937 exouhias
863 871 1072 936 enehrsruut
1098 870 1172 934 dill-

64 977 218 1057 gsntiam,
238 975 445 1041 sedulitatem
466 977 497 1039 in
516 974 603 1055 lupis
625 974 720 1038 laetis
740 972 1036 1055 deprehendendis,
1057 973 1170 1052 eisque

62 1077 198 1141 animose
227 1065 432 1142 oeoorrentis
461 1093 501 1139 se
528 1077 666 1152 stantis,
692 1092 733 1138 sae
759 1073 814 1146 isti
841 1071 993 1136 morsibus
1021 1069 1174 1152 perfidiae

62 1195 149 1256 ssoe,
170 1175 326 1260 sualim
344 1176 474 1241 ululntu
495 1174 690 1240 dominicum
710 1173 823 1238 suitam
847 1162 1062 1254 dispergunt?
1082 1169 1174 1238 Unde

63 1277 158 1359 igitur
178 1287 267 1342 tants
289 1275 393 1342 siricii
415 1276 534 1341 desidis
556 1278 588 1340 in
609 1277 858 1357 origenistarum
879 1275 1080 1356 queuntium,
1097 1291 1171 1337 eom

62 1379 92 1441 in
108 1384 233 1443 eeteros
264 1378 445 1442 hreretloos
467 1380 553 1440 tauta
574 1375 744 1453 sollertia,
778 1375 997 1456 slaoriterque
1023 1391 1172 1456 surgens,

64 1477 265 1554 mutotsrlt,
288 1475 494 1559 profligarit?
515 1475 584 1542 Cur
603 1475 765 1541 loriniani
786 1484 817 1539 et
839 1475 974 1539 ldanetis
995 1467 1187 1555 diselpulos'

64 1577 223 1655 damnans,
239 1597 305 1643 uon
319 1578 482 1642 damnarit
496 1575 645 1657 Origeuia
665 1587 855 1653 sectatores,
867 1579 937 1657 qui,
954 1584 989 1640 ol
1005 1576 1071 1656 ipse
1087 1583 1174 1638 tenet

64 1679 289 1766 Hieronymus,
305 1679 402 1761 plura
421 1679 594 1758 impietatis
615 1695 731 1760 genera
747 1689 780 1743 et
800 1679 953 1752 ahsnrda,
970 1695 1067 1758 quam
1082 1673 1172 1740 Jovi-

63 1783 168 1847 oiauos
187 1787 223 1846 et
242 1779 369 1858 Manes,
384 1782 417 1845 in
431 1778 608 1844 Ecclesiam
623 1778 882 1844 introduxisset?
904 1779 1078 1860 Nunquam
1099 1779 1172 1841 idoo

64 1881 135 1946 mihi
153 1881 314 1959 susdeho,
330 1900 389 1946 nse
408 1881 494 1945 alius
514 1899 567 1946 me
585 1881 626 1943 ad
648 1881 710 1945 hoo
729 1882 837 1963 adigat
858 1889 895 1945 ot
909 1888 1031 1962 potem,
1054 1879 1172 1960 Papam

64 1979 208 2048 Sirieium
224 1984 331 2047 uirum
353 1979 614 2062 probatissimum
634 1997 673 2044 ae
686 1981 934 2058 sanctissimum,
951 1999 1013 2046 una
1036 1981 1107 2044 ldeo
1122 1997 1175 2044 ao·

66 2081 254 2148 olsmstione
274 2080 314 2146 sd
338 2079 564 2146 Pontificatum
585 2087 758 2157 ereetum,
781 2089 814 2146 st
833 2082 876 2146 oh
896 2082 1064 2164 praestare
1086 2088 1174 2163 gesta

67 2183 207 2266 interero
227 2199 292 2246 suo
307 2181 489 2263 principato
509 2199 571 2263 pro
591 2179 665 2246 lidei
687 2181 870 2261 integritate
889 2183 1055 2260 solertem,
1071 2199 1173 2246 noum

66 2281 123 2348 huo
139 2281 323 2363 neglexisse
343 2282 431 2345 eirea
445 2280 640 2362 Origenams
663 2299 722 2346 neo
741 2283 939 2363 suppositam
962 2283 1120 2348 haeresim
1142 2285 1174 2346 in

67 2379 202 2461 numm,
223 2383 253 2448 d
274 2400 391 2448 reuera
413 2383 548 2448 luissent
569 2384 735 2460 haeretiei,
757 2383 1020 2448 animadvertisse
1031 2404 1042 2462 3
1074 2385 1117 2447 ita
1140 2393 1178 2450 ut

69 2482 107 2545 ah
124 2501 163 2548 eo
177 2483 352 2564 postulatis
371 2483 488 2546 litteris
500 2483 659 2560 formatis,
677 2485 826 2550 eumdem
849 2485 949 2548 veluti
964 2485 1173 2561 eutholioom,

68 2584 228 2650 eatholiois
249 2584 408 2666 episeopis
429 2583 678 2668 commendaret.

139 2683 291 2766 lienique
312 2685 344 2748 iu
363 2684 460 2749 eitats
483 2681 640 2765 Epistola,
657 2683 713 2747 uhi
734 2691 999 2764 repraesentator
1018 2684 1177 2771 llierong·

68 2769 134 2850 mus
152 2785 336 2858 Eeelesism
356 2785 538 2850 Occidentis
559 2794 592 2850 at
606 2781 747 2850 Orientis
769 2803 975 2865 percurrens,
991 2795 1024 2850 et
1045 2787 1176 2867 quidem
1226 2835 1240 2854 .

70 2893 238 2970 antequam
260 2887 449 2950 Anastasius
464 2885 551 2967 Papa
571 2883 742 2968 Theophili
761 2888 951 2952 seutentiam
977 2889 1101 2969 legeret
1121 2887 1177 2950 ud·

70 3003 175 3052 sersus
195 2989 387 3070 origenistes
408 2989 529 3066 latam,
551 3007 593 3054 ex
614 2987 713 3069 ipsios
734 2985 884 3052 Dootorls
907 2988 1013 3052 rerhis
1033 3006 1179 3068 compre·

70 3085 251 3167 leodimus,
273 3107 395 3169 pausos
416 3091 521 3170 ipsum
542 3107 583 3153 ex
605 3099 745 3170 utraque
768 3092 897 3170 regione
919 3090 1040 3154 hahere
1059 3088 1175 3166 socios,

71 3190 123 3269 qui
140 3191 200 3255 sihi
220 3191 456 3255 eonsentientes
480 3199 514 3254 st
533 3197 647 3271 aperto
677 3190 802 3270 praelio
823 3191 864 3253 sd
886 3191 972 3255 latus
1001 3208 1099 3256 auom
1121 3209 1180 3271 po·

72 3298 199 3368 nerent
219 3298 335 3356 ooutra
356 3289 505 3372 Origenis
523 3291 626 3355 libros
647 3299 799 3374 tanquam
821 3311 840 3357 a
863 3291 998 3358 serituto
1018 3292 1176 3358 dissonos:

71 3387 215 3466 «Pueri,
234 3391 352 3470 inquit,
367 3388 425 3472 qui
442 3390 594 3454 amulam
605 3385 680 3472 'fider'
692 3390 864 3469 nudatam,
880 3401 987 3456 nostro
1000 3391 1095 3456 latmi
1101 3391 1180 3473 jun·

72 3488 225 3568 omme.
240 3489 338 3569 Quod
357 3508 435 3556 sane
455 3491 573 3556 iudicat
588 3494 772 3558 animorum
794 3491 938 3558 tideliom
960 3501 993 3558 et
1007 3492 1180 3559 doctorum

73 3590 214 3656 virorum
237 3593 387 3660 timorem
407 3601 442 3658 et
466 3593 714 3676 perplexitatem
740 3595 773 3657 in
797 3595 858 3658 hae
885 3611 1003 3674 oansa;
1024 3591 1127 3659 sioohi
1148 3608 1183 3658 a·

72 3690 203 3770 gahatur
224 3693 265 3758 ds
287 3695 463 3760 universali
478 3713 582 3777 usque
596 3696 661 3760 hoo
683 3696 837 3776 temporis
854 3711 931 3777 erga
947 3695 1119 3777 Origeoem
1137 3695 1182 3760 ia·

72 3805 141 3872 ma;
162 3812 262 3875 quem
284 3796 332 3860 uti
352 3794 594 3877 praediximus,
616 3797 723 3860 uirum
744 3797 834 3877 pium
855 3804 888 3862 at
907 3797 1104 3877 apostolieae
1125 3799 1182 3865 do·

76 3891 194 3958 euim
216 3893 375 3960 sindioem
395 3895 589 3972 salutarunt,
611 3903 644 3960 et
664 3896 877 3960 ecelesiarum
901 3897 1101 3978 magistrum.

147 3989 269 4059 Deinde
288 3996 316 4059 ai
335 3995 445 4071 illios,
468 4013 566 4076 qoem
588 3996 619 4058 in
640 3997 689 4058 his
709 3996 826 4060 litteris
847 4003 879 4059 et
900 3997 976 4079 slihi
997 3999 1180 4078 saepissime

74 4093 256 4172 exagitarit,
278 4094 523 4176 maledietisqoe
539 4097 698 4176 oppressit
720 4093 949 4181 llierouymus,
964 4100 1105 4164 serutari
1128 4119 1182 4163 ro·

76 4187 167 4260 linus
186 4212 305 4262 erosae
323 4213 403 4262 suae
423 4198 656 4275 oeeouomism,
673 4197 794 4280 ubique
815 4204 973 4282 perpetuo
994 4197 1053 4266 sihi
1074 4217 1183 4267 eonse-
