2994 4938
473 461 612 534 CAPUT
642 459 745 528 xxn.
836 533 842 542 ⁸

57 686 231 752 Discutitur
245 685 415 769 praecipue
434 687 517 769 cnoel
536 706 563 751 s.
580 682 794 766 Hieronymus
808 679 844 746 in
859 677 1004 764 Hpistola
1016 676 1087 746 127.

90 793 133 851 ael
151 785 382 867 Principiam,
410 797 520 868 captus
539 785 577 850 ol
608 782 799 867 hypocritico
828 782 895 846 nelo
916 792 945 845 et
974 779 1091 844 dolosis
1127 827 1131 844 .

90 886 228 968 epistolis
252 885 436 969 Theophili,
467 896 581 951 narrat
610 886 647 949 ele
670 882 868 966 quaestionis
889 881 1092 964 oriyenionae

93 989 272 1055 concisione
291 987 420 1069 nomae,
442 985 559 1055 Siricio
579 984 804 1067 Pontificatum
823 993 947 1068 yerente
969 1030 976 1048 .
1016 1001 1088 1067 psa.
1109 981 1172 1051 252

467 1131 607 1258 CAPU'i
627 1185 748 1294 xxttl.

59 1409 141 1474 lluas
168 1408 206 1473 in
236 1411 418 1492 quaestione
444 1411 632 1508 oriyeniana
654 1407 822 1475 hmmsmtt
845 1406 954 1491 Papae
981 1404 1094 1473 Siricii

97 1509 282 1575 successoris
313 1509 529 1578 discutiuntur
561 1511 746 1595 Epistulae:
773 1527 841 1574 una
873 1507 1017 1590 yenuina
1050 1507 1094 1572 acl

91 1609 243 1675 loannem
264 1610 590 1693 hierosolymitanum,
603 1613 707 1677 altera
725 1609 927 1692 apochrypha
946 1609 990 1672 aci
1009 1605 1093 1672 Sim·

90 1710 268 1794 plicionum
294 1713 578 1779 mediolanensem.-
602 1715 639 1776 ce
665 1711 778 1794 quihus
797 1708 928 1774 seorsim
948 1708 1091 1792 ‹lisputa-
1111 1785 1173 1874 m

94 1812 176 1878 litus·
185 1853 1030 1877 .................
1073 1827 1090 1867 n

436 1987 439 1995 ’
468 2031 609 2103 chous
630 2031 747 2099 xxsv.

63 2254 161 2336 Peryit
180 2253 363 2339 disquisitio
392 2255 480 2322 circa
501 2256 676 2340 Epistolam
698 2255 909 2339 apocrypham
929 2250 1097 2320 hnmemtt

95 2355 197 2438 Papae
217 2359 262 2422 acl
289 2355 530 2438 simplicianum
549 2358 729 2443 episcopum
758 2357 1032 2433 mediolanensem,
1052 2354 1095 2420 ‘in

95 2475 152 2540 yua
170 2479 240 2524 una
256 2479 328 2525 cum
341 2451 408 2524 iuis
422 2459 548 2543 scriptis
572 2459 756 2526 indistincte
776 2461 1001 2524 condemnatus·
1023 2455 1097 2523 Ori·

94 2578 196 2638 yenese
217 2553 357 2625 studiose
377 2561 502 2626 collatis
521 2581 602 2645 quoe
625 2561 738 2625 cleincle
757 2578 856 2643 usque
876 2561 920 2624 mt
939 2557 1038 2625 seculi
1059 2557 1091 2623 V.

95 2661 181 2736 linem
200 2665 237 2728 cle
263 2661 321 2726 hoc
342 2670 530 2746 cryumcnto
559 2663 646 2729 dicto
669 2671 745 2728 sunt
765 2660 804 2728 ah
836 2661 996 2729 Ecclesiae
1015 2660 1095 2726 scri·

94 2760 230 2840 ptoriius
243 2804 1030 2830 ................
1074 2781 1090 2822 n
1110 2758 1174 2830 286

475 2963 614 3031 CAPUT
637 2963 737 3031 XXV.

65 3177 90 3242 1·
104 3179 269 3266 theophili·
278 3195 307 3250 et
320 3185 507 3269 Hieronymi
519 3185 738 3252 inconstantia
753 3185 795 3251 in
810 3185 955 3268 Oriyenis
975 3182 1093 3268 de'y'ueii·
1203 3227 1210 3241 .

99 3287 195 3349 canda
214 3287 374 3351 doctrina:
396 3289 427 3355 2.
450 3286 654 3368 simplicitas,
681 3297 718 3351 ut
737 3287 801 3368 ipsi
823 3287 931 3371 ajunt,
956 3303 1092 3368 quacum

99 3381 249 3452 Ecclesiae
270 3387 409 3466 Patres,
432 3392 496 3455 sive
518 3389 655 3472 episcopi
676 3388 822 3470 Oriyenis
850 3387 970 3471 scripta
991 3387 1092 3466 leyen·

98 3493 155 3563 tes,
179 3499 251 3553 ante
270 3489 355 3576 illud
380 3500 499 3574 tempus
525 3512 590 3556 non
610 3489 894 3575 comprehenderint
917 3487 1018 3571 ipsius
1039 3505 1092 3551 ne·

99 3587 202 3664 landos
217 3610 358 3656 errores:
374 3592 405 3657 3.
428 3592 568 3658 modicus
581 3593 711 3658 illorum
732 3610 894 3663 numerus,
916 3587 975 3670 qni
997 3587 1092 3651 Theo·

99 3688 176 3762 philo
189 3703 217 3756 et
234 3692 424 3774 Hieronymo
438 3704 648 3759 convenerunt
661 3695 813 3758 adversus
825 3690 1002 3771 Oriyenem,
1016 3686 1089 3751 uni·

99 3790 200 3853 cersim
214 3803 291 3856 tunc
304 3812 379 3873 crya
398 3796 537 3858 eumdem
559 3795 680 3877 viyente
699 3793 829 3859 studio:
848 3786 878 3860 4.
893 3789 1090 3873 hypocriseos

99 3887 288 3957 insimulatio
305 3893 485 3974 oriyenistis
510 3897 548 3961 ah
564 3905 697 3979 utroque
716 3895 840 3960 inlatos
859 3894 935 3958 haee
952 3901 1089 3975 yuatuor

98 3991 194 4069 capita
212 3994 361 4059 ultimum
381 4003 408 4058 et
427 3995 625 4062 ineluctabile
652 3995 850 4061 constitissent
869 4001 1089 4075 aryumcntum

102 4085 252 4174 Theophili
265 4104 294 4161 et
306 4093 493 4179 Hieronymi
514 4095 690 4173 illusionis,
714 4105 743 4161 et
763 4092 910 4176 Oriyenis
929 4112 1000 4160 cum
1021 4090 1088 4158 suis

99 4187 237 4262 victorine
285 4240 1023 4264 ...............
1067 4213 1083 4254 n
1104 4187 1166 4259 299
