2994 4938
1094 435 1142 487 xv

61 540 180 628 ier-tur,
210 544 302 618 idem
332 543 522 640 primatus,
566 539 713 616 eaedem
748 539 869 614 clavos
894 539 993 638 regni
1020 539 1141 615 coeio·

62 695 149 754 run,
185 671 332 746 caedem
362 691 450 745 oves
483 665 698 766 pascendae,
726 679 765 742 et
797 666 923 742 eadem
959 665 1050 740 lidos
1082 665 1142 740 in-

61 797 269 872 defectibilis
297 799 332 870 in
365 796 519 870 fratrum
558 816 706 868 suorum
740 793 1071 868 confirmationem.
1102 793 1141 866 Ι-
1204 819 1208 832 ·

60 927 192 1024 deoque
218 923 329 1010 absit,
357 923 466 1010 absit,
494 937 536 998 ut
571 922 715 997 dicutur
742 920 951 995 scandalum
990 933 1077 995 tunc
1103 921 1140 996 in

61 1053 259 1128 universam
290 1049 492 1127 Ecclesiam
522 1050 693 1146 irrupisse
727 1046 774 1122 nb
800 1047 997 1124 anathema
1027 1048 1138 1122 trium

60 1179 299 1278 Capitnlnrum
329 1203 351 1256 a
385 1176 513 1274 Vigiiio
540 1175 801 1274 subscriptum,
834 1173 946 1250 veluti
979 1173 1140 1250 nonnulli

62 1322 190 1383 temere
221 1308 344 1406 potius
372 1328 481 1405 quam
511 1306 655 1380 incauto
678 1317 1012 1402 praesumpserunt,
1037 1303 1141 1402 quasi

60 1433 232 1532 pontificia
263 1434 409 1509 decreta
443 1433 479 1507 in
512 1432 673 1508 fidelium
709 1430 917 1507 scandalum
943 1430 1039 1505 edite
1073 1429 1139 1505 eli·

61 1561 194 1660 quando
222 1562 431 1638 credantur.

156 1689 398 1775 lastinianus,
424 1689 516 1766 altor
545 1688 805 1764 Constantinus
833 1687 870 1761 in
899 1686 1066 1785 imperio,
1097 1685 1139 1759 u-

61 1816 111 1891 dci
128 1817 328 1893 catholicae
357 1823 603 1915 propugnator
626 1831 665 1892 et
683 1827 916 1914 propagator,
937 1827 1137 1912 perpetuus

65 1945 252 2022 haeresum
285 1947 496 2031 insectator,
528 1946 564 2019 in
583 1943 840 2021 Pontificatum
868 1941 1075 2048 Romanum
1099 1955 1139 2017 et

63 2071 94 2146 in
127 2073 318 2172 episcopos
367 2071 602 2150 ecclesiarum
638 2069 999 2158 observantissimus,
1027 2071 1140 2164 juris·

62 2199 268 2296 prudentiae
297 2201 517 2277 christianae
547 2201 728 2300 princeps,
756 2198 1051 2297 religiosissimus
1069 2199 1137 2287 vir,

66 2326 195 2402 sincera
228 2343 353 2404 mente
381 2351 527 2404 causam
550 2329 750 2426 suscipiens
777 2326 951 2404 adversus
978 2329 1050 2402 trin
1067 2325 1138 2404 Ca-

65 2453 183 2552 pituia,
212 2457 260 2533 de
289 2455 598 2532 insimulatoribus
631 2455 706 2530 suis
735 2454 948 2553 triumphat.

160 2585 338 2683 Origenes
374 2585 575 2684 priscorum
604 2583 753 2660 Petrum
786 2584 921 2658 nemini
959 2582 1137 2660 sccundus

65 2709 96 2783 in
125 2713 361 2789 custodienda
393 2726 431 2788 et
459 2711 668 2787 illustranda
707 2711 899 2787 traditione
926 2710 1137 2809 apostolica,

64 2834 95 2910 in
126 2837 259 2914 divinis
286 2839 508 2938 exponendis
535 2839 744 2937 Scripturis,
778 2841 813 2913 in
843 2839 1040 2914 christiano
1069 2864 1137 2916 no-

62 2965 147 3039 mine
175 2967 390 3043 vindicando
414 2966 459 3040 ab
478 2967 705 3043 ethnicorum
735 2967 887 3055 insidiis,
915 2981 954 3044 et
981 2968 1027 3042 ab
1050 2968 1138 3043 hae·

64 3094 253 3169 rutinorum
283 3094 530 3192 improbitate,
565 3094 789 3193 triumphum
826 3096 927 3170 ducit
958 3094 1003 3170 de
1033 3095 1140 3171 maie·

63 3217 155 3305 dicis,
181 3222 247 3320 qui
279 3221 347 3296 hac
374 3235 509 3309 aetate,
538 3219 666 3322 Vigiiio
694 3221 869 3298 Pontiiioe
897 3236 935 3299 et
961 3221 1137 3299 ,iustinia-

62 3369 103 3422 no
127 3349 362 3449 imperatore,
390 3373 523 3425 novum
562 3351 719 3427 inierunt
747 3362 930 3426 tentameu
962 3351 1135 3427 adversus

62 3476 237 3562 eumdem,
256 3480 406 3576 ejusque
423 3491 612 3577 patronos,
640 3501 706 3554 sun
734 3477 868 3554 furtive
900 3479 1039 3554 intruso
1066 3501 1135 3554 no·
1262 3531 1265 3538 ι

62 3602 150 3682 mine
169 3605 266 3680 inter
283 3605 488 3682 haereticos
516 3630 536 3680 a
566 3607 718 3683 concilio
745 3606 786 3680 V.
819 3608 1024 3682 damnatos.

160 3731 209 3808 Et
237 3733 334 3808 istud
352 3747 423 3820 est,
460 3734 554 3832 quod
590 3759 654 3832 pro
684 3735 820 3810 viribus
849 3735 955 3818 meis,
987 3734 1135 3835 Deoque

59 3859 213 3948 juvante,
246 3874 470 3960 pertractare
498 3864 658 3938 studui
648 3889 685 3938 rn
714 3865 779 3940 hac
815 3863 941 3940 ultima
966 3864 1136 4024 dispuisi-

65 3984 194 4066 tionum
230 4013 391 4123 mearum
422 3989 543 4066 Parte

456 4269 748 4313 mnu-
