3066 4950
439 467 521 540 Gom
543 473 654 556 itaquo
674 473 847 556 Ιιιιιιιιιιιι
867 469 1072 556 amplissimis
1102 471 1301 556 patefactum
1320 473 1363 539 su
1381 475 1460 540 testi·

361 575 489 652 moniis,
512 573 668 656 vigitinus
688 577 864 642 inmunem
886 575 984 640 ivisse
1003 575 1107 642 insui
1135 575 1345 640 Pontittoatns
1364 573 1461 650 initio,

362 686 431 742 tum
452 678 493 743 ab
515 679 654 756 haeresi,
677 685 737 743 unt
756 695 831 743 cum
853 677 1026 742 haereticis
1045 679 1262 754 conniventia,
1284 685 1318 741 et
1336 677 1463 756 iusuper

358 798 377 844 a
399 780 498 844 caedo
518 781 550 844 ia
571 779 746 846 silverium
766 785 916 863 patratu;
937 780 1086 844 similitor
1104 779 1251 842 arbitror
1271 777 1352 842 taisa
1373 777 1463 840 baba·
1526 815 1527 826 ι

358 881 401 958 ri,
423 897 508 961 qnae
529 879 569 945 de
589 879 690 960 ipsius
712 879 819 961 Papae
850 879 1006 944 dicuntur
1033 879 1180 954 simonis,
1203 878 1392 952 ambitione,
1411 881 1464 940 aut
1526 899 1527 992 p

359 981 540 1048 intrusione
568 983 601 1045 iu
621 981 710 1048 Petri
737 981 944 1050 Catbodrsm.
969 980 1137 1046 Adversus
1156 997 1242 1062 qnae
1270 979 1464 1059 suiirapatur
1526 1039 1527 1042 ,

359 1082 556 1159 Cassiodori,
579 1083 700 1164 Pelagii
722 1083 748 1148 Ι.
778 1082 901 1164 Pelagii
922 1081 965 1146 ΙΙ.
987 1091 1021 1147 ot
1049 1083 1205 1155 aliorum,
1227 1098 1373 1160 qnorum
1394 1081 1465 1143 taor

358 1185 548 1261 intererant,
571 1185 747 1250 sitentium.
769 1183 848 1262 Qui,
870 1191 909 1248 ut
929 1185 1010 1263 dixi,
1032 1201 1091 1248 uec
1111 1183 1247 1248 crimina
1271 1181 1393 1263 vigilii,
1413 1199 1464 1245 uec

359 1287 588 1366 poenitentiam
619 1294 786 1364 notarunt,
807 1287 877 1352 sive
898 1304 1005 1350 mores
1034 1287 1136 1366 ipsius
1158 1295 1296 1367 spectes,
1317 1287 1389 1350 sira
1408 1283 1464 1350 eie·

360 1389 597 1464 edocendae
612 1387 720 1452 tidem.
737 1386 869 1454 Etcum
884 1387 1056 1452 nouissimo
1077 1388 1159 1452 tates
1172 1395 1207 1452 et
1227 1387 1307 1450 tanti
1320 1389 1385 1450 siut
1404 1401 1464 1450 res·

363 1495 417 1552 tus
439 1489 515 1552 huic
538 1487 683 1552 Pontifici
703 1487 869 1570 adscripti,
891 1496 929 1552 ut
948 1506 1046 1554 sanae
1066 1490 1180 1553 ruentis
1200 1497 1359 1570 superent
1377 1506 1465 1570 exps-

359 1589 546 1664 ctotiooem,
578 1607 620 1654 ex
641 1590 764 1656 cunctis
795 1589 979 1670 praemissis
1002 1588 1254 1654 discussionibus
1279 1589 1466 1654 concluden-

360 1692 437 1755 dum
460 1693 622 1768 existimo,
654 1709 760 1772 nequa
780 1693 813 1759 io
835 1693 956 1773 maguis
977 1709 1036 1756 nec
1056 1693 1089 1754 iu
1109 1692 1220 1772 porris
1240 1691 1401 1758 deiecisse
1420 1688 1464 1754 ii-

360 1792 486 1873 gitium:
510 1812 549 1858 ac
569 1796 675 1858 omniu
698 1795 828 1874 liuguae
849 1794 1026 1860 maledicae
1046 1795 1253 1871 rumilionis,
1274 1804 1308 1859 et
1330 1813 1465 1876 praeser-

362 1895 420 1960 tiru
433 1895 581 1971 illorum,
598 1897 718 1976 quibua
733 1895 826 1962 vaide
843 1897 937 1962 vatdo
950 1897 1118 1977 displicuit
1131 1897 1231 1961 trium
1244 1894 1465 1977 capitulorum
1526 1909 1527 1986 ζ

362 1995 544 2075 dannati03
559 1999 683 2078 quiquo
703 1999 882 2078 aegerrime
904 1997 1250 2074 tuteruntauatbeun,
1265 1998 1322 2061 cui
1343 1997 1463 2061 obnoxii
1526 2023 1527 2084 ι

365 2095 473 2172 ruore,
498 2105 738 2164 contemnentes
759 2098 859 2181 huius
880 2098 987 2180 Papus
1002 2097 1232 2164 Constitutnm.
1254 2095 1466 2174 Quamobrem

363 2195 447 2262 banc
468 2196 707 2265 calumniarum
734 2200 921 2280 cooperiam
940 2201 972 2262 in
987 2198 1108 2280 Papam
1132 2197 1327 2264 instruxisse
1348 2217 1467 2282 prauu-

363 2297 518 2362 rneudum
532 2303 580 2364 est
600 2297 714 2364 eudem
733 2299 855 2376 studio,
870 2299 1051 2382 eademque
1070 2299 1219 2382 pertidia,
1234 2299 1359 2381 quibus
1378 2317 1467 2365 unce

364 2415 403 2462 ra
416 2405 638 2480 corruperunt
651 2399 771 2485 Spoodi
786 2401 918 2482 quintae
933 2400 1246 2478 sundrabertus
1267 2400 1395 2467 dicturu
1412 2407 1464 2476 est.

365 2499 453 2564 undo
475 2500 595 2566 incauti
610 2501 737 2582 decepti
755 2511 832 2568 sunt
852 2504 986 2582 posteri.

447 2599 570 2668 Verum
589 2604 761 2685 bucusque
774 2605 916 2670 docuero
936 2623 996 2685 pro
1009 2605 1162 2670 canonica
1178 2602 1288 2686 vigilii
1307 2603 1467 2678 electione,

366 2701 578 2783 claudumque
607 2705 648 2768 ab
674 2706 760 2772 onai
799 2706 933 2770 crimine
962 2707 1184 2783 immunitate,
1222 2706 1468 2786 praeclarissime

368 2803 568 2870 roborantur
587 2805 628 2870 ab
645 2801 786 2872 Aratora
804 2807 1003 2874 subdiacono
1023 2825 1170 2884 romano,
1189 2809 1246 2889 qni
1268 2808 1298 2872 oi
1321 2805 1470 2886 inscripsit

366 2904 588 2988 dpmtoiorum
620 2907 700 2974 dcto
729 2909 862 2974 barcino
894 2909 1037 2976 carmine
1057 2910 1189 2976 dictata.
1212 2908 1249 2974 iu
1270 2928 1339 2990 qua
1371 2909 1468 2974 iuscri-

368 3008 478 3088 pttoua
498 3009 676 3089 primordia
709 3017 908 3090 repetuntur
936 3013 988 3076 aui
1018 3010 1236 3078 Pontidcatns.
1270 3009 1321 3076 ita
1343 3025 1467 3092 namque
1526 3015 1527 3018 ’

369 3105 509 3176 German
529 3128 628 3176 sunta
647 3113 838 3194 auspicatur
858 3113 992 3178 Arator.
1526 3185 1527 3200 1

448 3208 653 3276 Souctbaimo
665 3223 761 3296 orpus
772 3212 946 3295 wostoiico
966 3209 996 3278 ιι
1007 3210 1043 3278 in
1057 3222 1119 3278 tcto
1129 3214 1200 3279 orde
1210 3213 1320 3297 primo
1339 3211 1467 3282 miro
1526 3243 1527 3300 3

367 3313 565 3378 sacerdotum
586 3312 694 3396 Popoe
721 3312 835 3396 Vipiiic
854 3314 975 3380 ductor
995 3313 1219 3382 subdiaconus.

409 3411 579 3482 Moenibus
601 3416 764 3482 undisonis
785 3419 948 3486 bottorou
968 3418 1115 3484 incendia
1136 3437 1271 3486 cerneus

410 3511 491 3580 Pars
511 3534 572 3596 ego
595 3525 672 3582 tuuc
692 3517 806 3599 popuii
830 3518 894 3582 uta
915 3523 1059 3599 paventis
1080 3535 1183 3586 eram.

413 3719 556 3785 Advenit
577 3720 703 3786 incluso
722 3719 852 3787 soluere
873 3721 979 3786 vincia
1001 3723 1100 3802 propi.

409 3817 458 3882 iic
479 3820 594 3898 ptadiu
617 3822 791 3901 rapiuntur
811 3839 902 3898 oves,
924 3831 1054 3902 pastore
1075 3823 1241 3904 ministro;

410 3919 678 4000 luqueburueris
700 3921 851 3997 terimur,
874 3930 904 3987 tc
927 3931 1112 4000 revocante,
1136 3926 1205 4005 piis.

411 4020 616 4118 Corporeurn
635 4025 712 4087 satis
733 4033 783 4088 est
801 4024 848 4090 sic
866 4026 1004 4090 erasisse
1025 4027 1184 4107 periclum
1192 4047 1205 4106 ς

411 4119 454 4186 Et
475 4123 552 4186 mibi
574 4123 647 4203 pius
668 4127 795 4191 animae
820 4127 965 4192 nascitur
985 4127 1059 4194 inde
1077 4128 1177 4193 satus.

409 4221 589 4292 Ecclesiam
609 4227 725 4305 subeo,
747 4227 888 4307 dimissa,
909 4230 1099 4313 aautrrpos,
1121 4229 1211 4310 auls,

411 3614 545 3680 Publica
566 3619 712 3694 libertas,
736 3615 832 3699 vigili
853 3618 1049 3686 sanctissime
1071 3620 1172 3702 Papa,
