2994 4938
357 382 380 430 X

354 483 498 582 piscopo
516 479 612 581 opud
630 477 966 580 Constantinopolim
984 482 1126 579 reperti.
1146 477 1283 556 Deinde
1302 479 1424 560 &eun

218 694 225 710 ,
357 625 409 686 cst
434 607 559 708 Vipilio
588 607 746 684 Romano
775 603 961 709 Episcopo,
980 607 1080 686 Zoilo
1099 608 1347 698 mancum,
1365 613 1426 688 Eu·

352 739 538 838 plrroomio
569 739 789 822 antiocheno,
808 754 842 814 et
872 737 978 814 Petro
1012 737 1334 837 hierosolymitano.
1353 737 1426 828 Qui·

355 868 420 942 bus
456 891 537 944 eoru
574 868 827 967 accipientibus
864 884 898 943 et
925 867 1230 955 inoboedientibus,
1272 865 1425 966 Oripeoes

357 995 546 1070 domnolus
582 1009 634 1071 est
664 1010 837 1083 mortum,
869 997 932 1095 qui
956 997 1074 1072 cicens
1101 995 1330 1094 eliminaret
1357 1013 1425 1072 cun

357 1123 559 1198 domnolus.
597 1121 701 1213 Quod
729 1123 921 1200 confirmat
957 1123 1207 1200 Cassiodorus.
1231 1149 1249 1196 a
1273 1122 1321 1200 Et
1347 1124 1423 1200 baec

355 1252 409 1326 ait
435 1251 488 1327 De
509 1250 643 1328 Maron.
664 1251 922 1330 Verumtamen
941 1252 1218 1328 desiderandum
1246 1252 1355 1340 ioret,
1375 1253 1423 1328 ali·

354 1378 452 1475 quod
469 1377 537 1453 sibi
566 1377 718 1477 aliisque
738 1380 783 1454 de
812 1378 880 1454 hac
898 1378 1147 1456 subtractione
1166 1377 1355 1477 suffragari
1371 1379 1424 1454 do·

357 1519 582 1582 comeatum.
610 1505 680 1582 Sed
708 1507 753 1582 de
781 1507 839 1582 bis
867 1507 974 1582 modo
1001 1507 1103 1583 satis.

463 1632 556 1709 Cum
585 1635 706 1734 itaque
727 1658 798 1710 uon
827 1650 969 1710 mutum
999 1657 1063 1731 pro
1082 1633 1248 1733 origenis
1267 1633 1423 1711 orthodo-

358 1769 434 1849 xia,
461 1761 526 1836 sed
554 1773 593 1838 et
619 1785 685 1860 pro
701 1759 818 1859 Vigilii
847 1761 1092 1838 etlustiuiani
1121 1763 1352 1860 imperatoris
1374 1762 1425 1838 le·

356 1889 551 1978 conuersi
580 1890 680 1966 vario
707 1889 774 1965 sub
803 1891 950 1976 intuitu,
976 1889 1220 1966 dimicandum
1249 1890 1338 1964 mihi
1364 1892 1425 1975 sit,

357 2017 540 2092 nemiuem
569 2017 682 2094 lateat
700 2041 773 2106 ma,
792 2016 899 2098 sicuti
928 2019 963 2092 in
992 2017 1308 2115 praecedentibus,
1331 2039 1425 2115 aegro

355 2143 501 2244 quidem
526 2145 660 2231 auimo,
679 2145 837 2244 opinioni
859 2146 1040 2224 communi
1061 2147 1227 2244 quamvis
1255 2160 1424 2224 vetustata

357 2272 532 2352 solidatae
558 2274 711 2350 firmiter
735 2276 868 2360 restiti,
896 2276 948 2351 ita
975 2288 1013 2352 et
1053 2274 1087 2348 iu
1116 2276 1299 2372 praesenti
1328 2298 1425 2350 anu·

357 2423 424 2497 per
450 2400 718 2479 celebratorum
737 2389 897 2480 virorum
922 2426 1032 2478 serrsu
1052 2401 1193 2498 longius
1217 2397 1318 2475 abire
1346 2400 1423 2497 cogi.

469 2529 522 2602 Ao
557 2531 717 2618 iuterim,
751 2532 927 2628 siquando
961 2531 1131 2628 scriptor,
1159 2553 1272 2628 prope
1316 2531 1425 2604 tritum

221 2659 226 2674 “
359 2657 608 2753 proverbium,
625 2659 730 2734 unius
744 2657 881 2734 fraudis
895 2659 977 2734 labe
997 2657 1172 2756 probetur
1192 2658 1387 2755 inspersus,
1400 2655 1427 2728 in

360 2784 491 2860 ceteris
519 2809 662 2884 quoque
684 2787 793 2862 liceat
821 2789 939 2886 ipsum
968 2787 1096 2864 endem
1117 2799 1200 2862 nota
1230 2807 1426 2883 consperge·

357 2933 413 2994 oe,
440 2913 530 2987 adeo
559 2929 600 2987 ut
636 2915 845 2990 cautissime
873 2913 1083 3012 acceptaudi
1116 2915 1191 2988 sint
1218 2913 1334 3009 ipsius
1367 2933 1426 2986 sar·

359 3037 501 3126 moues,
527 3042 624 3117 istud
651 3067 739 3120 sane
772 3043 928 3118 arbitror
947 3047 1030 3135 juro
1059 3041 1294 3138 infligendum
1329 3041 1424 3116 trium

362 3165 613 3266 Capitulorum
646 3171 912 3246 defensoribus.
942 3168 1062 3260 Quum
1092 3171 1187 3243 enim
1228 3169 1348 3268 (quod
1372 3163 1427 3262 ipsi

363 3295 554 3394 multiplici
575 3301 765 3376 conanime
791 3300 858 3376 uisi
880 3315 964 3372 sunt
984 3289 1158 3374 stabilire
1174 3321 1241 3395 pro
1260 3297 1366 3370 animi
1382 3290 1427 3365 sui

362 3423 481 3500 lubitu
520 3426 565 3501 ad
602 3429 842 3525 quorumdum
878 3428 1111 3525 ignominiam
1145 3426 1213 3500 sibi
1253 3427 1428 3498 adversan-

363 3552 482 3652 tium)
513 3577 579 3630 uec
612 3579 677 3652 per
708 3554 968 3643 lastinianum,
988 3579 1053 3630 uec
1072 3577 1138 3651 per
1155 3556 1354 3652 episcopos,
1371 3568 1427 3620 nen

285 3716 288 3722 ·
360 3682 614 3780 pervigilium
637 3683 771 3780 Pupam
804 3685 997 3765 ostendero
1027 3684 1138 3760 luisse
1157 3682 1345 3779 Origeuem
1371 3676 1427 3748 da·

362 3823 528 3885 muatum
544 3833 556 3898 ;
584 3814 618 3884 in
647 3811 794 3910 reliquis
822 3813 909 3888 item
939 3811 1268 3888 insimulationibus
1286 3823 1427 3901 etprae-

362 3940 489 4013 scrtim
517 3936 645 4035 vigilio
673 3954 712 4014 et
738 3938 942 4016 Iustiniana
970 3941 1152 4038 irrogatis,
1180 3938 1313 4012 unllam
1331 3932 1425 4006 fidem

365 4067 418 4144 ais
451 4067 692 4146 exhibendam
721 4067 827 4157 duco,
858 4070 969 4147 immo
998 4068 1101 4146 firme
1129 4081 1247 4144 teneo.
