3042 4940
1118 349 1159 418 53

65 458 264 534 relationem,
285 455 456 526 defensore
474 455 633 524 aeduine
662 459 791 521 nostrae
810 452 955 521 iordane
975 453 1163 532 nonnose,

63 560 273 642 suscipientes,
285 562 362 630 satis
377 561 484 626 mirati
497 575 623 635 numus,
637 558 682 624 ite
696 575 753 624 rus
771 558 967 640 apostelicae
986 559 1164 623 auctorita·

63 663 97 726 tis
110 662 233 737 oblitos,
251 669 288 726 ut
307 661 497 728 divisionem
512 668 651 726 vestram
672 659 713 723 sb
733 659 909 740 uuiretssli
930 655 1074 726 Ecclesia
1091 675 1165 721 meo

61 762 147 826 etiam
168 762 334 829 nolueritis
355 762 463 846 (quoti
484 759 586 842 absit)
618 777 775 827 consensu
797 759 931 826 firmari.
947 779 964 820 s
981 759 1102 826 [ieiunis
1125 757 1168 825 sti

62 863 222 927 toileuisnr
243 880 485 947 quamcumque
504 863 544 928 tie
563 879 625 928 suu
640 861 702 930 flie
721 862 950 944 suspicionem,
972 859 1050 927 lien
1068 879 1104 927 se
1125 860 1167 927 tle

59 971 191 1042 quatuor
210 962 418 1050 Spuoioruur
431 961 630 1045 generalium
644 959 882 1028 delinitionibus
895 961 974 1031 nihii
990 962 1167 1028 inminuis-

60 1083 105 1140 se,
125 1065 176 1128 rei
195 1065 377 1144 annitens,
397 1074 456 1130 sul
476 1072 695 1146 permulsere,
715 1064 770 1130 teti
803 1065 910 1130 omnin
932 1063 1163 1157 inuiolabiliter

59 1166 221 1234 custodiro.
238 1165 281 1232 tte
293 1167 338 1240 its
351 1167 487 1232 fidenter
506 1163 691 1232 concludit:
709 1185 727 1226 e
742 1163 949 1247 Quolsiuuia
965 1165 1049 1231 loris
1063 1165 1162 1232 etiarn

59 1276 125 1346 post
136 1268 214 1334 isaeo
225 1269 370 1349 aliquem
382 1267 443 1334 sibi
462 1283 631 1348 superesse
648 1266 842 1349 scrupulum
863 1264 978 1342 eredit,
995 1268 1037 1329 ab
1048 1267 1160 1332 insano

61 1369 196 1434 tumultu
214 1369 379 1446 desinens,
401 1368 441 1434 al
463 1386 520 1434 uos
541 1368 641 1450 uragu
662 1368 772 1434 reuire
792 1366 941 1434 iestiuelr
964 1376 1064 1432 ulex
1087 1366 1162 1446 tris,

59 1487 136 1551 puae
155 1471 304 1548 dubitat,
326 1470 509 1538 rstiounliii
529 1469 746 1537 nfislaetiuue
766 1477 930 1550 percepto,
952 1468 1073 1546 laetus,
1094 1466 1164 1534 ileo

58 1574 200 1655 propitio,
222 1574 350 1654 cognitu
372 1572 533 1651 rerilsts,
562 1570 738 1638 nntrersnti
764 1569 965 1638 reformetur
985 1569 1161 1638 Ecclesiae.

59 1671 119 1740 Nos
138 1675 222 1740 euim
243 1683 338 1739 etc.»

130 1773 266 1843 Domum
288 1775 327 1838 ari
345 1773 523 1840 Vinterinm
544 1779 578 1838 et
607 1772 811 1838 Pancratiurn
845 1771 1000 1851 sonbeus,
1021 1772 1168 1853 perrien-

59 1876 132 1942 cisur
152 1886 184 1942 el
203 1876 434 1958 impudentiam
449 1877 582 1940 iliorum
603 1875 750 1957 corripit,
765 1875 821 1956 qui
840 1873 987 1956 synodali
1008 1873 1166 1939 defiuitio-
1285 1911 1289 1920 ·

59 1979 86 2042 ui
105 1980 307 2056 obsistentes,
328 1977 478 2056 manuale
500 1981 685 2044 excitarunt
708 1980 742 2042 iu
762 1976 926 2040 eeclesiis:
943 1973 1048 2042 «Nou
1068 1975 1166 2054 euim,

59 2080 170 2162 iuquit,
193 2082 315 2161 leviget
335 2081 616 2155 crimeneoruur,
637 2081 736 2162 tnagis
759 2095 837 2143 sero
857 2084 975 2157 auget,
998 2076 1087 2160 quoti
1107 2095 1164 2144 eos

58 2183 106 2246 tiin
126 2183 278 2247 restitisse
299 2183 443 2257 dixistis,
475 2200 514 2245 uo
534 2181 718 2262 apostolicis
742 2180 1014 2244 communicantes
1034 2178 1165 2245 sedibus

60 2284 88 2346 iu
104 2303 159 2348 sna
180 2286 407 2349 communione
429 2286 617 2365 reciperent.
635 2281 669 2347 lu
692 2283 753 2348 hoo
774 2285 870 2358 euim,
893 2280 970 2346 tlurn
986 2289 1019 2346 et
1032 2281 1081 2346 illi
1096 2281 1167 2346 cul·

59 2388 142 2465 panii
161 2395 251 2462 suut,
273 2389 330 2467 qni
350 2387 591 2451 communicare
614 2385 730 2449 tatinus
751 2385 950 2461 votuerunt,
974 2383 1078 2448 multo
1098 2401 1167 2447 nsa-

60 2487 99 2567 gis
119 2496 221 2552 tannen
244 2488 292 2551 illi
312 2487 484 2552 execrandi
505 2495 592 2561 snut,
609 2487 665 2568 qni
687 2504 749 2549 uon
770 2487 877 2551 solnnr
894 2486 925 2550 in
945 2484 1168 2551 sacerdotibus

60 2592 307 2655 communionem
328 2589 579 2671 apostolicarum
610 2589 758 2662 sedtum,
785 2605 898 2652 rerurn
920 2589 1016 2652 etiam
1036 2588 1069 2652 iu
1090 2587 1167 2669 ipsis

59 2688 138 2754 laicis
155 2697 363 2772 spreverunt.
378 2688 438 2754 Setl
462 2706 520 2754 uec
541 2688 621 2752 iiiuti
644 2688 690 2752 eis
712 2688 856 2769 prodest,
871 2687 959 2769 quoti
980 2705 1035 2753 eos
1050 2687 1083 2752 lu
1103 2687 1163 2751 eis·

61 2789 124 2854 iens
142 2792 280 2868 litteris,
304 2790 355 2855 rel
376 2791 553 2872 ignorantia
575 2789 727 2865 rationis,
750 2789 802 2854 rei
821 2790 1026 2870 simplicitate
1046 2788 1097 2853 sul
1118 2789 1168 2854 in·

62 2891 213 2970 tellectus,
228 2911 249 2956 a
266 2899 374 2957 nostra
394 2910 430 2956 se
449 2891 676 2958 cummunione
695 2891 897 2974 suspendisse
917 2889 1113 2971 perhibetis.
1131 2933 1139 2952 .
1157 2935 1166 2954 .

62 2989 105 3054 su
122 3011 295 3070 susurnam,
317 3000 375 3056 aul
394 2992 468 3056 ilios
482 2989 661 3056 Ecclesiam
682 3009 751 3056 esse
772 2991 918 3070 eruditis3
934 2997 966 3054 el
986 3008 1062 3055 cunr
1083 2990 1168 3054 tinae

63 3089 215 3160 Ecclesise
237 3111 308 3158 esse
329 3111 391 3158 nou
411 3093 545 3174 possint,
566 3110 636 3169 nos,
652 3091 739 3172 quoti
760 3092 855 3166 absit,
875 3091 1095 3156 schismaticos
1113 3088 1168 3171 ju·

62 3191 206 3259 iicebitis.
237 3194 306 3258 Aut
333 3195 360 3258 ai
383 3209 492 3272 rernm
521 3193 554 3256 in
575 3191 760 3272 apostolicis
786 3190 916 3254 setiibua
936 3208 1005 3255 esse
1039 3197 1165 3254 constat

61 3291 250 3360 Ecclesiumr
272 3295 345 3360 illos
365 3294 406 3358 ab
428 3295 549 3358 onitate
571 3293 688 3358 divisos
709 3292 894 3372 agnoscite,
915 3298 948 3355 el
968 3289 1170 3356 commuuio-

62 3395 103 3458 nis
121 3397 342 3474 quaestionem
362 3411 431 3459 esse
450 3393 634 3458 sublalsmr
656 3410 756 3474 quern
780 3411 888 3459 reram
905 3393 970 3474 nisi
990 3393 1023 3458 iu
1043 3393 1167 3458 unitate

64 3503 177 3560 coustsi
198 3515 269 3562 esse
283 3513 347 3560 nou
367 3513 460 3576 posse
480 3503 541 3559 ete.
556 3513 573 3552 s

134 3597 369 3681 Huiuscemodi
391 3595 512 3676 Pelagii
534 3594 640 3676 Papae
659 3613 771 3661 seusus
791 3595 835 3660 iia
856 3598 993 3677 ingenue
1013 3593 1165 3679 expositi,

63 3702 92 3757 ot
111 3705 172 3760 taur
196 3699 353 3762 alacriter
373 3694 672 3781 propugnationis!
694 3695 783 3762 aliud
804 3697 1029 3774 iudicauerint
1051 3697 1167 3777 inipso

64 3793 186 3880 Pelagio
206 3799 389 3864 absolutam
411 3797 607 3880 quaestionis
635 3798 874 3877 cognitionem,
896 3815 994 3878 quam
1016 3796 1057 3860 ab
1077 3797 1167 3861 luitiu

63 3895 329 3981 Constantinopoli
344 3905 489 3966 moratus
501 3900 626 3979 negotia
638 3915 733 3979 egeus
746 3898 911 3964 Ecclesiae
929 3897 1092 3964 Romanae
1115 3916 1170 3963 ua·

64 4005 129 4066 ctus
153 4009 215 4079 est,
238 4018 277 4065 ac
297 4019 360 4067 uua
382 4018 456 4066 cum
478 4007 679 4065 autecessore
699 4017 759 4066 suo
781 3998 899 4080 vigilio
918 4000 1061 4065 studiose
1082 3999 1172 4062 inre·

63 4100 184 4180 stigsrit
204 4102 283 4182 quid
306 4105 374 4167 reri
396 4109 478 4167 escon
500 4102 531 4164 iu
553 4101 656 4165 tribus
676 4099 859 4183 Capitulis?
881 4102 1044 4177 Proiecto,
1066 4118 1169 4180 quau·

65 4198 102 4265 tu
116 4199 264 4287 Pelagius
278 4205 377 4288 poulo
398 4211 470 4288 post
485 4201 592 4286 titgtttt
607 4199 824 4270 constitutum
846 4213 1046 4286 postremum
1061 4206 1093 4268 iu
1114 4203 1170 4269 da-
