3186 4946
132 509 255 569 causae,
276 493 335 560 etsi
356 511 413 560 uos
433 495 556 558 lateant
574 493 617 557 ab
637 453 801 570 Eusebio,
825 483 1034 560 nibilominus
1056 513 1099 560 ex
1119 389 1240 560 mig

131 596 166 660 ad
186 596 304 661 amicos
322 613 399 661 suos
417 593 645 660 alexandrinos
659 597 759 677 paulo
772 605 846 661 sule
859 599 976 676 citatis,
992 599 1122 662 eruitur
1138 613 1238 678 qnam

130 715 329 778 summopere
349 697 543 761 lamentatus
563 697 617 772 sit,
638 696 726 778 quod
749 703 882 778 praeter
897 697 952 779 jus
974 695 1170 776 Demetrius,
1186 715 1239 762 ce·

133 801 251 879 torique
273 798 410 882 Aegypti
431 797 599 879 praesules
619 806 653 861 et
671 797 856 862 sacerdotes
877 798 908 860 in
927 799 979 861 soi
1000 797 1236 863 damnationem

132 900 331 973 coaluissent,
349 900 563 981 praesumptis
583 900 754 963 erroribus
767 917 785 961 a
800 917 835 963 se
856 917 1020 980 nunquam
1034 902 1237 982 excogitatis,

131 1018 165 1064 ac
184 1001 405 1064 tantummodo
426 1002 629 1066 inimicorum
650 1019 788 1064 suorum
814 1001 923 1064 studio
951 1001 1060 1082 inique
1084 1021 1185 1084 super
1203 1022 1240 1069 se

132 1101 298 1167 devolutis.
324 1102 459 1182 lusuper
479 1104 533 1166 bic
554 1111 668 1166 notare
685 1103 793 1185 iuvat,
816 1103 864 1166 uti
884 1102 1146 1183 praelatussum,
1163 1102 1239 1168 Ori·

132 1220 235 1284 penem
255 1203 455 1266 Alexandria
478 1203 674 1284 proiectum,
697 1205 729 1266 io
751 1202 921 1268 Graeciam
943 1204 986 1266 ob
1007 1203 1166 1282 quaedam
1186 1221 1239 1270 eo·

133 1305 240 1368 alesiae
275 1305 402 1384 negotia
437 1304 565 1368 adiisse.
594 1303 630 1368 lu
663 1324 730 1387 qno
758 1307 871 1368 itinere
900 1304 1078 1370 Caesareae
1107 1306 1237 1391 presby·

133 1407 197 1467 terii
218 1405 356 1484 gradum
377 1405 517 1482 suscepit
528 1424 541 1484 5
563 1413 601 1467 ιιι
621 1413 758 1480 constet,
781 1416 852 1485 post
872 1407 1047 1472 discessum
1069 1424 1167 1472 suum
1192 1408 1239 1470 di·

132 1506 266 1571 scordias
288 1506 329 1570 de
349 1523 389 1568 eo
409 1505 441 1566 in
471 1505 619 1587 Aegypto
640 1507 746 1588 palam
774 1509 949 1572 concitatas
977 1527 1067 1588 esse;
1097 1526 1238 1589 quarum

132 1615 241 1670 auctor
261 1605 458 1698 praecipuus
483 1605 593 1670 iuerat
618 1603 814 1682 Demetrius,
841 1607 1023 1682 haereticis,
1047 1616 1084 1672 ιιι
1103 1609 1184 1686 dixi,
1206 1615 1240 1674 ei

132 1707 237 1773 luridis
260 1708 383 1771 lurtiee
400 1708 590 1772 instantibus
604 1710 636 1772 in
655 1709 753 1788 ipsius
768 1709 991 1790 dejectionem.
1006 1705 1072 1772 Ter
1085 1710 1168 1772 euim
1184 1708 1241 1774 lli·

131 1810 262 1873 ainricus
285 1809 386 1889 bajus
405 1808 527 1872 itineris
549 1811 743 1872 mentionem
764 1812 831 1889 aqit
855 1811 886 1872 in
911 1810 1010 1873 citato
1030 1810 1140 1886 libro,
1163 1811 1194 1872 iu
1208 1829 1237 1874 o.

133 1905 227 1975 xvii.
249 1909 367 1974 deiude
380 1911 412 1970 iu
426 1926 455 1972 c.
473 1905 592 1972 XVlll.
611 1909 730 1974 addens
746 1911 850 1991 ipsum
867 1907 980 1973 Libros
997 1908 1191 1974 Periorelcoa
1209 1919 1243 1975 et

132 2007 308 2074 &romaica
322 2011 496 2073 adornasse
515 2011 703 2090 priusquam
719 2009 915 2074 alaxandria
938 2011 1103 2091 migraret.
1118 2010 1241 2075 ilerum

132 2113 161 2174 iu
181 2129 207 2175 o.
230 2109 304 2175 XX.
327 2111 495 2193 iuquiens:
517 2109 702 2176 «Decimus
721 2112 788 2193 jem
811 2131 912 2176 annus
933 2114 1091 2192 agebatur
1116 2112 1242 2192 imperii

133 2212 307 2276 Alexandri
320 2229 419 2292 snpra
435 2211 657 2289 demonstrati,
673 2232 748 2278 cum
763 2214 920 2293 Origenes
933 2213 1132 2278 Alexandria
1148 2233 1243 2305 μετα.

131 2309 285 2385 saccum
310 2313 532 2394 migrationem
549 2313 667 2378 iaciens
682 2315 874 2380 Caesaream
896 2317 1015 2392 iturus,
1031 2313 1183 2380 Sebelam
1197 2315 1243 2376 iu·

132 2415 316 2490 stitutionis,
339 2433 423 2496 quae
444 2425 514 2478 erat
535 2416 573 2477 ad
597 2416 685 2479 illius
706 2417 771 2481 loci
794 2417 991 2482 habitatores
1013 2418 1045 2480 in
1065 2415 1139 2480 lidei
1154 2414 1242 2494 prin·

131 2515 214 2594 clpiis
236 2517 458 2581 informandos
479 2517 658 2591 uediiicato,
683 2515 841 2582 Heraclea
864 2520 1042 2600 reliquii.»

205 2617 301 2682 Circa
325 2618 406 2681 banc
421 2635 521 2698 porro
539 2617 668 2682 Eusebii
685 2617 951 2696 testificationem,
969 2620 1064 2701 pluas
1080 2620 1156 2683 lanio
1168 2621 1243 2683 loco

133 2718 387 2788 accommodata,
409 2719 651 2796 observataque
673 2718 764 2797 digua
793 2719 959 2799 adjicendo
989 2719 1157 2794 rideatur,
1181 2736 1243 2782 uua

132 2819 285 2880 consertis
305 2826 337 2880 el
358 2816 488 2881 Eusebii
512 2819 611 2898 ipsius
634 2819 838 2892 testimoniis,
858 2820 1070 2900 eiusdemque
1094 2817 1244 2898 Origenls

135 2916 404 2981 declarationibus
425 2921 457 2980 iu
478 2918 612 2997 epistola
636 2918 674 2980 ad
702 2919 952 2983 Alexandrinos.
980 2918 1134 2999 Quisquis
1161 2919 1244 2983 enirn

131 3034 233 3098 seque
256 3021 429 3100 utriusque
450 3021 665 3099 expositiones
687 3021 971 3094 animadverterit,
995 3021 1246 3102 comprehendet

133 3136 191 3181 cur
211 3119 304 3183 initio
325 3116 417 3182 Tomi
434 3117 488 3182 vt.
503 3119 538 3183 ia
553 3118 708 3184 loannem
721 3121 841 3185 scribat
855 3121 1011 3201 Origenes
1026 3121 1065 3182 do
1081 3121 1245 3200 procella;

133 3221 286 3299 quaesibi
301 3221 333 3281 iu
347 3217 484 3284 Tomara
503 3218 539 3282 V.
553 3223 745 3297 elaboranti,
758 3224 926 3286 imminere
940 3222 1121 3296 videbator,
1134 3236 1246 3302 quam·

133 3321 177 3382 tis
197 3323 229 3382 iu
251 3330 366 3400 aperto
387 3323 528 3385 nondum
550 3325 737 3403 irruperat:
754 3321 804 3386 Eo
817 3333 935 3394 casem,
950 3319 1245 3403 inquit,irtqraeale

128 3421 280 3500 prosette,
298 3420 524 3502 praecessimus
543 3431 573 3484 ιι
592 3423 729 3486 estracts'
748 3442 856 3487 sumus
878 3443 919 3486 ea
940 3423 1089 3502 aeqypto,
1114 3420 1178 3484 Deo
1191 3440 1247 3484 nos

131 3513 290 3591 libram,
312 3513 371 3596 qaa'
392 3514 503 3579 educit
520 3518 671 3597 populum
692 3536 783 3582 essum
806 3537 845 3580 ec
866 3536 912 3579 eo.
936 3516 1018 3581 Cum
1038 3516 1247 3579 scilicetiode

135 3632 190 3695 per
211 3615 403 3680 Caesaream
421 3618 453 3677 ia
468 3617 624 3700 achajam
640 3637 680 3682 ex
697 3619 890 3699 quibusdam
906 3617 1004 3698 hujus
1024 3615 1178 3678 ecclesiae
1193 3633 1247 3677 ue·

133 3717 224 3795 petiis
246 3714 440 3780 discessisset
461 3717 551 3780 ultro
565 3724 598 3781 et
613 3735 674 3780 suo
696 3718 842 3792 consilio,
857 3715 994 3780 subolae
1016 3713 1246 3777 alexandrinae

135 3817 340 3896 praefectura
356 3813 515 3881 Heraclea
529 3820 708 3882 commissa.
727 3816 958 3880 Verumtamen
975 3833 1035 3894 pro
1055 3816 1250 3895 tempestatis

134 3925 244 3981 contra
261 3916 435 3996 Oriqeuem
451 3918 647 3982 incremento
662 3917 743 3980 illud
758 3934 891 3997 quoque
906 3913 1063 3990 iuleriuit,
1076 3913 1164 3994 quod
1182 3915 1249 3996 ipse

137 4033 195 4094 per
216 4033 331 4081 manus
352 4017 587 4098 impositionem
615 4019 755 4098 episcopi
778 4015 957 4082 Caesareae
978 4013 1148 4078 sacerdotii
1177 4033 1248 4080 mu-

134 4135 211 4182 nere
242 4117 415 4182 decoratus
445 4117 567 4199 inerit,
591 4119 677 4183 nude
708 4120 930 4183 vehementius
950 4117 982 4178 iu
1011 4115 1115 4197 ipsum
1144 4117 1250 4178 cresis

136 4218 244 4284 odium
261 4217 442 4384 'liemffiib
466 4237 525 4300 per
546 4227 645 4283 totam
669 4218 783 4284 deiude
803 4219 987 4302 aegyptum
1010 4223 1223 4380 propagatum
1233 4235 1245 4294 3

280 4319 322 4384 al.
404 4365 411 4382 .
1068 4371 1072 4376 .
