2994 4938
338 375 380 446 20

339 471 456 543 uacbis¹
469 477 749 555 obtestationibus,
771 477 928 560 vigilium
950 477 1029 544 nibil
1051 477 1263 552 imminuisse,
1284 475 1361 540 nibil
1378 491 1430 538 mn·

339 587 435 654 tasse,
458 599 516 644 nec
537 581 633 646 aliter
652 582 842 661 exposuisse
863 599 990 646 sensnm
1015 581 1136 661 ipsins3
1166 596 1205 642 sc
1225 577 1349 668 nullum
1367 577 1432 642 insu

339 702 399 765 per
413 680 591 748 discordiae
611 683 855 748 sslsimnltutis
876 701 976 762 genus
999 680 1097 746 tntsse
1111 683 1288 746 excitatum
1302 676 1432 742 interla-

337 802 411 868 pam
434 793 466 848 et
486 783 658 861 biennem,
693 801 752 848 uec
772 784 856 848 inter
876 783 1095 850 lastinianum
1123 792 1316 862 ceterosque
1335 781 1433 860 episco-

338 905 409 969 pos,
432 889 489 967 qui
511 886 531 951 J
535 887 666 952 nslicato
686 886 955 967 subscripserant.

418 986 508 1052 Hace
540 1005 640 1070 porro
662 987 778 1069 majori
808 987 1026 1052 illustratione
1042 983 1230 1068 patelient,
1252 983 1318 1046 bne
1336 979 1434 1045 siscils

339 1088 404 1153 alia
426 1086 534 1168 vigilii
558 1088 695 1168 epistola
716 1087 756 1151 ud
780 1085 1039 1153 Valentinianum
1066 1087 1253 1166 episcopum
1286 1083 1326 1146 sle
1349 1077 1435 1144 lonis

340 1192 428 1254 circu
449 1189 535 1254 istud
559 1198 685 1268 tempus
705 1189 804 1268 dstn3
822 1189 881 1274 ‚nbi
905 1197 1039 1269 questus
1071 1186 1234 1252 Ponttncts
1266 1186 1434 1250 iuuomulm

340 1291 497 1382 adversus
516 1303 596 1354 suos·
609 1291 856 1362 obtrectatores:
873 1291 965 1371 qussi
987 1291 1054 1370 ipse
1075 1308 1134 1370 per
1157 1289 1346 1354 indicatum
1358 1287 1385 1348 in
1397 1284 1437 1346 ls-

341 1391 486 1459 mnandis
507 1393 610 1458 tribus
624 1392 794 1474 Capitulis,
808 1393 932 1458 scilicet
944 1391 1049 1456 Libris
1063 1389 1226 1457 Theodori
1239 1392 1372 1473 eiusque
1384 1403 1438 1470 per·

341 1511 433 1570 sons,
458 1493 532 1557 lbee
545 1489 692 1574 Epistula
708 1500 741 1557 et
756 1493 891 1574 Scriptis
906 1491 1115 1567 Tbensloseti,
1133 1509 1195 1555 uns
1216 1509 1293 1556 cnm
1314 1491 1359 1554 bis
1377 1505 1437 1569 qno

341 1611 407 1676 nne
426 1602 459 1656 et
481 1591 555 1660 ibae
575 1603 609 1660 el
629 1592 825 1660 theodoreti
847 1611 999 1677 personas
1022 1592 1345 1658 anathematizasset:
1360 1596 1436 1668 stone

341 1713 402 1777 por
424 1696 506 1760 bunc
525 1696 673 1760 eamdem
694 1696 932 1760 damnationem
952 1703 1062 1762 solnm
1076 1695 1190 1760 lnbset
1203 1694 1359 1760 aduersus
1377 1706 1436 1772 qne·

342 1806 421 1863 tuor
442 1799 650 1864 oecumenica
671 1795 815 1866 Concilio
835 1815 875 1861 nc
895 1798 1086 1878 praesertim
1107 1813 1182 1861 enm
1204 1797 1324 1878 iniuria
1343 1791 1436 1879 Spnoli

342 1898 604 1963 chalcedonensis
614 1917 626 1978 3
643 1899 744 1964 veluti
760 1899 920 1963 contraria
936 1901 974 1960 iis
999 1897 1163 1962 docuisset
1178 1894 1316 1977 vigilius
1338 1897 1366 1959 in
1384 1894 1435 1974 ipsc

342 1999 487 2064 (bouillo
509 1997 658 2064 delinitis.
680 1997 793 2076 Quare
813 1999 888 2064 binc
906 1999 1056 2064 simililer
1076 1997 1207 2071 interes,
1225 1995 1400 2064 Pontificem
1415 1996 1438 2056 ic

343 2099 457 2164 eodem
479 2099 656 2180 perstitisse
677 2101 856 2182 proposito,
879 2099 965 2164 idem
986 2100 1151 2181 probasse,
1167 2117 1205 2162 nc
1226 2100 1273 2162 ils
1293 2097 1398 2176 suscipi
1414 2101 1437 2156 et

342 2201 572 2282 comprehendi
595 2203 761 2268 mudssse
781 2202 969 2268 indicatum
991 2182 1101 2278 sunm,
1117 2209 1217 2282 atque
1239 2199 1439 2271 nusiellum

343 2321 454 2368 omues
469 2312 559 2367 recto
571 2322 668 2370 senen
689 2305 895 2370 concorditer
907 2312 1052 2385 quatuor
1069 2304 1205 2389 Synodls
1220 2301 1304 2366 illud
1326 2297 1439 2379 comple

343 2411 523 2480 uterentur,
545 2407 622 2485 quin
643 2405 676 2468 in
697 2406 759 2470 boc
773 2405 926 2470 indicato
947 2404 1070 2485 aliquid
1090 2421 1150 2468 nec
1170 2403 1378 2476 haereticum,
1396 2413 1438 2460 osc

344 2505 648 2586 praedecessoribus
675 2507 754 2584 suls,
777 2525 837 2572 nec
858 2505 1009 2571 Patribus
1036 2504 1247 2570 adversatum
1274 2504 1437 2585 cogitarent.

345 2604 489 2687 lsleoqne
503 2614 612 2672 mouet
625 2605 900 2684 Valentinum,
917 2615 953 2672 nt
965 2626 999 2671 se
1015 2625 1033 2670 u
1050 2606 1175 2671 Rustici
1191 2616 1224 2671 el
1240 2602 1402 2672 Sebastisci
1412 2615 1439 2660 sc

344 2707 511 2772 sociorum
528 2707 666 2772 isetions
687 2706 952 2790 assensumque
972 2708 1060 2772 orbis
1080 2707 1247 2772 christiani
1271 2700 1437 2772 cliculimb

344 2810 565 2888 spargentium
586 2809 618 2872 in
649 2809 856 2875 incautorum
879 2799 1017 2872 ruinam.
1042 2807 1169 2883 Quibus
1190 2807 1340 2872 omnibns
1358 2799 1439 2882 iipili

347 2909 456 2984 selus,
478 2911 641 2990 animique
660 2910 710 2975 sni
732 2912 859 2990 sibique
879 2928 1008 2993 semper
1027 2909 1218 2974 consectarii
1240 2907 1387 2974 clucescit
1402 2901 1440 2963 iu

349 3008 453 3072 mttrs.

431 3109 486 3174 stt
501 3109 607 3173 enims
624 3131 642 3170 s
657 3109 882 3174 Fraternitatis
899 3118 973 3175 tusc
994 3109 1174 3190 relegentes
1193 3109 1328 3190 scripta,
1342 3099 1441 3188 portit-

349 3210 452 3276 cslesn
474 3210 505 3274 iu
528 3212 618 3275 vobis
637 3210 888 3276 sollicitudinem
910 3213 1012 3276 inesse
1033 3219 1201 3291 gratanter
1221 3211 1439 3289 accepimns..-

348 3309 488 3392 Oportet
508 3329 589 3394 erpo
607 3313 777 3377 csritstem
801 3321 890 3376 tuem
911 3330 949 3377 es
970 3328 1102 3392 quoque
1123 3309 1254 3377 Domini
1273 3311 1369 3376 nostri
1388 3319 1441 3368 ser·

349 3411 388 3474 ba
409 3415 539 3488 sectari,
555 3429 614 3493 per
626 3403 710 3493 qnae
731 3412 825 3476 dixit:
841 3411 1064 3492 speculatorem
1079 3411 1215 3491 tepesci
1228 3401 1441 3476 domuslsmrl,

347 3519 377 3574 et
389 3511 498 3576 audies
519 3514 555 3576 ds
567 3531 620 3576 ors
639 3529 706 3578 meo
724 3513 905 3588 verbumst
924 3512 1135 3578 annositatis
1148 3513 1193 3578 eis
1206 3531 1247 3577 ec
1260 3531 1326 3578 me:
1340 3518 1370 3576 st
1385 3523 1441 3572 eon

352 3621 482 3678 vocatos
503 3631 575 3690 eos,
598 3631 682 3694 qnos
701 3614 915 3679 scandalizari
946 3615 1083 3678 diversis
1105 3615 1294 3680 rumoribus
1315 3605 1439 3678 retulisti

351 3713 545 3778 incessanter
566 3715 704 3790 bortnri,
727 3733 768 3778 ue
789 3731 849 3793 per
870 3716 927 3780 boe
950 3716 1084 3780 forsitan
1105 3717 1317 3792 seducantur,
1330 3713 1381 3794 qni
1397 3705 1441 3770 tul

352 3820 523 3895 praetextu
546 3816 730 3891 catholico,
755 3817 951 3895 nequissimo
971 3817 1087 3898 spiritu
1108 3817 1302 3897 simpliciam
1322 3807 1441 3878 cbristis·

353 3931 471 3980 norum
496 3917 594 3986 corda
617 3916 746 3982 fallacia
768 3935 827 3980 sna
852 3917 1001 3998 decipere
1021 3917 1204 3982 moliuntur
1213 3938 1226 3998 3
1248 3924 1281 3982 et
1301 3903 1441 3997 patrissui

351 4015 472 4082 diaboli
493 4017 759 4082 consuetudinem
780 4018 922 4099 maligno
952 4025 1111 4086 sectsntes
1131 4019 1274 4100 spirltn,
1300 4009 1440 4083 occiente

353 4117 410 4180 tibi
432 4119 634 4184 commissam
649 4117 784 4182 diversis
805 4119 1011 4186 mendacibus
1024 4119 1152 4202 scriptis
1173 4117 1364 4184 conturbare
1380 4103 1441 4172 itti

353 4217 479 4298 derant,
501 4219 812 4306 qnibnssposlolicu
833 4221 930 4288 lectio
952 4235 1168 4304 congruentor
1181 4228 1326 4304 sptstns,
1344 4217 1438 4282 licem
