3042 4940
322 401 417 582 tglis,
440 523 571 572 oausam
601 503 699 590 huius
731 507 777 573 roi
804 505 991 590 quaesierit.
1015 499 1100 568 linio
1119 498 1369 582 interropetloni
1390 513 1435 566 re·

325 609 481 692 spondeat
493 609 652 692 Euagrius
664 611 697 674 in
712 605 810 676 Libro
824 607 883 675 lil.
903 607 1024 674 llistor.
1044 605 1132 671 lirul.
1149 623 1180 670 o.
1193 602 1298 669 XXX.
1312 607 1354 668 de
1370 621 1437 669 eon-

324 711 446 776 ditione
460 712 617 778 disserens
631 711 766 778 Cunuiiii
788 711 1047 776 ohaloedonensis
1067 710 1128 774 snb
1143 707 1315 772 Auertesio
1344 707 1434 788 laps·

323 823 444 878 sutore.
459 810 561 894 Cuius
578 811 697 896 Synodt
720 813 775 876 elii
796 814 1024 878 auctoritatem
1038 810 1248 875 adstruebant
1260 811 1307 872 its
1325 817 1364 874 ut
1381 825 1434 871 use

324 913 468 978 litteram
483 931 542 979 neu
561 913 718 1002 syllabam
734 924 862 979 mutare
880 913 1005 980 ltoerst.
1022 912 1086 978 dttt
1100 914 1199 993 ipsius
1213 911 1346 976 deurota
1364 927 1432 974 oon·

325 1016 501 1093 vellebant,
516 1017 570 1080 alli
592 1032 653 1097 pro
675 1034 777 1092 more,
799 1026 857 1080 aut
871 1017 977 1079 lulritu
992 1033 1052 1080 suo
1068 1015 1378 1096 interpretabantur,
1400 1031 1435 1077 no

324 1128 425 1201 prout
445 1121 565 1199 cuique
595 1121 820 1201 opiscoporum
844 1117 1031 1192 rideretur,
1054 1115 1201 1197 ejusdem
1226 1115 1432 1179 admittebant

324 1226 463 1285 statutos
481 1241 497 1280 ιι
513 1217 615 1296 liinu,
638 1221 694 1295 uit,
718 1221 819 1283 multu
841 1217 969 1283 dissidia
990 1218 1022 1281 in
1042 1215 1185 1282 Orientis
1204 1223 1239 1280 et
1258 1215 1435 1280 Occidentis

324 1321 471 1402 portibus
492 1329 525 1384 et
545 1337 605 1402 per
625 1319 768 1384 Altinum
790 1319 993 1384 extiteruntr
1016 1335 1091 1382 oum
1106 1334 1167 1380 neu
1186 1318 1356 1382 orientalis
1375 1319 1436 1398 epi·

324 1421 413 1502 seopi
428 1419 681 1486 occidentalibus
695 1430 729 1484 et
743 1419 820 1485 uiris
834 1421 1056 1499 sociarentur3
1073 1437 1132 1484 neu
1147 1419 1199 1484 isti
1218 1421 1357 1486 vicisim
1377 1417 1436 1484 oui·

199 1513 203 1522 “
326 1531 400 1586 rent
420 1541 493 1588 curn
516 1521 741 1588 orientalibus.
765 1542 782 1582 u

407 1623 528 1689 Deinde
549 1626 581 1688 in
601 1644 631 1690 o.
654 1621 775 1690 XXXl.
807 1625 846 1690 do
871 1625 1013 1708 xenaiae
1033 1626 1252 1690 simultatibus
1285 1624 1435 1687 adserens

327 1721 521 1791 Flavianum
543 1723 730 1809 episeopum
746 1728 890 1804 loeutus,
912 1727 988 1790 dieit
1002 1725 1075 1790 ideo
1096 1727 1200 1806 ipsum
1214 1725 1380 1805 scripsisse
1398 1721 1434 1786 ad

327 1827 473 1893 lautores
496 1826 642 1892 Dioscuri
662 1835 696 1892 ot
718 1825 885 1911 Eutychis,
903 1837 939 1891 nt
958 1827 1018 1893 sibl
1033 1827 1222 1907 adjumento
1243 1824 1373 1904 ioreut3
1392 1831 1436 1888 rt·

329 1945 395 2010 qne
415 1929 456 1992 alt
476 1929 546 2010 ipso
578 1917 735 1993 Flaviano
756 1931 922 2009 exigerent
948 1915 1014 1993 non
1034 1927 1155 2014 Spuodi
1179 1925 1436 1992 ohuloedoneesis

327 2031 576 2106 damnationem,
597 2030 653 2095 sed
675 2031 846 2096 dumtaxat
865 2045 1094 2112 personarum,
1115 2046 1197 2110 unes
1216 2047 1317 2112 snpra
1338 2026 1436 2093 uomi-

326 2135 437 2208 narit,
460 2129 668 2197 Theodorum
688 2132 760 2198 dloo
782 2139 1058 2214 mopsuestenum,
1079 2128 1329 2207 Tireodoritnm,
1351 2131 1436 2196 lien

327 2235 530 2314 edessenum,
553 2233 689 2321 Cyrnus,
713 2233 939 2311 Eleuterinm,
962 2244 1163 2315 ceterosque.
1185 2231 1280 2311 Quae
1309 2233 1435 2315 quidem

325 2334 453 2400 dissidia
470 2336 571 2400 veluti
588 2336 629 2398 ab
648 2337 740 2402 initio
755 2335 902 2417 preemist
924 2337 1098 2418 praecipuo
1112 2338 1199 2402 eirca
1221 2353 1377 2417 perseam
1395 2335 1436 2400 oi·

324 2442 420 2514 tutas,
436 2455 540 2518 usque
556 2436 596 2500 ed
618 2436 831 2503 Gollrtlonem
851 2454 926 2502 oum
947 2437 1128 2505 Severianus
1149 2431 1315 2504 ennodii).
1330 2453 1434 2518 perro·

325 2545 458 2604 xerunt.
474 2533 544 2604 Neo
565 2548 670 2603 tumen
685 2545 763 2604 tnno
782 2538 974 2604 destiterunt
984 2559 997 2619 3
1012 2539 1067 2604 sed
1089 2557 1171 2606 nora
1194 2540 1306 2604 induta
1323 2540 1434 2612 lormr,

326 2635 551 2704 tantummodo
581 2637 742 2705 Theodori
764 2655 901 2722 persona
923 2649 955 2704 et
974 2641 1125 2720 seriptis,
1147 2639 1223 2704 ibae
1244 2638 1388 2722 Epistola
1407 2645 1436 2702 et

326 2737 525 2805 Theodoreti
545 2741 637 2806 libris
657 2741 860 2823 injudieium
883 2744 1017 2816 roratis,
1035 2759 1186 2822 magnum
1204 2750 1370 2808 certamen
1388 2739 1435 2803 de·

326 2843 427 2907 nuoln
447 2843 591 2907 ecclesiis
612 2844 807 2908 exultarunt.
826 2842 861 2908 ln
884 2861 951 2925 quo
969 2846 1160 2919 certamine,
1179 2862 1282 2924 quum
1304 2842 1345 2906 de
1365 2843 1433 2923 dep

327 2951 415 3009 mete
436 2945 549 3026 aliquo
571 2946 699 3010 minime
720 2947 969 3026 disceptaretur,
994 2953 1044 3010 nst
1064 2945 1104 3010 de
1125 2946 1270 3026 personis
1290 2946 1369 3010 olim
1389 2945 1435 3007 do·

327 3046 447 3111 innotis
467 3063 651 3129 earumque
672 3050 818 3130 seriptisr
834 3065 977 3131 quarum
998 3065 1062 3111 uon
1084 3054 1148 3111 tam
1169 3053 1283 3127 aperte
1296 3047 1434 3112 omnibus

328 3148 399 3229 pari
419 3149 549 3213 notione
563 3149 772 3213 tttuoesoebrt
793 3148 866 3213 iidei
883 3148 1051 3229 professio,
1069 3165 1174 3231 neque
1194 3148 1434 3223 damnationes

326 3251 529 3326 retractatio,
551 3267 609 3312 neu
630 3251 686 3331 qni
709 3267 823 3314 revers
846 3250 997 3313 haeretiei
1021 3249 1139 3325 iurent,
1161 3257 1194 3313 et
1212 3250 1271 3330 qui
1292 3247 1435 3313 orthodo-

326 3351 374 3430 xl,
390 3369 450 3414 neo
470 3350 579 3431 qualia
594 3351 714 3432 soripta
736 3351 872 3431 genuine
888 3357 921 3414 et
940 3367 1026 3432 quae
1045 3349 1156 3430 spuria
1171 3357 1230 3414 eut
1243 3349 1432 3433 apocrypitt·

325 3460 360 3517 et
380 3454 428 3517 his
441 3453 540 3517 addus
562 3454 714 3518 historiae
735 3461 910 3517 eeoumtne
923 3451 1086 3519 delectum
1107 3457 1141 3516 et
1155 3454 1298 3517 maxime
1317 3453 1434 3532 ltnpmo

327 3571 463 3635 preesse
479 3555 684 3637 imperitiam,
702 3563 738 3619 ut
752 3555 819 3636 lpse
836 3552 983 3634 Pelagius
1004 3551 1148 3618 latetur:
1166 3555 1247 3619 lrreo
1260 3555 1376 3628 omnir,
1395 3552 1434 3613 in·

326 3675 438 3736 qnam,
451 3659 483 3720 ln
502 3657 612 3737 primis
632 3657 754 3720 enimus
774 3655 917 3722 moeros
937 3657 1111 3738 perplexus
1127 3655 1367 3721 continuerunt.
1393 3649 1434 3716 lio

326 3761 427 3841 magis
452 3760 553 3841 quod,
579 3759 634 3839 qul
655 3759 1044 3824 lrosanetlrematiaernnt
1066 3759 1152 3822 tiron
1176 3759 1274 3836 (ente
1295 3755 1433 3822 iustinia-

325 3863 358 3925 ni
376 3868 520 3942 tempora
534 3855 676 3940 loquor)
692 3859 731 3923 de
754 3861 993 3926 haeretieorum
1013 3869 1110 3925 ooetu
1131 3868 1236 3935 eraut,
1252 3859 1431 3924 menottun

325 3964 473 4028 insectati
494 3961 686 4025 doctrinam.
710 3957 941 4042 Quapropter,
964 3963 1013 4025 tris
1034 3962 1161 4026 intentis
1182 3955 1429 4028 circumstantiis,

325 4064 370 4127 nil
387 4067 507 4129 mirum
518 4065 546 4128 si
561 4081 580 4128 s
597 4063 757 4144 principio
770 4062 985 4128 occidentales
1000 4063 1192 4144 praesertim
1207 4061 1348 4142 episeopi
1366 4071 1431 4122 enm

326 4162 446 4246 vigilio
473 4166 653 4230 restiterint
682 4165 782 4228 trium
807 4163 1037 4246 capitulorum
1061 4164 1278 4228 damnationi:
1301 4161 1425 4242 quium

323 4267 601 4336 indiscriminatim
622 4275 752 4350 sumpte
771 4265 982 4348 anmttone,
1004 4266 1177 4338 ridebatur
1206 4263 1333 4348 placitis
1350 4257 1429 4328 sads*
