3028 4942
66 507 287 593 adpraesens,
310 514 391 577 certi
412 511 463 576 rei
483 509 603 577 dciiniti
623 511 745 594 aliquid
767 510 807 573 de
829 511 888 576 bae
908 513 1094 593 comotione
1117 525 1161 578 ts·

67 631 145 676 aere.
169 613 304 678 Fatetur
325 624 389 678 tres
410 615 482 679 illus
502 616 665 696 opiniones
679 633 697 678 a
712 633 746 678 se
760 615 882 694 loctas;
907 623 1011 680 tameo
1032 619 1158 698 ignora-

68 731 97 776 re
115 713 190 794 prid
209 714 250 780 rit
265 714 300 794 ia
314 735 394 790 nero.
410 715 471 780 Sed
487 718 568 780 banc
582 717 813 796 ignorationem
834 734 897 780 uon
919 717 981 781 iert
1002 717 1159 802 Hierony·

69 834 149 878 tuns:
164 817 248 880 unde
263 821 380 882 mirum
396 827 443 882 ast
457 835 554 898 qnam
569 819 712 899 graviter
723 836 759 880 ea
773 817 811 880 de
827 835 862 880 re
876 818 908 881 in
923 827 1061 899 utroque
1074 819 1161 900 tipo·

69 917 140 997 iogia
163 917 328 984 nonnum
350 931 474 999 carpat,
496 930 528 984 et
548 928 630 1001 quot
652 920 831 1000 tragoedias
846 921 976 982 excitet.
1000 919 1060 982 Sed
1083 937 1161 1000 pace

67 1021 241 1084 sanctissimi
265 1023 324 1084 riri
346 1023 454 1085 acrior
472 1021 570 1102 ipsius
592 1039 728 1084 cmsnra
749 1021 850 1084 videri
872 1029 988 1099 potest,
1011 1039 1107 1101 quarn
1126 1030 1162 1084 nt

69 1130 199 1200 tempore
223 1123 281 1185 iiia
310 1132 510 1204 paterentur.
540 1123 605 1188 Hes
625 1123 708 1186 euim
729 1121 761 1184 id
783 1123 894 1184 aetatis
916 1123 948 1184 in
977 1123 1163 1203 quaestione

68 1222 140 1298 opud
160 1223 309 1288 eruditor
338 1225 545 1290 versabatur:
577 1223 704 1286 nulium
726 1241 824 1302 super
845 1223 910 1303 ipsa
943 1232 1071 1302 praesto
1092 1232 1163 1288 erat

69 1339 103 1382 ox
120 1323 295 1403 scripturis
314 1327 390 1388 satis
418 1327 609 1392 convincens
635 1324 871 1388 testimonium:
905 1323 985 1386 nibil
1007 1324 1083 1388 dum
1105 1333 1163 1388 aot

72 1423 316 1503 iugeueroiibos
337 1427 494 1503 conciliis,
522 1435 579 1488 out
599 1445 617 1488 a
646 1425 727 1490 Sede
749 1422 935 1504 apostolica
956 1424 996 1510 de
1016 1425 1072 1488 iiia
1101 1437 1184 1508 sta·-

71 1535 161 1590 tutam
177 1527 310 1607 inorat3
326 1529 435 1610 itaque
448 1529 555 1592 adbuc
568 1527 803 1608 expectabatur
818 1525 981 1590 ttcctestae
990 1527 1162 1608 judicinmc

78 1628 143 1690 adro
162 1639 198 1692 nt
224 1630 408 1695 haereticus
436 1631 560 1694 censeri
582 1647 645 1694 non
666 1638 785 1709 posset,
814 1629 914 1708 siquis
937 1627 987 1690 rel
1016 1629 1112 1692 aliter
1131 1645 1171 1692 ao

77 1737 164 1808 postea
187 1730 358 1795 deiinitum
374 1739 434 1806 est,
455 1733 659 1810 opinaretur,
673 1729 729 1792 red
750 1729 867 1793 dubius
888 1729 984 1792 animi
1005 1728 1167 1808 penderet.

75 1827 271 1914 Quapropter
290 1852 316 1896 a.
339 1833 540 1915 Augustinus
554 1833 746 1914 quidemida
767 1831 948 1893 animarum
970 1830 1094 1892 rationo
1114 1848 1169 1894 ne-

74 1935 160 1997 sciens
173 1934 254 2015 quid
275 1935 475 1998 sentiendum
490 1941 585 2009 esset,
602 1942 732 2014 rogato.
750 1930 997 2014 Hieronymum.
1011 1929 1097 2007 Quid
1113 1933 1170 2011 igi·

74 2043 129 2108 tar,
147 2037 173 2098 si
196 2037 260 2098 boc
280 2037 384 2115 ipsum
406 2036 554 2100 nescierit
575 2030 750 2098 Rudinus?
771 2031 866 2109 Quod
889 2034 914 2094 si
936 2032 1122 2113 hujusmodi
1144 2034 1170 2096 i·

72 2139 226 2212 guarantia
241 2138 362 2200 crimen
386 2137 472 2200 baud
488 2136 549 2201 init
564 2136 595 2198 in
612 2136 808 2216 Augustino,
825 2137 882 2216 qut
900 2133 1026 2198 tandem
1041 2135 1073 2197 in
1089 2132 1170 2198 itot-

73 2235 127 2300 titto
146 2257 217 2304 esse
238 2237 397 2320 possiti»

142 2340 257 2416 Porro,
283 2343 315 2404 in
336 2361 388 2419 eo,
409 2341 498 2420 quod
514 2340 611 2404 tradit
625 2337 773 2406 Rudinus
794 2337 834 2400 de
847 2337 996 2418 Origeuis
1016 2336 1170 2400 sententia

72 2440 147 2504 circa
168 2441 296 2505 animae
316 2444 475 2507 humanae
495 2449 618 2514 ortum,
641 2449 675 2502 at
694 2440 733 2502 de
748 2455 815 2518 quo
834 2445 1040 2502 accusatura
1056 2435 1172 2500 Hiero·

72 2557 171 2620 nymo,
193 2542 359 2608 iateodum
380 2553 440 2619 est,
463 2561 521 2606 neo
543 2541 706 2606 Hnffinum
727 2558 786 2602 noo
800 2539 1035 2624 Hieronymum
1056 2536 1172 2618 Orige-

73 2639 114 2702 ois
127 2654 263 2708 mentcnt
277 2645 308 2706 iu
329 2646 389 2708 hac
408 2645 596 2725 quaestione
612 2649 776 2706 assecutos
791 2641 898 2704 tuisse.
917 2640 1072 2718 Quamvis
1087 2642 1171 2704 enim

73 2737 217 2821 Origenes
236 2745 409 2826 aliquando
425 2748 530 2810 varias
550 2744 817 2824 pbilosophorum
832 2759 1027 2822 graecorum
1049 2742 1171 2820 opinio·

75 2857 122 2904 nes
135 2842 173 2906 da
192 2847 296 2908 anima
321 2855 480 2925 repetens,
498 2845 572 2908 tatia
594 2853 725 2907 enarret
737 2845 777 2906 de
797 2845 977 2907 animarum
994 2844 1170 2917 creatione,

74 2945 197 3006 meentia
219 2952 281 3008 etc.
297 2953 437 3010 attamen
459 2945 578 3008 ibidem
600 2946 723 3008 nonnisi
741 2954 778 3008 ot
799 2944 971 3008 historicos
985 2943 1175 3024 simpliciter

74 3043 143 3122 agit,
162 3054 194 3109 at
213 3048 446 3113 consideratur.
468 3046 607 3123 Quando
631 3065 708 3110 vero
732 3048 786 3110 nbi
807 3065 889 3125 opus
913 3047 968 3119 sit,
992 3045 1174 3124 disputator

77 3143 111 3206 de
130 3145 188 3210 bac
203 3165 238 3210 rc
258 3149 346 3212 subit
367 3157 400 3212 ot
413 3149 529 3229 iudex,
553 3150 676 3229 respuit
696 3149 825 3212 omuino
847 3156 880 3210 et
896 3155 1046 3227 tanquam
1062 3145 1174 3210 iaisatn

77 3247 212 3312 contutat
225 3251 427 3326 seutentiam,
443 3252 563 3314 animas
585 3251 707 3314 scilicet
727 3250 824 3312 inisse
845 3258 919 3311 anta
932 3265 1070 3328 corpora
1086 3265 1176 3310 crea·

80 3353 132 3421 tas,
153 3359 186 3412 ut
201 3359 310 3429 postea
333 3370 392 3430 pro
409 3361 553 3432 tempore
568 3351 830 3430 dispensarentur
845 3351 875 3410 in
897 3349 1100 3429 corporibus.
1117 3345 1176 3408 To·

78 3445 115 3508 iia
134 3467 192 3514 non
212 3451 325 3515 docuit
346 3471 404 3516 nec
425 3455 606 3531 suspicatus
627 3464 674 3515 est
693 3453 824 3532 guidem
841 3450 1006 3531 Origenes.
1030 3447 1177 3525 Quinim-

80 3565 126 3610 mo
144 3571 183 3614 ει
203 3553 355 3630 udrerro,
377 3556 560 3635 priscorum
574 3555 709 3618 Patrnm
728 3555 856 3633 vestigia
879 3554 1027 3624 calcans,
1052 3551 1176 3620 tonuit,

82 3651 219 3730 animatu,
233 3655 329 3718 sicuti
353 3663 428 3718 tuno
448 3655 480 3716 iu
502 3654 663 3718 Adomum
683 3657 875 3735 primosum
898 3650 1069 3715 insufflavit
1091 3649 1177 3714 Detts

81 3753 196 3828 quaudo
211 3773 332 3835 corpus
351 3756 423 3837 ejus
437 3775 455 3818 a
469 3755 546 3820 iimo
569 3757 722 3831 condidit,
745 3759 835 3819 itaet
856 3758 888 3817 in
909 3755 982 3818 titiis
1003 3755 1070 3818 suis
1091 3770 1177 3816 aaut·

83 3851 144 3916 dent
161 3859 264 3921 creari
287 3858 477 3939 intendique
497 3859 538 3920 ab
559 3877 598 3921 oo
616 3877 676 3921 unu
703 3878 776 3923 num
799 3877 937 3939 corpore
959 3858 990 3918 in
1013 3857 1088 3919 alvo
1113 3873 1178 3917 ma·

86 3959 175 4018 terno.
192 3956 280 4022 istud
302 3969 410 4022 antem
432 3962 464 4023 in
483 3959 624 4022 secondo
649 3959 744 4022 Parte
767 3960 927 4039 prolixius
949 3960 1083 4039 egimus.

153 4055 231 4122 item
264 4059 484 4124 tantummodo
516 4061 756 4124 concedendum
777 4069 824 4124 eat
846 4058 1034 4142 Hieronymi
1057 4056 1179 4120 ierrori

88 4152 114 4214 itt
125 4175 177 4222 ana
198 4162 414 4242 disputatione
429 4179 504 4224 oum
518 4161 660 4235 Huffino,
676 4161 762 4240 quod
780 4162 856 4224 buin
878 4160 1030 4234 detrabit,
1053 4159 1092 4220 de
1107 4176 1179 4220 uar-

90 4257 198 4322 ratione
217 4261 400 4341 ambigens,
422 4279 520 4340 qoam
541 4261 607 4340 ipse
629 4258 776 4323 Rudinus
798 4261 828 4322 io
853 4257 980 4322 Litteris
1001 4259 1181 4336 obsignavit
