2994 4938
337 356 399 429 ‘de

416 460 459 526 lit
478 413 521 528 ob
541 412 603 529 boc
631 465 770 548 dentque
790 467 877 532 elren
902 465 1061 532 tomustt
1087 464 1256 548 epistolam
1277 461 1316 529 ad
1346 463 1429 530 lota·

336 580 421 638 nem,
436 568 584 645 quamvis
601 584 712 648 reapse
733 571 815 633 banc
834 571 1011 652 scripserit,
1029 569 1219 649 dederitque
1233 569 1263 632 ei
1279 566 1361 649 Papa
1372 587 1380 629 ι
1393 571 1430 628 at·

335 671 441 730 tomen
464 668 604 732 dubitari
626 677 750 750 posset,
773 677 886 735 utrum
907 671 946 735 ad
967 689 1025 736 nos
1045 671 1231 752 pervenerit
1251 671 1282 732 in
1302 687 1359 734 sna
1377 671 1429 731 sio·

336 767 482 843 caritate,
498 777 530 833 et
551 769 648 846 istud,
672 778 709 833 ut
722 770 801 847 dixi,
824 771 866 833 ob
886 771 1041 850 quasdam
1062 770 1211 834 codicum
1228 769 1394 834 varietates
1404 773 1429 830 et

336 869 494 948 quaedam
517 871 652 934 obscura
675 871 779 945 dicta,
802 865 887 952 quae
907 881 1045 951 mentem
1065 874 1210 935 auctoris
1232 870 1427 934 confundunt

334 967 376 1033 lit
398 972 638 1051 propterquod
668 974 858 1063 interpretes
880 972 974 1036 valdo
1001 972 1196 1036 laborarunt
1216 971 1291 1036 illas
1319 971 1428 1036 litteras

333 1070 373 1132 ad
396 1075 570 1150 genuinum
592 1073 764 1138 restituere
789 1073 957 1138 dictamen.
981 1071 1041 1138 Cui
1063 1073 1110 1136 rei
1131 1091 1195 1137 non
1216 1073 1275 1156 nisi
1296 1091 1355 1154 per
1372 1071 1428 1135 nni·

333 1188 460 1235 versum
482 1174 581 1255 bujus
601 1175 797 1255 quaestionis
816 1175 995 1250 historiam,
1011 1174 1244 1238 consulendum
1266 1193 1334 1238 esse
1351 1179 1426 1254 puto.

412 1273 470 1337 llis
484 1279 613 1339 exactis
627 1277 956 1341 animadversionibus
976 1295 1074 1356 sopra
1095 1276 1254 1339 Anastasii
1271 1275 1428 1356 'epistolam

331 1373 371 1436 da
386 1373 533 1454 Origenis
553 1375 644 1439 libris
665 1385 697 1440 et
716 1377 756 1440 da
772 1376 900 1441 Ruillno
915 1379 1032 1440 borum
1047 1377 1235 1455 interprete,
1253 1379 1313 1439 tria
1333 1374 1426 1436 adbuc

330 1481 505 1554 supersunt
520 1475 667 1560 notanda.
693 1475 814 1554 Primo,
830 1479 870 1540 ab
892 1476 990 1558 bajus
1004 1476 1159 1554 epistolao
1179 1474 1317 1538 exordio
1335 1473 1427 1536 tirma·

331 1581 399 1651 tur,
431 1575 521 1654 quali
545 1577 651 1638 animo
673 1577 977 1663 hierosolymitanus
996 1579 1165 1657 episcopus
1186 1573 1325 1640 loannes
1349 1592 1382 1638 se
1397 1589 1425 1636 se

330 1677 463 1755 gesserit
482 1694 558 1757 erga
581 1675 762 1743 Romanum
786 1678 992 1758 Pontificem
1025 1677 1157 1758 qualite
1186 1679 1378 1742 auctoritato
1398 1673 1425 1736 in

330 1775 391 1839 bac
412 1779 600 1856 quaestione
620 1780 875 1860 praepollentem
897 1779 1079 1843 consideret
1102 1777 1188 1842 Petri
1207 1795 1423 1843 corruerem.

329 1873 435 1952 Quem
462 1876 582 1942 idcirco
614 1886 800 1944 reverenter
820 1881 970 1954 consulit,
992 1880 1151 1961 indicium
1180 1897 1278 1943 snum
1294 1885 1423 1961 praesto·

327 1976 414 2053 latus
435 1984 504 2040 tum
525 1979 564 2042 de
578 1977 730 2060 Origene,
754 1989 822 2044 tum
844 1981 884 2045 do
899 1979 1029 2045 Ruiiino
1050 1978 1249 2044 Periorcborr
1270 1981 1422 2045 translato·

330 2097 379 2141 re.
396 2077 552 2148 Quamvis
570 2081 654 2143 onim
675 2083 809 2162 epistola
823 2079 956 2146 Ioannis
977 2083 1146 2164 bucusque
1166 2082 1376 2154 desideretur,
1388 2097 1421 2142 er

328 2179 470 2258 responsi
486 2186 591 2242 tamen
605 2181 741 2244 exordio
762 2182 963 2245 abundanter
977 2181 1262 2262 comprehenditur
1281 2197 1343 2244 nnn
1365 2185 1420 2242 tan·

327 2287 397 2343 tum
412 2278 432 2344 J
435 2283 544 2345 oannis
558 2283 750 2363 obsequium
766 2282 796 2344 in
813 2281 1029 2357 Anastasiou,
1047 2300 1161 2346 verum
1175 2283 1272 2344 etiarn
1286 2287 1318 2345 et
1337 2281 1421 2362 ipsius

327 2378 460 2445 loannis
474 2383 612 2446 eximiae
623 2384 772 2461 virtutes,
785 2384 902 2465 quibus
918 2385 949 2446 iu
963 2384 1120 2447 ecclesiae
1133 2381 1420 2466 Hierosolymorum

327 2483 481 2562 regimine
502 2492 578 2547 tunc
602 2484 805 2561 excellebat,
831 2493 966 2566 propter
994 2502 1077 2566 quas
1103 2501 1129 2549 ι.
1158 2482 1307 2550 Pontifex
1330 2485 1421 2546 ciram

327 2581 466 2646 omnium
483 2585 794 2664 praestantissimum
816 2592 920 2650 vocat.
1285 2579 1286 2584 ’

406 2684 565 2762 Secundo,
577 2689 617 2749 ab
628 2689 745 2755 eisdem
759 2688 877 2751 litteris
890 2703 1082 2768 magnopere
1096 2685 1216 2761 elucet,
1227 2691 1342 2766 quanta
1357 2699 1421 2764 pru·

325 2784 431 2849 dentis
453 2787 655 2852 beatissimus
678 2787 763 2870 Papa
792 2790 855 2853 boc
877 2797 941 2852 tam
963 2788 1102 2852 arduum
1124 2787 1227 2868 egerit
1247 2788 1415 2867 negotium:

325 2887 368 2948 ita
385 2892 432 2962 ut,
448 2905 524 2950 com
546 2889 618 2953 hino
632 2890 726 2971 impia
741 2891 890 2971 dogmata
906 2896 1009 2953 totum
1023 2889 1200 2966 evertentia
1221 2887 1418 2968 apostolieum

325 2985 521 3064 depositum,
537 3005 622 3068 quae
642 2989 703 3052 sub
718 2988 867 3069 Origcnis
887 2992 1015 3053 nomine
1029 2990 1094 3053 boc
1114 2991 1198 3054 illuc
1218 3007 1278 3071 per
1290 2986 1418 3053 christia·

310 3103 403 3148 uum
424 3088 536 3150 orbem
562 3095 594 3150 et
615 3087 759 3151 fidelium
781 3107 894 3152 manus
909 3097 985 3156 tunc
999 3089 1224 3152 discurrebant
1244 3088 1283 3151 ud
1305 3084 1420 3168 pusillo·

327 3201 402 3247 rum
416 3181 616 3261 scandalum,
630 3189 808 3252 damnaret:
823 3189 894 3275 inde
907 3195 1010 3252 tameo
1023 3189 1054 3249 in
1065 3189 1282 3269 designatione
1295 3183 1420 3250 auctorit

324 3284 441 3350 haram
462 3289 677 3370 impietatum,
699 3308 855 3370 personae
876 3289 1026 3354 videlicet
1047 3289 1147 3363 illios,
1164 3287 1221 3369 qui
1245 3288 1319 3350 talia
1337 3283 1419 3349 sensit

324 3395 357 3449 et
370 3390 508 3468 scripsit,
522 3390 666 3454 noluerit
682 3391 843 3472 judicium
863 3391 1043 3464 instituere,
1061 3407 1078 3451 a
1097 3389 1263 3469 proposito
1279 3405 1336 3451 suo
1347 3381 1417 3447 istud

321 3487 507 3553 existimans
527 3491 679 3555 alienum.
711 3491 758 3555 Ac
779 3491 851 3558 iden
872 3489 997 3572 aiebat:
1015 3509 1031 3548 ιι
1048 3487 1197 3570 Oripraes
1217 3497 1319 3551 autem
1339 3484 1417 3565 cujus

323 3586 361 3652 ιἰι
380 3601 520 3655 nostrum
540 3592 685 3672 liupuum
705 3591 877 3674 compositu
897 3589 1063 3666 deauravit,
1079 3599 1165 3665 oute,
1185 3589 1259 3670 quis
1279 3587 1418 3670 surita

321 3690 360 3754 ia
378 3711 458 3774 puae
473 3695 658 3772 processerit
677 3696 783 3771 ambo,
800 3704 946 3758 nostrum
963 3690 1159 3775 propositum
1179 3691 1297 3756 nescit.-
1313 3689 1418 3754 solnm·

322 3792 420 3856 modo
440 3794 598 3858 sollicitos
621 3795 807 3858 Anastasius
828 3794 867 3856 de
886 3795 984 3856 latina
1008 3794 1154 3856 versione
1175 3791 1371 3860 Padaeus:
1390 3791 1416 3847 ti

324 3894 454 3973 quidem
475 3911 537 3957 non
558 3895 598 3958 de
619 3912 669 3971 ea,
692 3909 790 3974 qnam
811 3895 934 3957 sincera
955 3912 996 3956 ex
1019 3892 1161 3956 tontibus
1182 3895 1303 3973 graecis
1322 3887 1414 3972 penni-

322 3995 371 4057 nis
392 3987 547 4075 exegerat¹
559 3995 729 4073 Rudlnns3
752 3995 805 4059 sed
822 3994 861 4058 de
875 3995 944 4071 illa,
960 4009 1058 4073 qnam
1081 4001 1248 4073 precatam
1268 3993 1307 4056 ab
1320 3984 1413 4054 amieis

319 4090 525 4179 Hieronymi,
548 4098 691 4178 undiquc
712 4096 867 4162 consertis
888 4095 1119 4177 impietatibus,
1141 4092 1327 4160 obtulerunt
1345 4087 1414 4162 toa

324 4193 400 4263 tidoi
420 4197 760 4266 anathematizandam.
