3066 4950
94 494 164 560 ratis
190 491 572 576 sternentemque
596 491 745 560 videlieet
765 491 934 574 Vipiiiuur,
964 509 1025 556 nee
1046 389 1190 560 integ
1248 514 1251 522 ¹

93 615 145 662 nen
158 597 252 662 iniere
269 597 462 662 arbitratum
479 597 598 684 synodi
619 595 1060 661 chalcedonensisnontrairo
1080 595 1189 660 denui-

94 699 231 764 tionibus.
254 696 370 776 Quoad
391 706 500 762 autem
532 697 673 762 aiterum
694 697 888 779 culpationis
914 713 1015 776 geum
1035 696 1076 762 de
1105 694 1188 766 Pon·

92 798 177 863 tiieis
195 800 396 866 conniventia
423 801 657 882 aoepbatorurn
684 808 792 866 tentae
820 801 886 882 janu
915 799 1083 864 damnatae
1110 817 1186 864 eunt

90 897 234 964 Antbirno
254 899 400 983 ejusdem
430 909 580 982 patrono,
601 901 757 967 adversus
779 901 864 967 intui
885 901 977 966 nobis
997 900 1189 982 praeeteris-

88 999 198 1064 sinum
217 1001 322 1065 adstat
342 1002 559 1066 testimonium
574 1003 661 1066 eirca
674 1020 794 1066 anuum
807 998 879 1070 oto.
896 1002 1019 1083 abipso
1033 1003 1187 1068 emissura

90 1117 193 1164 coraus
220 1099 403 1167 iustiniano
424 1121 484 1184 per
508 1103 677 1184 epistolam
697 1102 737 1167 ai
769 1104 873 1182 ipsum
900 1103 1068 1184 seriptum,
1089 1102 1187 1182 enjus

88 1201 219 1281 initium,
236 1201 371 1268 litterar
394 1201 580 1269 Clementiae
598 1215 718 1270 nestrae
737 1211 800 1270 ete.
819 1203 855 1268 ln
869 1221 934 1286 qua
956 1205 1096 1269 maximo
1114 1205 1188 1270 elu-

87 1310 153 1366 oent
169 1305 295 1370 sincera
311 1303 475 1370 Pontitiois
494 1305 586 1383 tides,
604 1307 715 1371 nornis
735 1306 913 1386 integritas,
928 1311 1037 1370 saneta
1058 1312 1091 1370 et
1110 1323 1187 1370 eon·

86 1411 167 1469 stans
184 1407 362 1471 aenauintio
375 1408 408 1470 in
429 1409 635 1472 ueeeaenruur
653 1425 791 1472 suorum
807 1407 999 1472 Pontificum
1019 1408 1187 1476 servandis

86 1508 275 1585 constitutis,
289 1507 368 1588 quin
387 1525 448 1574 nen
467 1509 507 1572 ad
522 1509 690 1574 dexteram
712 1516 864 1592 pergeret
884 1527 942 1572 nee
957 1507 996 1570 ai
1010 1509 1183 1574 sinistram.

86 1605 126 1670 tn
138 1607 217 1672 baee
237 1610 367 1674 interim
387 1617 464 1676 sunt
483 1618 666 1676 mnoratu
679 1611 774 1692 digna
788 1612 821 1674 in
842 1611 949 1674 citatis
973 1611 1089 1676 titteris
1111 1631 1187 1676 oon·

85 1715 132 1772 tra
151 1712 325 1791 pestutum
342 1711 597 1778 obtrectatorum
618 1730 755 1778 suorum
776 1713 997 1789 aawrtionenn,
1019 1713 1050 1775 in
1073 1713 1186 1778 discri-

86 1812 354 1876 ureurneantinm
375 1820 497 1878 rentem
518 1831 597 1878 suae
618 1813 691 1878 tidei
713 1813 958 1894 protensionem.

160 1911 358 1991 «Quorum,
375 1913 492 1995 inquit,
509 1915 687 1994 probabitis
700 1915 876 1978 constituta
887 1921 1017 1978 sanotae
1036 1914 1186 1978 reeorda-

86 2011 175 2077 tionis
194 2011 370 2078 Hormiada
390 2021 489 2096 atque
509 2013 649 2080 ioannes
668 2016 790 2093 senior,
810 2033 870 2078 nee
891 2033 954 2080 non
975 2022 1007 2079 et
1021 2015 1185 2096 Agapetus

84 2111 266 2180 doemones
280 2115 383 2180 nostri
397 2133 457 2196 per
469 2117 579 2181 nmnb
593 2125 833 2194 conservantes,
850 2117 1017 2182 universos
1032 2120 1186 2182 nestoria-

83 2231 140 2280 uae
150 2223 184 2282 et
194 2216 414 2299 eutyebiauae
425 2235 582 2298 sequaces
602 2219 744 2284 baeresis
755 2220 863 2301 justae
884 2235 1041 2284 mucrone
1060 2225 1186 2282 senten·

84 2315 143 2380 tiae
154 2317 382 2398 perculerunt.
401 2315 497 2394 Quen
512 2336 570 2382 uns
583 2319 717 2383 summis
732 2319 855 2384 viribon
868 2319 974 2400 requi,
989 2337 1184 2400 summoque

83 2417 201 2484 adnixu
227 2418 402 2486 detondere
428 2419 554 2501 pietrtir
578 2427 703 2488 restrae
733 2419 909 2486 Clementia
930 2421 1185 2486 indubitabiliter

80 2529 252 2601 agnoetat3
273 2520 329 2586 sett
349 2529 384 2587 et
403 2521 488 2586 besti
509 2520 624 2586 Leonis
650 2523 802 2604 epistolas
821 2523 861 2586 ad
882 2534 1012 2588 nanctae
1034 2523 1185 2589 reeorda-

82 2619 172 2684 tionis
192 2619 387 2687 Flavianum
409 2629 487 2688 tnnn
513 2621 879 2703 eonstaotisnpoiitanae
900 2627 1041 2690 etrttatts
1062 2626 1185 2689 antisti·

81 2726 156 2799 ten,
175 2741 239 2787 nee
258 2741 324 2788 uon
341 2730 377 2788 et
396 2724 437 2788 ati
456 2723 726 2789 clementissimas
746 2725 922 2790 memoriae
937 2723 1077 2792 Leonem
1098 2727 1184 2808 priu-

80 2822 179 2900 etpem
199 2823 398 2904 destinatas3
419 2824 538 2905 quibus
558 2825 799 2890 haeretieorum
820 2825 903 2890 idest
923 2824 1064 2891 Nestorii
1084 2833 1185 2906 atquo

77 2919 266 3009 Entpnbetis
287 2925 466 3006 perfidiam,
497 2927 678 2992 rationabili
697 2929 887 3006 assertione,
920 2925 988 2992 Deo
1008 2928 1068 2992 sibi
1088 2928 1184 3008 iaspi-

79 3033 179 3102 rante,
195 3026 356 3104 contudit,
372 3029 501 3094 omniuo
521 3015 809 3108 septentrione
829 3047 893 3110 qua
915 3037 1057 3109 oportet,
1079 3021 1185 3094 ebari-

78 3133 140 3190 tate
154 3128 368 3194 defendimus.
385 3128 429 3192 Et
447 3131 595 3209 quamvis
609 3147 667 3194 nos
688 3130 784 3194 animi
801 3129 939 3210 fideique
956 3138 1097 3206 nostrae,
1113 3129 1182 3194 Deo

75 3216 290 3306 eustetteute,
304 3231 471 3295 sinceritas
481 3239 599 3296 eontra
620 3249 657 3296 ea
679 3231 865 3296 nuliatenus
881 3231 990 3294 venire
1004 3232 1183 3313 permittat,

77 3330 276 3408 perpendero
298 3339 403 3396 tamen
424 3331 520 3396 debet
540 3338 666 3398 restrae
687 3332 813 3412 pietatis
834 3331 1003 3412 prudentia
1025 3331 1185 3394 admiran-

74 3426 124 3506 da,
141 3435 219 3512 quia
235 3449 298 3496 non
312 3433 397 3514 digni
412 3442 585 3499 oensentur
595 3434 764 3506 antistites,
780 3434 837 3512 qui
854 3432 1076 3512 praefatorum
1093 3452 1185 3514 prro·

74 3529 182 3594 rniurn
197 3529 288 3597 Sedis
300 3533 506 3614 Apostoiioae
520 3533 751 3597 iuviolabiliter
772 3533 901 3596 minime
920 3535 1093 3597 constituta
1115 3553 1183 3600 ser·

75 3633 234 3698 raserint.
250 3631 432 3714 iiaeeerpo
452 3653 537 3714 quae
558 3634 598 3699 tie
618 3635 713 3698 intua
735 3633 885 3698 Patribus
897 3641 1082 3700 sauctorum
1104 3655 1185 3716 qua·

73 3739 149 3797 tuor
168 3734 376 3817 synodorum
398 3742 430 3800 et
449 3753 467 3798 a
489 3736 659 3816 desipientis
680 3736 794 3800 beatae
822 3735 1055 3799 reeordationis
1079 3734 1184 3817 Papae

73 3831 189 3901 Leonis
205 3837 350 3916 epistolis
370 3844 470 3917 atque
483 3853 501 3900 a
516 3837 812 3917 suprascriptorum
829 3835 1115 3916 praedeeessorum
1128 3853 1186 3900 no·

72 3945 218 4004 strurum
235 3939 417 4004 constitutis
436 3947 513 4003 sunt
536 3938 765 4002 venerabiliter
779 3936 920 4012 definita,
934 3953 993 4018 per
1005 3938 1111 4002 omnia
1126 3957 1185 4004 nor

72 4046 248 4121 sequentes
268 4047 301 4104 et
322 4057 438 4104 eorum
453 4041 620 4104 doetrinae
640 4039 823 4104 contrarios
844 4037 1004 4118 probabili
1024 4038 1187 4120 Apostoli·

71 4159 128 4206 oue
148 4143 242 4210 Sedis
264 4143 459 4206 anctoritate
480 4141 679 4215 damnantes,
704 4138 1011 4202 anathematizantes
1030 4154 1098 4214 eos,
1114 4140 1187 4218 qni·

70 4261 215 4326 eumque
230 4241 270 4308 tte
290 4241 364 4308 tidei
389 4233 459 4322 ejtis
480 4241 681 4324 expositione
706 4238 759 4306 nei
778 4237 984 4317 rectitudine,
999 4245 1057 4304 aut
1076 4238 1186 4322 ‹tnpu-
1256 4245 1258 4250 '
