3066 4950
340 388 404 463 lli

338 493 393 557 iles
412 491 594 574 apostolico
610 505 669 573 par
694 485 845 572 ligitium
869 487 1032 556 restiterat
1055 488 1270 570 commersi,
1291 490 1373 554 niisil
1395 506 1460 554 an·

341 593 430 677 plius
447 594 600 660 sidentes
620 594 661 657 tta
682 593 743 671 bis,
766 591 818 658 vel
842 599 891 658 ter
905 600 1081 670 miraetata
1102 593 1316 658 damnatione.
1337 591 1407 669 Qui
1426 611 1457 656 e·

341 695 407 759 nim
432 703 508 761 tnnc
527 714 547 759 a
568 693 690 775 Pelagii
712 691 754 756 li.
775 710 859 759 aero
885 702 1079 775 sparserant
1101 693 1208 776 Vigiiii
1235 693 1456 761 Constitntnm

340 797 551 862 novissimum
571 796 717 862 nolentes
733 794 814 859 itini
837 795 986 876 accipere
1006 815 1050 860 ex
1070 813 1122 873 eo,
1137 795 1225 877 qnod
1247 793 1388 876 vigilius
1407 813 1456 858 so·

341 896 510 962 lnmmotlo
530 897 571 960 ab
598 897 689 960 initio
712 895 870 961 restiterit
889 895 1099 972 damnationi,
1120 896 1211 977 quali
1231 902 1328 976 putea
1354 892 1457 958 nasa

343 998 393 1064 cia
415 998 511 1062 iidem
533 1004 646 1062 contra
671 995 839 1077 Pelagium
864 1002 1043 1078 pugnantes
1063 997 1157 1062 sicuti
1181 995 1341 1060 ailrersns
1362 1013 1456 1077 praa·

341 1098 543 1164 decessorem
573 1117 671 1164 sunm
692 1096 862 1180 vigilium,
884 1098 983 1179 bnjns
1012 1096 1175 1162 Pontiiieis
1204 1088 1456 1178 exprobrantur

342 1200 599 1279 instabilitatem,
614 1206 673 1265 aut
684 1198 943 1264 incertitudinem
958 1206 992 1264 et
1006 1199 1080 1264 hine
1092 1215 1156 1262 nnn
1171 1197 1259 1262 Petri
1274 1196 1349 1260 unet
1370 1196 1455 1261 aeae

342 1311 444 1380 ctum,
467 1305 493 1366 si
514 1319 628 1385 reapse
647 1302 688 1366 ila
708 1302 770 1366 bae
783 1317 820 1367 re
838 1319 935 1382 saepe
948 1301 1137 1366 sententiam
1158 1306 1392 1364 commutasset
1404 1297 1455 1363 Vi·

343 1403 469 1489 gilinai’
495 1403 651 1486 Alioquin
674 1403 756 1468 bano
777 1403 1051 1471 insimulationem
1071 1401 1113 1466 ob
1133 1401 1248 1466 oeulos
1270 1399 1394 1482 Pelagii
1414 1401 1453 1466 ii.

342 1523 446 1588 nunna
461 1505 740 1588 praetermiserint
752 1502 981 1587 Gapitnlornm
1001 1505 1199 1581 delensorea,
1216 1503 1385 1568 triennum
1396 1511 1454 1578 est,

342 1603 498 1688 Vigilinm
520 1606 652 1672 minime
672 1605 770 1672 talem
784 1621 915 1688 passum
936 1623 1006 1671 eaae
1025 1605 1121 1671 animi
1142 1607 1406 1689 perplexitatem,
1420 1612 1454 1669 at

344 1707 443 1772 nolo
453 1715 600 1789 negaret,
614 1707 702 1789 gnoti
724 1708 824 1789 panio
844 1714 936 1772 antea
952 1707 1107 1786 armavit,
1121 1725 1161 1772 ae
1175 1709 1284 1773 denno
1298 1707 1452 1780 firmaret,

204 1808 207 1814 '
343 1807 433 1890 gnei
445 1810 546 1892 prim
566 1811 706 1892 negarit.
724 1807 937 1892 Quapropter
958 1807 1044 1874 bauti
1064 1811 1228 1875 immerito
1246 1809 1395 1874 arbitror
1412 1809 1454 1870 ia-

344 1919 397 1976 ter
416 1912 635 1978 commentitie
655 1912 775 1995 scripta
795 1911 859 1978 boc
878 1929 1012 1993 qnoque
1031 1910 1227 1979 censentium
1248 1929 1320 1977 esse
1334 1909 1453 1977 Consu·

347 2020 468 2080 tutum.

422 2113 506 2180 Gnrn
521 2113 650 2180 interim
669 2133 714 2181 ex
730 2114 852 2198 Pelagii
872 2115 1053 2184 testimonio
1073 2123 1212 2194 constat,
1228 2123 1307 2181 tnnc
1328 2115 1414 2180 bani
1426 2116 1454 2178 in

343 2216 491 2284 Ecclesia
518 2217 696 2283 innotuisse
725 2217 789 2306 boc
808 2215 1041 2298 Gomtitutnm,
1063 2215 1195 2282 alinnrle
1223 2233 1361 2298 qnogue
1378 2215 1454 2279 illest

342 2318 475 2401 abipso
496 2315 628 2384 Victore
644 2321 820 2399 tunonensi
833 2307 1014 2401 probatur,
1035 2337 1095 2386 nec
1114 2325 1228 2384 notum
1249 2337 1291 2383 eo
1313 2326 1452 2398 tempore

346 2419 460 2495 inisse,
481 2437 541 2486 nec
560 2421 667 2487 multo
690 2421 797 2487 minna
818 2418 974 2502 vigilium
994 2421 1078 2488 bane
1097 2421 1233 2488 edidisse
1249 2422 1452 2503 scriptorem.

344 2519 469 2588 blirnm
499 2538 577 2586 sane
605 2520 668 2587 boc
695 2526 745 2586 est
764 2520 805 2586 tle
828 2519 975 2598 Victore,
998 2522 1055 2603 qni
1075 2525 1135 2588 etsi
1164 2525 1197 2588 in
1226 2521 1340 2586 eaalern
1361 2519 1453 2584 luerit

345 2639 444 2688 musa
458 2629 491 2687 et
504 2623 590 2688 inter
610 2622 710 2686 trinm
723 2619 951 2703 capitulorum
965 2622 1150 2688 ‹letemur-es
1170 2621 1313 2698 babitus,
1327 2637 1368 2685 ac
1386 2619 1451 2682 itan

300 2782 305 2794 ,
347 2725 449 2792 exilio
469 2724 650 2806 multatus,
676 2731 782 2790 umen
804 2727 836 2790 in
857 2723 1019 2791 Chronico
1036 2727 1133 2808 jnxta
1155 2731 1323 2806 gestorum
1344 2723 1451 2788 mrtem

323 2902 329 2915 ,
347 2845 503 2894 enarrans
518 2828 626 2893 rarius
646 2827 902 2908 expugnantium
917 2835 950 2891 et
964 2829 1237 2909 propugnantium
1258 2843 1365 2903 mans,
1380 2825 1452 2888 bare

345 2930 520 3012 specialem
542 2927 582 2994 tie
602 2928 815 2994 inconstantia
836 2926 944 3010 vigilii
967 2937 1073 2993 notam
1096 2929 1263 3008 transegit.

428 3031 537 3114 lnquit
556 3033 662 3096 enimc
680 3029 786 3114 alost
813 3030 1027 3097 Consulatum
1058 3029 1167 3096 Basilii
1189 3028 1230 3094 V.
1251 3029 1289 3095 c.
1309 3045 1391 3093 anan
1409 3041 1451 3089 se·

347 3131 487 3200 annin.
504 3178 512 3195 .
529 3131 722 3216 ‚Sylrnrins
743 3129 911 3196 llomauns
927 3129 1106 3214 Episcopus
1126 3129 1227 3197 exilio
1248 3130 1406 3195 mitiitnrr
1424 3132 1452 3188 ei

347 3251 410 3318 pro
429 3251 470 3300 eo
493 3232 629 3315 Vigiling
651 3233 842 3310 ordinatnr3
865 3249 885 3295 a
904 3249 972 3313 qno
992 3230 1161 3297 Theodora
1183 3239 1339 3313 angusta,
1358 3232 1451 3311 prins·

347 3353 447 3418 qnani
467 3335 691 3411 ordinaretur,
711 3334 843 3399 occulto
863 3333 1082 3416 chirographo
1103 3335 1227 3412 elicuit,
1250 3344 1290 3399 nt
1311 3334 1392 3416 Papa
1411 3331 1450 3394 ei·

347 3437 452 3504 iectus
471 3441 504 3504 in
525 3438 793 3520 proscriptionem
807 3433 927 3521 Synoili
947 3437 1208 3502 chalcedonensia
1232 3439 1294 3502 tria
1313 3435 1450 3517 Capitnia

348 3539 588 3606 condemnaret.
602 3582 611 3601 .
624 3585 632 3602 .
646 3585 654 3604 .
667 3537 747 3605 Post
759 3537 972 3606 Consulatum
988 3535 1099 3604 Basilii
1112 3536 1150 3603 V.
1167 3537 1203 3603 G.
1226 3555 1312 3603 anno
1326 3535 1380 3601 iv.
1397 3536 1451 3602 ln·

347 3639 503 3706 stinisnm
524 3639 703 3721 imperator
715 3639 948 3722 acephalorum
963 3640 1225 3720 subreptionibus
1247 3641 1390 3722 iatigatus
1405 3635 1451 3698 li·

350 3740 464 3822 gitium
485 3739 668 3807 Romanurn
690 3739 886 3822 Episcopum
907 3740 1071 3806 subtiliter
1090 3742 1268 3824 compellit,
1291 3748 1330 3806 nt
1348 3739 1385 3804 ai
1398 3735 1450 3803 iia·

350 3842 423 3908 bem
446 3843 568 3924 regiam
590 3847 803 3924 properarei;
833 3847 866 3903 et
884 3841 947 3904 snb
966 3841 1105 3922 speeiem
1134 3841 1385 3923 congregationis
1401 3853 1448 3900 eo·

351 3960 439 4020 rum,
454 3943 512 4025 qni
532 3942 573 4006 ab
588 3940 737 4008 Ecclesia
757 3948 834 4008 eunt
851 3942 1006 4006 societate
1021 3943 1127 4018 dirisi,
1144 3944 1206 4007 tria
1220 3941 1366 4022 Capitnla
1384 3953 1447 4002 eoa·

352 4044 532 4112 demnaral
549 4087 557 4106 ·
574 4089 582 4108 .
597 4043 674 4110 Post
688 4043 901 4111 Comniatnm
915 4041 1025 4110 Basilii
1039 4042 1078 4109 V.
1093 4045 1129 4112 G.
1143 4063 1228 4110 anno
1249 4042 1334 4109 viti.
1359 4037 1445 4105 insti

351 4145 465 4212 nianns
484 4150 663 4228 imperator
683 4163 742 4227 por
761 4144 906 4212 diversas
920 4146 1103 4228 provincias
1117 4148 1148 4210 in
1169 4147 1260 4228 regni
1279 4147 1328 4210 sni
1342 4138 1440 4204 inibm

350 4248 556 4329 constitutas,
583 4246 807 4315 imtantiasime
833 4247 958 4328 scribit,
984 4257 1017 4316 et
1036 4249 1191 4316 antistites
1215 4253 1342 4315 onnntoa
1362 4253 1440 4322 put*
