<?xml version="1.0" encoding="UTF-8"?>
<!DOCTYPE html PUBLIC "-//W3C//DTD XHTML 1.0 Transitional//EN"
    "http://www.w3.org/TR/xhtml1/DTD/xhtml1-transitional.dtd">
<html xmlns="http://www.w3.org/1999/xhtml" xml:lang="en" lang="en">
 <head>
  <title>
</title>
<meta http-equiv="Content-Type" content="text/html;charset=utf-8" />
  <meta name='ocr-system' content='tesseract 3.04.00' />
  <meta name='ocr-capabilities' content='ocr_page ocr_carea ocr_par ocr_line ocrx_word'/>
</head>
<body>
  <div class='ocr_page' id='page_1' title='image "./insgregoriinyss01vincgoog/insgregoriinyss01vincgoog_0016.png"; bbox 0 0 3186 4946; ppageno 0'>
   <div class='ocr_carea' id='block_1_1' title="bbox 106 309 1365 4236">
    <p class='ocr_par' dir='ltr' id='par_1_1' title="bbox 192 309 1331 1900">
     <span class='ocr_line' id='line_1_1' title="bbox 1239 309 1275 360; baseline 0.056 -2"><span class='ocrx_word' id='word_1_1' title='bbox 1239 309 1275 360; x_wconf 80' lang='lat' dir='ltr'><strong>rx</strong></span> 
     </span>
     <span class='ocr_line' id='line_1_2' title="bbox 193 384 1331 515; baseline -0.003 -22"><span class='ocrx_word' id='word_1_2' title='bbox 193 429 331 493; x_wconf 86' lang='lat' dir='ltr'><strong>sertam</strong></span> <span class='ocrx_word' id='word_1_3' title='bbox 352 415 512 515; x_wconf 88' lang='lat' dir='ltr'><strong>scriptia,</strong></span> <span class='ocrx_word' id='word_1_4' title='bbox 540 413 767 513; x_wconf 78' lang='lat' dir='ltr'><strong>frequentius</strong></span> <span class='ocrx_word' id='word_1_5' title='bbox 794 411 1079 512; x_wconf 81' lang='lat' dir='ltr'><strong>compellasset</strong></span> <span class='ocrx_word' id='word_1_6' title='bbox 1106 411 1279 508; x_wconf 79' lang='lat' dir='ltr'><strong>obiiciens</strong></span> <span class='ocrx_word' id='word_1_7' title='bbox 1326 384 1331 396; x_wconf 54' lang='grc'>’</span> 
     </span>
     <span class='ocr_line' id='line_1_3' title="bbox 192 541 1278 643; baseline -0.002 -21"><span class='ocrx_word' id='word_1_8' title='bbox 192 545 362 642; x_wconf 78' lang='lat' dir='ltr'>origenis</span> <span class='ocrx_word' id='word_1_9' title='bbox 395 545 571 643; x_wconf 89' lang='lat' dir='ltr'><strong>patronis.</strong></span> <span class='ocrx_word' id='word_1_10' title='bbox 602 543 691 618; x_wconf 94' lang='lat' dir='ltr'><strong>lllud</strong></span> <span class='ocrx_word' id='word_1_11' title='bbox 724 543 804 618; x_wconf 87' lang='lat' dir='ltr'><strong>diro</strong></span> <span class='ocrx_word' id='word_1_12' title='bbox 838 541 1146 641; x_wconf 88' lang='lat' dir='ltr'><strong>blasphemiarum</strong></span> <span class='ocrx_word' id='word_1_13' title='bbox 1173 566 1278 620; x_wconf 90' lang='lat' dir='ltr'><strong>com-</strong></span> 
     </span>
     <span class='ocr_line' id='line_1_4' title="bbox 192 671 1280 770; baseline 0.001 -24"><span class='ocrx_word' id='word_1_14' title='bbox 192 686 362 746; x_wconf 85' lang='lat' dir='ltr'><strong>mentum</strong></span> <span class='ocrx_word' id='word_1_15' title='bbox 387 671 522 769; x_wconf 89' lang='lat' dir='ltr'><strong>perllde</strong></span> <span class='ocrx_word' id='word_1_16' title='bbox 541 695 562 746; x_wconf 91' lang='lat' dir='ltr'><strong>a</strong></span> <span class='ocrx_word' id='word_1_17' title='bbox 581 671 737 770; x_wconf 90' lang='lat' dir='ltr'><strong>quodam</strong></span> <span class='ocrx_word' id='word_1_18' title='bbox 762 672 1024 748; x_wconf 88' lang='lat' dir='ltr'><strong>haereticorum</strong></span> <span class='ocrx_word' id='word_1_19' title='bbox 1052 672 1191 746; x_wconf 84' lang='lat' dir='ltr'><strong>calaum</strong></span> <span class='ocrx_word' id='word_1_20' title='bbox 1209 671 1280 748; x_wconf 90' lang='lat' dir='ltr'><strong>ela·</strong></span> 
     </span>
     <span class='ocr_line' id='line_1_5' title="bbox 192 799 1279 898; baseline -0.001 -23"><span class='ocrx_word' id='word_1_21' title='bbox 192 800 364 875; x_wconf 75' lang='lat' dir='ltr'><strong>lauretum</strong></span> <span class='ocrx_word' id='word_1_22' title='bbox 392 822 440 874; x_wconf 87' lang='lat' dir='ltr'><strong>ex</strong></span> <span class='ocrx_word' id='word_1_23' title='bbox 468 799 638 875; x_wconf 80' lang='lat' dir='ltr'><strong>Auctoris</strong></span> <span class='ocrx_word' id='word_1_24' title='bbox 666 800 825 898; x_wconf 87' lang='lat' dir='ltr'><strong>praratis</strong></span> <span class='ocrx_word' id='word_1_25' title='bbox 852 799 975 883; x_wconf 88' lang='lat' dir='ltr'><strong>libris,</strong></span> <span class='ocrx_word' id='word_1_26' title='bbox 1000 811 1042 876; x_wconf 93' lang='grc' dir='ltr'><strong>ιιι</strong></span> <span class='ocrx_word' id='word_1_27' title='bbox 1072 803 1279 896; x_wconf 85' lang='lat' dir='ltr'><strong>praesenti·</strong></span> 
     </span>
     <span class='ocr_line' id='line_1_6' title="bbox 193 926 1280 1027; baseline 0 -23"><span class='ocrx_word' id='word_1_28' title='bbox 193 927 262 1004; x_wconf 91' lang='lat' dir='ltr'><strong>bus</strong></span> <span class='ocrx_word' id='word_1_29' title='bbox 294 928 524 1027; x_wconf 78' lang='lat' dir='ltr'><strong>posterisque</strong></span> <span class='ocrx_word' id='word_1_30' title='bbox 554 926 747 1004; x_wconf 77' lang='lat' dir='ltr'><strong>illuderent</strong></span> <span class='ocrx_word' id='word_1_31' title='bbox 774 929 809 1002; x_wconf 92' lang='lat' dir='ltr'><strong>in</strong></span> <span class='ocrx_word' id='word_1_32' title='bbox 835 927 1018 1004; x_wconf 78' lang='lat' dir='ltr'><strong>Ecclesiae</strong></span> <span class='ocrx_word' id='word_1_33' title='bbox 1045 927 1280 1016; x_wconf 86' lang='lat' dir='ltr'><strong>scandalum,</strong></span> 
     </span>
     <span class='ocr_line' id='line_1_7' title="bbox 192 1055 1281 1156; baseline -0.001 -23"><span class='ocrx_word' id='word_1_34' title='bbox 192 1057 333 1156; x_wconf 88' lang='lat' dir='ltr'><strong>virique</strong></span> <span class='ocrx_word' id='word_1_35' title='bbox 362 1056 477 1132; x_wconf 86' lang='lat' dir='ltr'><strong>fldelis</strong></span> <span class='ocrx_word' id='word_1_36' title='bbox 510 1056 696 1150; x_wconf 84' lang='lat' dir='ltr'><strong>injurium:</strong></span> <span class='ocrx_word' id='word_1_37' title='bbox 735 1056 779 1131; x_wconf 85' lang='lat' dir='ltr'><strong>de</strong></span> <span class='ocrx_word' id='word_1_38' title='bbox 811 1077 883 1154; x_wconf 89' lang='lat' dir='ltr'><strong>quo</strong></span> <span class='ocrx_word' id='word_1_39' title='bbox 913 1055 1120 1154; x_wconf 77' lang='lat' dir='ltr'><strong>singillatim</strong></span> <span class='ocrx_word' id='word_1_40' title='bbox 1159 1059 1214 1154; x_wconf 88' lang='lat' dir='ltr'><strong>egi</strong></span> <span class='ocrx_word' id='word_1_41' title='bbox 1244 1058 1281 1132; x_wconf 93' lang='lat' dir='ltr'><strong>iu</strong></span> 
     </span>
     <span class='ocr_line' id='line_1_8' title="bbox 195 1183 1282 1284; baseline 0 -24"><span class='ocrx_word' id='word_1_42' title='bbox 195 1187 312 1284; x_wconf 90' lang='lat' dir='ltr'><strong>prima</strong></span> <span class='ocrx_word' id='word_1_43' title='bbox 339 1195 379 1260; x_wconf 86' lang='lat' dir='ltr'><strong>et</strong></span> <span class='ocrx_word' id='word_1_44' title='bbox 404 1184 562 1260; x_wconf 86' lang='lat' dir='ltr'><strong>secunda</strong></span> <span class='ocrx_word' id='word_1_45' title='bbox 590 1183 712 1271; x_wconf 85' lang='lat' dir='ltr'><strong>Parte,</strong></span> <span class='ocrx_word' id='word_1_46' title='bbox 740 1183 981 1260; x_wconf 87' lang='lat' dir='ltr'><strong>calumniosas</strong></span> <span class='ocrx_word' id='word_1_47' title='bbox 1008 1185 1044 1258; x_wconf 89' lang='lat' dir='ltr'><strong>iu</strong></span> <span class='ocrx_word' id='word_1_48' title='bbox 1076 1207 1159 1260; x_wconf 90' lang='lat' dir='ltr'><strong>eum</strong></span> <span class='ocrx_word' id='word_1_49' title='bbox 1188 1185 1282 1260; x_wconf 88' lang='lat' dir='ltr'><strong>tales</strong></span> 
     </span>
     <span class='ocr_line' id='line_1_9' title="bbox 194 1310 1283 1411; baseline 0 -25"><span class='ocrx_word' id='word_1_50' title='bbox 194 1312 371 1388; x_wconf 84' lang='lat' dir='ltr'><strong>ventilans</strong></span> <span class='ocrx_word' id='word_1_51' title='bbox 404 1326 443 1387; x_wconf 86' lang='lat' dir='ltr'><strong>et</strong></span> <span class='ocrx_word' id='word_1_52' title='bbox 474 1310 654 1410; x_wconf 87' lang='lat' dir='ltr'><strong>dissipans</strong></span> <span class='ocrx_word' id='word_1_53' title='bbox 678 1310 982 1387; x_wconf 79' lang='lat' dir='ltr'><strong>insimulationes.</strong></span> <span class='ocrx_word' id='word_1_54' title='bbox 1007 1311 1055 1387; x_wconf 85' lang='lat' dir='ltr'><strong>Et</strong></span> <span class='ocrx_word' id='word_1_55' title='bbox 1083 1313 1175 1387; x_wconf 88' lang='lat' dir='ltr'><strong>hanc</strong></span> <span class='ocrx_word' id='word_1_56' title='bbox 1202 1313 1283 1411; x_wconf 92' lang='lat' dir='ltr'><strong>qui·</strong></span> 
     </span>
     <span class='ocr_line' id='line_1_10' title="bbox 193 1437 1281 1539; baseline -0.002 -23"><span class='ocrx_word' id='word_1_57' title='bbox 193 1441 276 1516; x_wconf 88' lang='lat' dir='ltr'><strong>deor</strong></span> <span class='ocrx_word' id='word_1_58' title='bbox 310 1439 537 1516; x_wconf 80' lang='lat' dir='ltr'><strong>historiolam</strong></span> <span class='ocrx_word' id='word_1_59' title='bbox 570 1463 657 1539; x_wconf 90' lang='lat' dir='ltr'><strong>prae</strong></span> <span class='ocrx_word' id='word_1_60' title='bbox 689 1437 857 1512; x_wconf 87' lang='lat' dir='ltr'><strong>manibus</strong></span> <span class='ocrx_word' id='word_1_61' title='bbox 886 1437 1025 1515; x_wconf 89' lang='lat' dir='ltr'><strong>habens</strong></span> <span class='ocrx_word' id='word_1_62' title='bbox 1052 1464 1085 1514; x_wconf 85' lang='lat' dir='ltr'><strong>a.</strong></span> <span class='ocrx_word' id='word_1_63' title='bbox 1118 1437 1281 1527; x_wconf 88' lang='lat' dir='ltr'><strong>Ductor,</strong></span> 
     </span>
     <span class='ocr_line' id='line_1_11' title="bbox 192 1566 1283 1668; baseline 0 -25"><span class='ocrx_word' id='word_1_64' title='bbox 192 1583 371 1668; x_wconf 87' lang='lat' dir='ltr'><strong>perpetuo</strong></span> <span class='ocrx_word' id='word_1_65' title='bbox 387 1569 527 1656; x_wconf 86' lang='lat' dir='ltr'><strong>citavit,</strong></span> <span class='ocrx_word' id='word_1_66' title='bbox 549 1566 741 1644; x_wconf 79' lang='lat' dir='ltr'><strong>infeliciter</strong></span> <span class='ocrx_word' id='word_1_67' title='bbox 759 1588 955 1665; x_wconf 86' lang='lat' dir='ltr'><strong>persuasus</strong></span> <span class='ocrx_word' id='word_1_68' title='bbox 982 1588 1065 1642; x_wconf 88' lang='lat' dir='ltr'><strong>eam</strong></span> <span class='ocrx_word' id='word_1_69' title='bbox 1084 1568 1283 1644; x_wconf 85' lang='lat' dir='ltr'><strong>coustitue-</strong></span> 
     </span>
     <span class='ocr_line' id='line_1_12' title="bbox 194 1677 1282 1794; baseline -0.002 -24"><span class='ocrx_word' id='word_1_70' title='bbox 194 1720 233 1772; x_wconf 89' lang='lat' dir='ltr'><strong>re</strong></span> <span class='ocrx_word' id='word_1_71' title='bbox 261 1695 347 1773; x_wconf 85' lang='lat' dir='ltr'><strong>fidei</strong></span> <span class='ocrx_word' id='word_1_72' title='bbox 374 1677 603 1794; x_wconf 83' lang='lat' dir='ltr'><strong>origenianae</strong></span> <span class='ocrx_word' id='word_1_73' title='bbox 631 1715 818 1770; x_wconf 88' lang='lat' dir='ltr'><strong>normam:</strong></span> <span class='ocrx_word' id='word_1_74' title='bbox 856 1693 952 1792; x_wconf 90' lang='lat' dir='ltr'><strong>quod</strong></span> <span class='ocrx_word' id='word_1_75' title='bbox 980 1695 1124 1792; x_wconf 86' lang='lat' dir='ltr'><strong>penitus</strong></span> <span class='ocrx_word' id='word_1_76' title='bbox 1151 1694 1282 1768; x_wconf 84' lang='lat' dir='ltr'><strong>falsum</strong></span> 
     </span>
     <span class='ocr_line' id='line_1_13' title="bbox 195 1837 266 1900; baseline 0.028 -2"><span class='ocrx_word' id='word_1_77' title='bbox 195 1837 266 1900; x_wconf 80' lang='lat' dir='ltr'><strong>est.</strong></span> 
     </span>
    </p>

    <p class='ocr_par' dir='ltr' id='par_1_2' title="bbox 106 1951 1365 4248">
     <span class='ocr_line' id='line_1_14' title="bbox 305 1951 1285 2051; baseline -0.004 -25"><span class='ocrx_word' id='word_1_78' title='bbox 305 1951 431 2051; x_wconf 86' lang='lat' dir='ltr'><strong>ltaque</strong></span> <span class='ocrx_word' id='word_1_79' title='bbox 465 1951 511 2027; x_wconf 92' lang='lat' dir='ltr'><strong>ab</strong></span> <span class='ocrx_word' id='word_1_80' title='bbox 547 1951 605 2026; x_wconf 90' lang='lat' dir='ltr'><strong>his</strong></span> <span class='ocrx_word' id='word_1_81' title='bbox 631 1952 869 2051; x_wconf 78' lang='lat' dir='ltr'><strong>praemissis,</strong></span> <span class='ocrx_word' id='word_1_82' title='bbox 905 1973 988 2026; x_wconf 90' lang='lat' dir='ltr'><strong>cum</strong></span> <span class='ocrx_word' id='word_1_83' title='bbox 1020 1961 1285 2049; x_wconf 88' lang='lat' dir='ltr'><strong>consequenter</strong></span> 
     </span>
     <span class='ocr_line' id='line_1_15' title="bbox 195 2076 1286 2177; baseline -0.002 -25"><span class='ocrx_word' id='word_1_84' title='bbox 195 2079 358 2172; x_wconf 87' lang='lat' dir='ltr'><strong>ejusdem</strong></span> <span class='ocrx_word' id='word_1_85' title='bbox 390 2079 601 2177; x_wconf 84' lang='lat' dir='ltr'><strong>Hieronymi</strong></span> <span class='ocrx_word' id='word_1_86' title='bbox 627 2080 718 2154; x_wconf 91' lang='lat' dir='ltr'><strong>mihi</strong></span> <span class='ocrx_word' id='word_1_87' title='bbox 746 2080 855 2156; x_wconf 87' lang='lat' dir='ltr'><strong>rerba</strong></span> <span class='ocrx_word' id='word_1_88' title='bbox 894 2078 1109 2154; x_wconf 85' lang='lat' dir='ltr'><strong>excutienda</strong></span> <span class='ocrx_word' id='word_1_89' title='bbox 1135 2076 1286 2175; x_wconf 88' lang='lat' dir='ltr'><strong>diligen·</strong></span> 
     </span>
     <span class='ocr_line' id='line_1_16' title="bbox 148 2205 1286 2306; baseline 0 -25"><span class='ocrx_word' id='word_1_90' title='bbox 148 2223 152 2230; x_wconf 83' lang='grc'><strong>’</strong></span> <span class='ocrx_word' id='word_1_91' title='bbox 197 2219 253 2281; x_wconf 88' lang='lat' dir='ltr'><strong>ter</strong></span> <span class='ocrx_word' id='word_1_92' title='bbox 280 2205 367 2293; x_wconf 86' lang='lat' dir='ltr'><strong>sint,</strong></span> <span class='ocrx_word' id='word_1_93' title='bbox 395 2211 543 2306; x_wconf 84' lang='lat' dir='ltr'><strong>ejusque</strong></span> <span class='ocrx_word' id='word_1_94' title='bbox 575 2229 702 2282; x_wconf 87' lang='lat' dir='ltr'><strong>sensus</strong></span> <span class='ocrx_word' id='word_1_95' title='bbox 737 2207 891 2283; x_wconf 91' lang='lat' dir='ltr'><strong>minoris</strong></span> <span class='ocrx_word' id='word_1_96' title='bbox 918 2206 1148 2295; x_wconf 89' lang='lat' dir='ltr'><strong>aestimandi,</strong></span> <span class='ocrx_word' id='word_1_97' title='bbox 1175 2225 1286 2305; x_wconf 88' lang='lat' dir='ltr'><strong>quam</strong></span> 
     </span>
     <span class='ocr_line' id='line_1_17' title="bbox 195 2333 1288 2435; baseline 0.005 -29"><span class='ocrx_word' id='word_1_98' title='bbox 195 2333 383 2430; x_wconf 86' lang='lat' dir='ltr'><strong>hucusque</strong></span> <span class='ocrx_word' id='word_1_99' title='bbox 411 2335 608 2410; x_wconf 79' lang='lat' dir='ltr'><strong>universim</strong></span> <span class='ocrx_word' id='word_1_100' title='bbox 637 2337 755 2411; x_wconf 88' lang='lat' dir='ltr'><strong>risum</strong></span> <span class='ocrx_word' id='word_1_101' title='bbox 783 2336 891 2431; x_wconf 84' lang='lat' dir='ltr'><strong>hujus</strong></span> <span class='ocrx_word' id='word_1_102' title='bbox 910 2337 1133 2435; x_wconf 87' lang='lat' dir='ltr'><strong>quaestionis</strong></span> <span class='ocrx_word' id='word_1_103' title='bbox 1152 2349 1288 2411; x_wconf 89' lang='lat' dir='ltr'><strong>tracta·</strong></span> 
     </span>
     <span class='ocr_line' id='line_1_18' title="bbox 106 2461 1284 2572; baseline 0.003 -38"><span class='ocrx_word' id='word_1_104' title='bbox 106 2559 114 2572; x_wconf 65' lang='lat'><strong>,</strong></span> <span class='ocrx_word' id='word_1_105' title='bbox 195 2461 334 2536; x_wconf 86' lang='lat' dir='ltr'><strong>toribus</strong></span> <span class='ocrx_word' id='word_1_106' title='bbox 361 2474 432 2548; x_wconf 87' lang='lat' dir='ltr'><strong>ast,</strong></span> <span class='ocrx_word' id='word_1_107' title='bbox 460 2464 507 2537; x_wconf 90' lang='lat' dir='ltr'><strong>ab</strong></span> <span class='ocrx_word' id='word_1_108' title='bbox 535 2464 603 2539; x_wconf 89' lang='lat' dir='ltr'><strong>hoc</strong></span> <span class='ocrx_word' id='word_1_109' title='bbox 630 2463 747 2550; x_wconf 85' lang='lat' dir='ltr'><strong>initio,</strong></span> <span class='ocrx_word' id='word_1_110' title='bbox 781 2465 954 2565; x_wconf 88' lang='lat' dir='ltr'><strong>inquam,</strong></span> <span class='ocrx_word' id='word_1_111' title='bbox 977 2465 1284 2563; x_wconf 84' lang='lat' dir='ltr'><strong>praemittendum</strong></span> 
     </span>
     <span class='ocr_line' id='line_1_19' title="bbox 195 2585 1287 2692; baseline 0.003 -29"><span class='ocrx_word' id='word_1_112' title='bbox 195 2588 302 2675; x_wconf 86' lang='lat' dir='ltr'><strong>duco,</strong></span> <span class='ocrx_word' id='word_1_113' title='bbox 328 2612 389 2666; x_wconf 87' lang='lat' dir='ltr'><strong>me</strong></span> <span class='ocrx_word' id='word_1_114' title='bbox 420 2589 631 2692; x_wconf 84' lang='lat' dir='ltr'><strong>Hieronymi</strong></span> <span class='ocrx_word' id='word_1_115' title='bbox 660 2606 700 2669; x_wconf 88' lang='lat' dir='ltr'><strong>et</strong></span> <span class='ocrx_word' id='word_1_116' title='bbox 729 2585 925 2692; x_wconf 87' lang='lat' dir='ltr'><strong>Epiphauii</strong></span> <span class='ocrx_word' id='word_1_117' title='bbox 949 2593 1072 2682; x_wconf 88' lang='lat' dir='ltr'><strong>fldem,</strong></span> <span class='ocrx_word' id='word_1_118' title='bbox 1096 2592 1287 2691; x_wconf 86' lang='lat' dir='ltr'><strong>pietatem,</strong></span> 
     </span>
     <span class='ocr_line' id='line_1_20' title="bbox 194 2719 1289 2807; baseline 0.001 -16"><span class='ocrx_word' id='word_1_119' title='bbox 194 2721 441 2806; x_wconf 86' lang='lat' dir='ltr'><strong>sanctitatem,</strong></span> <span class='ocrx_word' id='word_1_120' title='bbox 466 2741 509 2794; x_wconf 91' lang='lat' dir='ltr'><strong>ac</strong></span> <span class='ocrx_word' id='word_1_121' title='bbox 537 2720 669 2806; x_wconf 85' lang='lat' dir='ltr'><strong>uelum,</strong></span> <span class='ocrx_word' id='word_1_122' title='bbox 689 2735 731 2796; x_wconf 87' lang='lat' dir='ltr'><strong>ut</strong></span> <span class='ocrx_word' id='word_1_123' title='bbox 758 2721 842 2797; x_wconf 89' lang='lat' dir='ltr'><strong>alibi</strong></span> <span class='ocrx_word' id='word_1_124' title='bbox 860 2721 1068 2798; x_wconf 84' lang='lat' dir='ltr'><strong>obtestatus</strong></span> <span class='ocrx_word' id='word_1_125' title='bbox 1096 2743 1192 2807; x_wconf 90' lang='lat' dir='ltr'><strong>sum,</strong></span> <span class='ocrx_word' id='word_1_126' title='bbox 1212 2719 1289 2796; x_wconf 86' lang='lat' dir='ltr'><strong>ral-</strong></span> 
     </span>
     <span class='ocr_line' id='line_1_21' title="bbox 193 2845 1287 2935; baseline 0.005 -17"><span class='ocrx_word' id='word_1_127' title='bbox 193 2845 238 2919; x_wconf 91' lang='lat' dir='ltr'><strong>da</strong></span> <span class='ocrx_word' id='word_1_128' title='bbox 265 2845 390 2920; x_wconf 92' lang='lat' dir='ltr'><strong>mirari</strong></span> <span class='ocrx_word' id='word_1_129' title='bbox 418 2858 458 2922; x_wconf 91' lang='lat' dir='ltr'><strong>et</strong></span> <span class='ocrx_word' id='word_1_130' title='bbox 484 2846 619 2935; x_wconf 90' lang='lat' dir='ltr'><strong>colere,</strong></span> <span class='ocrx_word' id='word_1_131' title='bbox 649 2849 755 2924; x_wconf 87' lang='lat' dir='ltr'><strong>sicuti</strong></span> <span class='ocrx_word' id='word_1_132' title='bbox 777 2847 965 2924; x_wconf 87' lang='lat' dir='ltr'><strong>Catholicu</strong></span> <span class='ocrx_word' id='word_1_133' title='bbox 994 2849 1149 2924; x_wconf 88' lang='lat' dir='ltr'><strong>miratur</strong></span> <span class='ocrx_word' id='word_1_134' title='bbox 1166 2862 1205 2924; x_wconf 88' lang='lat' dir='ltr'><strong>et</strong></span> <span class='ocrx_word' id='word_1_135' title='bbox 1230 2871 1287 2924; x_wconf 85' lang='lat' dir='ltr'><strong>ro·</strong></span> 
     </span>
     <span class='ocr_line' id='line_1_22' title="bbox 195 2970 1285 3076; baseline 0.007 -31"><span class='ocrx_word' id='word_1_136' title='bbox 195 2970 239 3048; x_wconf 92' lang='lat' dir='ltr'><strong>lit</strong></span> <span class='ocrx_word' id='word_1_137' title='bbox 265 2972 443 3051; x_wconf 86' lang='lat' dir='ltr'><strong>Ecclesia.</strong></span> <span class='ocrx_word' id='word_1_138' title='bbox 473 2974 609 3054; x_wconf 86' lang='lat' dir='ltr'><strong>Deinde</strong></span> <span class='ocrx_word' id='word_1_139' title='bbox 638 2999 746 3054; x_wconf 88' lang='lat' dir='ltr'><strong>nemo</strong></span> <span class='ocrx_word' id='word_1_140' title='bbox 765 2977 997 3066; x_wconf 86' lang='lat' dir='ltr'><strong>inficiabitur,</strong></span> <span class='ocrx_word' id='word_1_141' title='bbox 1011 2977 1285 3076; x_wconf 81' lang='lat' dir='ltr'><strong>Hieronymum,</strong></span> 
     </span>
     <span class='ocr_line' id='line_1_23' title="bbox 194 3102 1287 3205; baseline 0.003 -29"><span class='ocrx_word' id='word_1_142' title='bbox 194 3115 237 3177; x_wconf 88' lang='lat' dir='ltr'><strong>ut</strong></span> <span class='ocrx_word' id='word_1_143' title='bbox 264 3102 532 3190; x_wconf 81' lang='lat' dir='ltr'><strong>hominiscst,</strong></span> <span class='ocrx_word' id='word_1_144' title='bbox 571 3105 608 3179; x_wconf 88' lang='lat' dir='ltr'><strong>in</strong></span> <span class='ocrx_word' id='word_1_145' title='bbox 641 3107 853 3205; x_wconf 87' lang='lat' dir='ltr'><strong>quaestione</strong></span> <span class='ocrx_word' id='word_1_146' title='bbox 885 3105 1094 3204; x_wconf 77' lang='lat' dir='ltr'><strong>origeniana</strong></span> <span class='ocrx_word' id='word_1_147' title='bbox 1126 3105 1222 3180; x_wconf 84' lang='lat' dir='ltr'><strong>idest</strong></span> <span class='ocrx_word' id='word_1_148' title='bbox 1249 3105 1287 3178; x_wconf 90' lang='lat' dir='ltr'><strong>in</strong></span> 
     </span>
     <span class='ocr_line' id='line_1_24' title="bbox 193 3228 1287 3332; baseline 0.002 -30"><span class='ocrx_word' id='word_1_149' title='bbox 193 3228 291 3305; x_wconf 86' lang='lat' dir='ltr'><strong>illius</strong></span> <span class='ocrx_word' id='word_1_150' title='bbox 317 3230 419 3306; x_wconf 93' lang='lat' dir='ltr'><strong>libris</strong></span> <span class='ocrx_word' id='word_1_151' title='bbox 438 3233 684 3330; x_wconf 87' lang='lat' dir='ltr'><strong>expendendis</strong></span> <span class='ocrx_word' id='word_1_152' title='bbox 712 3234 828 3332; x_wconf 80' lang='lat' dir='ltr'><strong>decipi</strong></span> <span class='ocrx_word' id='word_1_153' title='bbox 848 3232 1034 3332; x_wconf 86' lang='lat' dir='ltr'><strong>potuisse:</strong></span> <span class='ocrx_word' id='word_1_154' title='bbox 1055 3246 1095 3308; x_wconf 85' lang='lat' dir='ltr'><strong>et</strong></span> <span class='ocrx_word' id='word_1_155' title='bbox 1112 3257 1184 3308; x_wconf 90' lang='lat' dir='ltr'><strong>non</strong></span> <span class='ocrx_word' id='word_1_156' title='bbox 1204 3244 1287 3306; x_wconf 89' lang='lat' dir='ltr'><strong>tau-</strong></span> 
     </span>
     <span class='ocr_line' id='line_1_25' title="bbox 195 3361 1288 3461; baseline 0.001 -29"><span class='ocrx_word' id='word_1_157' title='bbox 195 3368 273 3432; x_wconf 91' lang='lat' dir='ltr'><strong>tum</strong></span> <span class='ocrx_word' id='word_1_158' title='bbox 293 3362 471 3457; x_wconf 84' lang='lat' dir='ltr'><strong>quaedam</strong></span> <span class='ocrx_word' id='word_1_159' title='bbox 491 3362 605 3461; x_wconf 89' lang='lat' dir='ltr'><strong>ipsius</strong></span> <span class='ocrx_word' id='word_1_160' title='bbox 629 3363 724 3438; x_wconf 88' lang='lat' dir='ltr'><strong>dicta</strong></span> <span class='ocrx_word' id='word_1_161' title='bbox 743 3362 1037 3461; x_wconf 78' lang='lat' dir='ltr'><strong>redarguentem,</strong></span> <span class='ocrx_word' id='word_1_162' title='bbox 1058 3385 1150 3460; x_wconf 89' lang='lat' dir='ltr'><strong>quae</strong></span> <span class='ocrx_word' id='word_1_163' title='bbox 1168 3361 1288 3437; x_wconf 89' lang='lat' dir='ltr'><strong>redar-</strong></span> 
     </span>
     <span class='ocr_line' id='line_1_26' title="bbox 194 3481 1288 3591; baseline -0.001 -28"><span class='ocrx_word' id='word_1_164' title='bbox 194 3488 341 3584; x_wconf 87' lang='lat' dir='ltr'><strong>gutione</strong></span> <span class='ocrx_word' id='word_1_165' title='bbox 369 3490 514 3589; x_wconf 84' lang='lat' dir='ltr'><strong>indigua</strong></span> <span class='ocrx_word' id='word_1_166' title='bbox 542 3502 659 3579; x_wconf 89' lang='lat' dir='ltr'><strong>erunt,</strong></span> <span class='ocrx_word' id='word_1_167' title='bbox 684 3506 859 3591; x_wconf 89' lang='lat' dir='ltr'><strong>quantum</strong></span> <span class='ocrx_word' id='word_1_168' title='bbox 889 3493 1006 3589; x_wconf 91' lang='lat' dir='ltr'><strong>primo</strong></span> <span class='ocrx_word' id='word_1_169' title='bbox 1036 3513 1057 3564; x_wconf 94' lang='lat' dir='ltr'><strong>a</strong></span> <span class='ocrx_word' id='word_1_170' title='bbox 1086 3481 1288 3586; x_wconf 84' lang='lat' dir='ltr'><strong>Theophilo</strong></span> 
     </span>
     <span class='ocr_line' id='line_1_27' title="bbox 195 3615 1365 3724; baseline 0 -34"><span class='ocrx_word' id='word_1_171' title='bbox 195 3615 430 3724; x_wconf 80' lang='lat' dir='ltr'><strong>alexandrino</strong></span> <span class='ocrx_word' id='word_1_172' title='bbox 458 3620 654 3696; x_wconf 89' lang='lat' dir='ltr'><strong>admodum</strong></span> <span class='ocrx_word' id='word_1_173' title='bbox 682 3621 826 3697; x_wconf 90' lang='lat' dir='ltr'><strong>illusum</strong></span> <span class='ocrx_word' id='word_1_174' title='bbox 847 3645 942 3703; x_wconf 88' lang='lat' dir='ltr'><strong>esse,</strong></span> <span class='ocrx_word' id='word_1_175' title='bbox 970 3620 1021 3694; x_wconf 87' lang='lat' dir='ltr'><strong>ita</strong></span> <span class='ocrx_word' id='word_1_176' title='bbox 1042 3629 1083 3692; x_wconf 85' lang='lat' dir='ltr'><strong>ut</strong></span> <span class='ocrx_word' id='word_1_177' title='bbox 1109 3629 1288 3694; x_wconf 87' lang='lat' dir='ltr'><strong>retracta·</strong></span> <span class='ocrx_word' id='word_1_178' title='bbox 1361 3645 1365 3650; x_wconf 56' lang='lat'>¹</span> 
     </span>
     <span class='ocr_line' id='line_1_28' title="bbox 195 3747 1288 3858; baseline 0.002 -38"><span class='ocrx_word' id='word_1_179' title='bbox 195 3761 268 3831; x_wconf 87' lang='lat' dir='ltr'><strong>ret,</strong></span> <span class='ocrx_word' id='word_1_180' title='bbox 287 3767 380 3844; x_wconf 91' lang='lat' dir='ltr'><strong>quae</strong></span> <span class='ocrx_word' id='word_1_181' title='bbox 409 3761 517 3824; x_wconf 87' lang='lat' dir='ltr'><strong>antea</strong></span> <span class='ocrx_word' id='word_1_182' title='bbox 536 3749 581 3826; x_wconf 91' lang='lat' dir='ltr'><strong>de</strong></span> <span class='ocrx_word' id='word_1_183' title='bbox 598 3749 754 3858; x_wconf 76' lang='lat' dir='ltr'><strong>Origene</strong></span> <span class='ocrx_word' id='word_1_184' title='bbox 774 3750 1014 3849; x_wconf 63' lang='lat' dir='ltr'><strong>probaveram</strong></span> <span class='ocrx_word' id='word_1_185' title='bbox 1041 3771 1083 3822; x_wconf 88' lang='lat' dir='ltr'><strong>ac</strong></span> <span class='ocrx_word' id='word_1_186' title='bbox 1107 3747 1234 3824; x_wconf 86' lang='lat' dir='ltr'><strong>deinde</strong></span> <span class='ocrx_word' id='word_1_187' title='bbox 1267 3769 1288 3822; x_wconf 91' lang='lat' dir='ltr'><strong>a</strong></span> 
     </span>
     <span class='ocr_line' id='line_1_29' title="bbox 196 3875 1290 3976; baseline 0.001 -28"><span class='ocrx_word' id='word_1_188' title='bbox 196 3875 412 3974; x_wconf 88' lang='lat' dir='ltr'><strong>quibusdam</strong></span> <span class='ocrx_word' id='word_1_189' title='bbox 442 3878 568 3953; x_wconf 89' lang='lat' dir='ltr'><strong>amicis</strong></span> <span class='ocrx_word' id='word_1_190' title='bbox 597 3878 672 3953; x_wconf 86' lang='lat' dir='ltr'><strong>suis</strong></span> <span class='ocrx_word' id='word_1_191' title='bbox 696 3877 741 3953; x_wconf 90' lang='lat' dir='ltr'><strong>de</strong></span> <span class='ocrx_word' id='word_1_192' title='bbox 767 3879 913 3976; x_wconf 87' lang='lat' dir='ltr'><strong>ragione</strong></span> <span class='ocrx_word' id='word_1_193' title='bbox 942 3876 1155 3952; x_wconf 87' lang='lat' dir='ltr'><strong>occidentali</strong></span> <span class='ocrx_word' id='word_1_194' title='bbox 1182 3875 1290 3950; x_wconf 88' lang='lat' dir='ltr'><strong>dece-</strong></span> 
     </span>
     <span class='ocr_line' id='line_1_30' title="bbox 197 3996 1291 4104; baseline -0.003 -25"><span class='ocrx_word' id='word_1_195' title='bbox 197 4015 316 4102; x_wconf 89' lang='lat' dir='ltr'><strong>ptum.</strong></span> <span class='ocrx_word' id='word_1_196' title='bbox 332 4003 401 4096; x_wconf 87' lang='lat' dir='ltr'><strong>Qui</strong></span> <span class='ocrx_word' id='word_1_197' title='bbox 421 4029 507 4080; x_wconf 85' lang='lat' dir='ltr'><strong>suaa</strong></span> <span class='ocrx_word' id='word_1_198' title='bbox 522 4018 645 4104; x_wconf 90' lang='lat' dir='ltr'><strong>partes</strong></span> <span class='ocrx_word' id='word_1_199' title='bbox 664 4006 917 4104; x_wconf 84' lang='lat' dir='ltr'><strong>suscipientes,</strong></span> <span class='ocrx_word' id='word_1_200' title='bbox 937 4004 974 4078; x_wconf 91' lang='lat' dir='ltr'><strong>in</strong></span> <span class='ocrx_word' id='word_1_201' title='bbox 986 3996 1171 4086; x_wconf 79' lang='lat' dir='ltr'><strong>llullinum</strong></span> <span class='ocrx_word' id='word_1_202' title='bbox 1191 4025 1291 4078; x_wconf 88' lang='lat' dir='ltr'><strong>suos·</strong></span> 
     </span>
     <span class='ocr_line' id='line_1_31' title="bbox 192 4130 1287 4236; baseline -0.006 -26"><span class='ocrx_word' id='word_1_203' title='bbox 192 4154 264 4231; x_wconf 88' lang='lat' dir='ltr'><strong>que</strong></span> <span class='ocrx_word' id='word_1_204' title='bbox 300 4136 491 4234; x_wconf 87' lang='lat' dir='ltr'><strong>partiarios</strong></span> <span class='ocrx_word' id='word_1_205' title='bbox 518 4133 620 4236; x_wconf 89' lang='lat' dir='ltr'><strong>plura</strong></span> <span class='ocrx_word' id='word_1_206' title='bbox 654 4135 848 4234; x_wconf 80' lang='lat' dir='ltr'><strong>commenti</strong></span> <span class='ocrx_word' id='word_1_207' title='bbox 883 4145 991 4222; x_wconf 87' lang='lat' dir='ltr'><strong>sunt,</strong></span> <span class='ocrx_word' id='word_1_208' title='bbox 1026 4163 1071 4220; x_wconf 88' lang='lat' dir='ltr'><strong>au</strong></span> <span class='ocrx_word' id='word_1_209' title='bbox 1101 4137 1137 4212; x_wconf 92' lang='lat' dir='ltr'><strong>in</strong></span> <span class='ocrx_word' id='word_1_210' title='bbox 1157 4130 1287 4210; x_wconf 87' lang='lat' dir='ltr'><strong>Orien-</strong></span> 
     </span>
    </p>
   </div>
   <div class='ocr_carea' id='block_1_2' title="bbox 0 0 1602 4946">
    <p class='ocr_par' dir='ltr' id='par_1_3' title="bbox 0 0 1602 4946">
     <span class='ocr_line' id='line_1_32' title="bbox 0 0 1602 4946; baseline 0 0"><span class='ocrx_word' id='word_1_211' title='bbox 0 0 1602 4946; x_wconf 95' lang='lat' dir='ltr'><strong> </strong></span> 
     </span>
    </p>
   </div>
  </div>
 </body>
</html>
