2994 4938
357 403 403 452 xn

462 503 598 590 Primo,
631 503 838 581 omnimode
867 504 1097 597 rejiciendam
1123 527 1204 581 esse
1236 503 1423 582 Cabassutii

299 653 302 658 ’
355 633 561 728 opinionem
590 632 626 706 in
648 631 825 710 Historiae
846 629 996 732 Spnopsi
1028 632 1209 710 Ecclesiae
1235 629 1354 710 Seculi
1375 635 1420 710 l'l.

357 760 417 834 ubi
446 759 489 834 dc
517 759 677 838 Concilio
707 759 749 834 V.
778 762 852 837 ait:
877 787 894 832 a
920 758 991 836 Sed
1027 761 1265 837 certatoribus
1292 765 1426 838 haeren-

353 891 410 978 ,cis¹
442 889 648 966 auscultans
684 886 921 972 lastinianus,
954 885 1153 966 Concilium
1180 894 1425 966 oecumenicum

283 1103 285 1108 ,
355 1018 467 1114 coepit
486 1014 812 1124 ¹(lanstautinapoli,
846 1041 918 1092 non
953 1017 1068 1094 solum
1096 1016 1278 1094 Ecclesiae
1306 1019 1425 1103 inutile,

355 1143 418 1219 sed
446 1146 553 1218 etiam
581 1145 837 1254 perniciosum,
865 1161 904 1220 nt
918 1193 921 1198 -
935 1147 1080 1246 effeetus
1112 1147 1371 1245 comprobatum
1390 1151 1426 1220 si·

355 1272 461 1372 lique
480 1275 690 1350 renitentem
714 1270 881 1372 Viqilium
901 1272 1109 1374 Pontificem
1137 1278 1175 1350 in
1202 1275 1347 1350 vinculo
1362 1299 1427 1350 con·

350 1402 467 1500 jecit:
487 1401 667 1486 eumdem,
699 1401 832 1502 nequid
864 1402 1020 1478 deterius
1043 1405 1225 1478 occasione
1252 1427 1338 1478 snae
1359 1406 1430 1476 resi-

355 1529 506 1604 stentiae
541 1526 770 1606 lustiniauus
801 1529 999 1614 moliretur,
1024 1531 1217 1630 approbare
1249 1529 1428 1606 Concilium

355 1655 538 1754 compulit,
570 1641 721 1732 dissidia
739 1645 971 1744 'renovondm
1004 1681 1096 1758 quae
1115 1658 1356 1759 jampridem
1379 1681 1428 1732 cu·

356 1801 493 1860 ctcrnm
516 1786 738 1884 poenitentia
766 1788 1021 1883 coresopiuerat.
1045 1811 1062 1856 a

355 1973 358 1982 .
467 1911 646 2001 Secundo,
665 1907 851 2012 praeclare
886 1926 1050 1999 eruatur,
1062 1909 1064 1916 ’
1077 1937 1170 2012 quac
1189 1914 1372 2012 hucusque
1387 1915 1429 1985 in·

358 2041 493 2140 scripta
521 2055 607 2130 sunt
637 2027 842 2119 lastiniano
877 2055 956 2117 tum
984 2044 1078 2118 circa
1112 2045 1303 2138 exordium
1335 2063 1426 2140 quae·

356 2170 487 2246 ationis
515 2171 626 2248 trium
654 2170 921 2269 Capitnlornm,
949 2185 1027 2247 tam
1052 2174 1147 2246 circa
1173 2172 1377 2246 violentiam
1397 2169 1422 2240 in

360 2294 530 2393 vigilium
553 2297 691 2399 Papam
712 2312 749 2374 et
768 2299 959 2397 episcopos
977 2303 1173 2397 patratam,
1196 2315 1236 2374 ut
1254 2299 1301 2374 ab
1319 2299 1368 2373 eis
1383 2317 1427 2370 er·

319 2479 321 2484 .
359 2440 548 2523 torqueret
566 2449 693 2503 eorum
712 2427 963 2526 capitulorum
982 2426 1266 2513 damnationem,
1282 2443 1356 2502 tum
1374 2425 1427 2498 cir·

359 2577 403 2630 ca
436 2555 622 2664 haeresim
657 2554 1000 2656 Incorruptililinm,
1025 2557 1060 2631 in
1093 2579 1203 2655 qnam
1234 2555 1363 2631 dicitur
1388 2553 1428 2625 la·

361 2707 463 2780 psus,
493 2684 584 2760 haec
611 2685 765 2760 omnino
792 2683 952 2759 salsitate
980 2684 1156 2762 laborare.

473 2809 612 2897 Tertio,
633 2813 668 2886 in
688 2811 856 2888 omnibus
876 2813 962 2885 item
982 2812 1131 2909 precedet
1149 2810 1339 2886 falsissima
1354 2805 1427 2880 tao

366 2939 425 3014 hei
454 2941 633 3016 sententia
653 2941 697 3016 de
716 2938 876 3015 Historia
894 2939 1045 3015 Concilii
1066 2939 1107 3014 V.
1128 2940 1337 3016 asserentis:
1360 2933 1427 3006 at·

365 3085 460 3142 ctum
488 3082 539 3144 est
556 3071 686 3144 etiam.
701 3071 740 3143 in
766 3071 834 3144 leae
863 3065 1005 3167 Spuado
1045 3067 1089 3142 ele
1116 3069 1290 3144 erroribus
1320 3065 1426 3162 Oripe·

336 3257 337 3262 ,
366 3200 435 3292 nis,
465 3197 612 3296 Didymi
645 3213 681 3272 et
709 3196 882 3296 llaapre'i3
899 3197 1067 3296 lectisque
1094 3195 1256 3291 llulapii,
1287 3193 1426 3272 Cononis,

369 3321 525 3422 (lysiaci,
558 3339 592 3400 et
622 3325 808 3400 Pancratii
836 3327 1088 3400 monachorum
1107 3323 1246 3409 libellis,
1274 3345 1353 3422 quos
1375 3317 1428 3416 ipn'

367 3469 490 3527 contro
516 3456 736 3552 impietatem
766 3451 928 3551 Oripcnis
953 3452 1094 3552 Synodo
1122 3451 1339 3526 obtulerant:
1361 3471 1428 3546 pro·

367 3584 519 3682 lotisque
552 3584 592 3656 in
628 3584 785 3657 medium
818 3585 971 3681 scriptis,
1008 3604 1099 3680 quae
1130 3579 1298 3654 adversus
1325 3575 1428 3670 Orine-

367 3735 447 3787 aem
473 3735 495 3784 a
519 3709 722 3788 lusciniaco
747 3713 856 3797 edita,
882 3729 915 3786 et
940 3737 961 3784 a
988 3707 1113 3808 Vipilio
1139 3707 1242 3807 Papa
1269 3706 1427 3803 confirma

367 3855 406 3913 ta
432 3855 548 3923 erunt,
577 3863 695 3914 omncs
719 3838 846 3914 Patres
875 3865 944 3916 ano
964 3863 1023 3914 cre
1044 3837 1207 3937 Oripenip
1239 3857 1362 3911 errores
1382 3827 1427 3901 dn·

327 4033 329 4039 Α
368 3983 549 4054 mnarum,
577 3967 722 4066 ejusque
754 3969 971 4067 impietatem
999 3967 1178 4043 communi
1203 3963 1361 4065 suffrapio
1384 3955 1426 4029 de·

370 4100 489 4174 testati
517 4113 612 4174 sceret.
