3138 4950
1198 385 1284 479 en

602 507 743 582 cuent
762 509 803 578 X.

134 713 212 782 Item
226 712 433 798 amplissimis
447 715 643 798 aryumentis
661 712 870 797 interpolatio
885 711 1070 782 cottutom's
1086 712 1182 798 auin·

173 830 222 884 tae
235 815 356 900 Sunodi
377 816 407 882 V.
423 829 451 882 et
473 817 550 882 ninc
569 815 709 884 nominis
731 814 877 900 Oriaenie
889 814 1031 882 intrusio
1044 835 1182 900 mmpra-

172 920 304 998 bantur,
317 921 355 984 in
376 919 628 986 discussionibus
641 917 858 1001 episcoporum
876 921 913 985 dc
927 917 1093 984 haereticis
1110 928 1181 1002 post

173 1033 302 1088 mortam
315 1023 528 1090 damnandis:
551 1021 641 1088 nocis
657 1021 777 1088 additis
795 1021 922 1104 Psiaaii
942 1019 970 1088 1.
989 1019 1116 1105 tessun
1130 1021 1177 1088 tt.
1207 1062 1212 1074 ·
1234 1057 1237 1064 ·

176 1103 291 1192 de'ise
311 1144 345 1191 re
364 1125 554 1192 testimoniis
591 1167 1063 1189 ..........
1105 1140 1177 1208 [seg.
1217 1119 1260 1188 86

591 1325 731 1396 CAPUT
753 1325 810 1392 xt.

136 1532 334 1615 Araumento
346 1529 607 1597 adocrsariorum
627 1529 799 1596 diluuntur
823 1550 862 1592 coc
882 1530 963 1595 actis
984 1529 1181 1612 Sunodorum

175 1645 288 1713 ecaton,
303 1636 452 1718 septimae
473 1645 501 1700 st
514 1645 641 1700 octavae
660 1632 801 1714 repetito,
817 1633 931 1717 quibus
951 1645 1181 1712 contestantur,

177 1739 214 1801 in
239 1736 377 1804 concino
396 1735 506 1821 quinta
526 1756 594 1804 una
613 1755 684 1802 oum
704 1732 805 1800 tribus
823 1732 982 1817 Capitulis
1001 1739 1182 1804 anatliema·

177 1835 291 1904 tisatos
311 1857 374 1906 sset
397 1837 579 1922 Oriacnem,
594 1833 772 1918 anarium
793 1845 822 1900 et
845 1835 1014 1918 didymum
1060 1883 1068 1918 e
1113 1879 1122 1900 .
1162 1857 1179 1896 s
1219 1833 1261 1904 96

572 2039 713 2134 curun
734 2039 808 2108 xu.

139 2243 302 2309 Aceurata
320 2241 503 2309 instituitur
516 2242 655 2308 reconsio
674 2243 835 2326 Epistulae
855 2241 920 2307 siae
937 2239 1103 2308 Tractatus
1123 2246 1180 2307 ad-

182 2366 290 2412 versus
310 2345 511 2427 oriaenistoe,
536 2345 722 2412 Iustiniana
742 2345 890 2429 inscripti
915 2367 939 2410 a
964 2345 1062 2410 trium
1088 2344 1180 2428 Capi·

180 2452 320 2513 tutorum
343 2447 654 2532 propuynatoriius:
686 2467 764 2513 num
784 2447 902 2512 scilicet
919 2447 1080 2528 parduna
1104 2446 1181 2512 Tra·

182 2561 299 2616 centnm
318 2552 353 2615 in
369 2550 494 2632 Sunado
516 2550 546 2615 t’.
570 2571 624 2615 scu
645 2561 753 2630 antea,
770 2549 958 2616 aPatsibus
978 2561 1005 2614 et
1017 2572 1039 2614 a
1065 2549 1179 2632 Viaiiio
1327 2635 1330 2642 .

182 2650 275 2734 Papa
295 2655 462 2719 damnatus
483 2651 526 2717 sit
548 2652 699 2735 Oriqenes
741 2700 748 2715 .
792 2699 800 2717 .
847 2699 854 2716 .
899 2699 906 2715 .
953 2698 967 2714 .,
1004 2699 1011 2714 .
1055 2699 1064 2716 .
1106 2700 1114 2718 .
1159 2651 1258 2727 »111

568 2853 708 2922 CAPUT
729 2853 819 2921 xm.

141 3055 249 3139 Perait
270 3054 426 3119 discueiio
446 3075 546 3137 supra
564 3060 742 3139 praefatam
763 3055 938 3137 Epietoiam
964 3059 1115 3122 adocrsuc
1139 3058 1179 3122 0·

43 3193 45 3196 -
179 3160 329 3238 riycnem,
361 3158 476 3238 quanti
495 3157 647 3222 nimirum
667 3158 816 3238 socienda
844 3157 895 3220 sit·
916 3156 1018 3238 ipsius
1038 3159 1177 3224 auetori-

179 3272 244 3337 tac,
265 3275 295 3327 et
314 3279 375 3344 quo
396 3269 528 3342 tempore
546 3259 740 3324 concinnato
760 3259 823 3336 sit‚·
844 3258 946 3324 uariis
966 3259 1034 3324 ideo
1055 3261 1179 3326 collatis

179 3367 216 3427 de
229 3365 334 3428 eadcm
347 3363 546 3437 testimoniis,
568 3363 680 3445 quibus
696 3367 798 3447 mauis
813 3367 942 3448 patefiet
954 3363 1040 3429 inter
1059 3365 1179 3446 scripta

178 3467 358 3548 apocrypha
376 3467 461 3530 nanc
480 3467 696 3531 mandandam
721 3485 797 3544 csse,
820 3467 968 3550 nulloque
982 3465 1057 3548 jure
1076 3464 1177 3530 dussi-

180 3567 279 3632 otono
299 3566 534 3634 inscribendam
536 3611 1119 3632 ............
1160 3591 1177 3632 u
1200 3565 1261 3638 128

593 3767 733 3834 cuent
757 3767 845 3835 xiv.

141 3975 291 4042 Facundi
323 3975 552 4041 hermianensis
579 3971 803 4056 [cruentissimi
831 3973 930 4038 trium
963 3952 1208 4059 capitulorum·

181 4077 320 4143 vindicis
348 4087 378 4142 et
399 4075 548 4158 Oriqene's
580 4077 688 4174 noetis,
718 4075 855 4157 scripto,
885 4074 994 4158 i's'qt'iii
1026 4079 1132 4160 Papae
1154 4087 1185 4141 et

183 4180 319 4245 Patrum
339 4178 543 4260 synodalium
563 4187 747 4258 conseparata
767 4177 895 4243 statutis
916 4178 952 4242 in
965 4181 1182 4262 praefatorum

187 4277 410 4361 Capituiarnm
422 4275 636 4344 damnationc:
654 4279 738 4345 unde
758 4276 855 4346 unius
876 4277 956 4344 idest
969 4277 1116 4345 Facundi
1134 4299 1182 4344 cr·
