3138 4950
1201 395 1263 466 379

7 535 14 547 -ν
147 497 256 580 (unde
277 497 468 580 etamplius
490 503 636 562 nostrum
657 497 814 564 adversas
835 515 910 564 enm
942 497 1094 565 firmatur
1114 500 1261 581 proposi·

12 648 15 658 .
147 602 241 678 tum)
269 599 438 681 inquiens:
460 599 651 667 «Ceteram
671 616 713 664 ex
733 599 784 676 iia,
817 617 901 682 qnae
922 599 1124 666 lastinianus
1155 606 1255 682 atque

5 725 7 728 ·
144 699 316 767 Theodora
338 708 512 776 uocarunt,
534 701 614 765 baec
645 701 741 765 etiam
762 709 839 767 sant
853 745 964 764 .....
982 699 1106 765 Veram
1129 717 1204 767 cum
1225 702 1258 764 in

3 842 8 858 ι
142 811 320 884 conspecta
334 803 505 868 iustiniani
521 810 555 867 et
568 801 760 868 Tbeodorae
775 805 922 867 venirent
937 809 1006 868 tum
1021 802 1090 879 aiii,
1107 810 1176 869 tam
1197 807 1254 885 qni

10 927 16 949 ·
145 904 304 982 patriciae
323 903 485 982 dignitatis
506 912 625 979 essent,
646 903 753 966 atatim
776 904 808 964 iu
829 902 1201 981 iacieprocumbebaut,
1224 919 1263 974 ac

1 1048 5 1065 .
144 1005 292 1068 manibus
307 1004 508 1084 pedibusque
529 1004 625 1068 tensis
648 1011 830 1084 atramque
853 1001 1009 1085 Principis
1030 1003 1143 1083 pedem
1165 1021 1259 1068 osca·

143 1106 176 1166 to
198 1105 492 1186 prosequebantnr,
515 1122 554 1169 ac
575 1117 643 1170 tnm
664 1105 888 1170 abscedebant.
910 1102 1027 1185 Neque
1050 1104 1136 1168 bnnc
1157 1105 1259 1168 bono·

143 1222 213 1268 rem
235 1207 359 1285 respuit
377 1204 563 1280 Theodora,
586 1213 723 1286 quaeat
744 1220 913 1285 persarum
934 1211 967 1267 et
988 1203 1129 1267 aliorum
1148 1203 1263 1266 barba·

145 1323 261 1370 rernm
275 1307 398 1388 lagatos
414 1308 514 1389 (quod
535 1324 701 1388 nunquam
721 1314 794 1387 post
814 1305 982 1370 bominum
998 1305 1256 1369 recordationem

0 1458 1 1463 ,
146 1412 342 1485 usurpatum
357 1405 417 1484 est)
438 1408 636 1483 admitteret,
653 1409 764 1488 eisque
779 1407 881 1470 lautia
896 1406 1081 1486 praeberet,
1105 1413 1258 1486 tanquam

5 1571 6 1574 ,
144 1523 241 1586 penes
262 1507 351 1570 iliam
374 1509 500 1587 imperii
523 1511 648 1571 romani
669 1516 753 1572 esset
771 1525 912 1572 samma.
1002 1551 1032 1570 ..
1052 1505 1094 1568 dt
1115 1505 1262 1586 quisquis

0 1676 4 1679 ,
144 1625 222 1671 cam
244 1611 360 1673 borum
382 1610 547 1676 atterutro
578 1616 794 1688 angustorum
817 1625 981 1673 sermones
1014 1609 1177 1684 misceret,
1201 1604 1263 1670 im·
1303 1649 1306 1654 -

147 1717 335 1789 potatorem
348 1718 406 1774 ant
419 1707 663 1790 Imperatricem
685 1727 747 1773 nan
763 1709 931 1773 dominnm
953 1708 1183 1790 dominamque
1204 1725 1260 1771 no·

2 1849 11 1894 4
148 1809 311 1900 minasset,
331 1825 370 1872 ac
385 1811 544 1891 principes
565 1810 674 1874 dicere
687 1827 801 1874 seruos
821 1808 1039 1887 abstinuisset,
1054 1809 1081 1872 is
1106 1825 1182 1872 rere
1203 1825 1259 1872 ru·

3 1971 5 1974 ,
145 1910 219 1972 dior
232 1926 271 1972 ac
285 1927 408 1990 procax
428 1912 622 1988 babebatar,
639 1920 670 1976 et
686 1913 780 1992 qnasi
803 1910 987 1976 foedissime
999 1911 1123 1991 lapsas,
1140 1916 1172 1974 ct
1186 1909 1259 1990 qni·

6 2057 11 2095 z
147 2011 208 2074 bus
230 2011 316 2075 baud
338 2030 407 2076 esse
428 2013 522 2077 illum
544 2014 688 2090 deceret,
711 2014 850 2095 injnrins
872 2011 1109 2093 abigebatur.»
1148 2051 1150 2058 ,

225 2109 382 2177 Nicotaus
403 2113 601 2178 alemannus
627 2114 659 2178 in
680 2116 763 2179 uotis
784 2113 929 2196 ejusdem
950 2114 1065 2195 capitis
1094 2113 1171 2194 jure
1193 2129 1260 2176 me·

1 2270 8 2293 ,
147 2213 277 2294 riteque
303 2213 452 2295 Procopii
479 2217 565 2280 dicta
586 2217 785 2292 confutarit,
808 2215 847 2279 dc
877 2215 977 2296 bajas
1000 2214 1132 2279 honoris
1162 2231 1260 2280 causa

146 2313 329 2380 disserebas
349 2316 432 2380 «ab
453 2317 693 2396 ecclesiasticis,
715 2317 842 2396 scribit,
864 2317 949 2381 idam
969 2325 1136 2382 serratum
1157 2322 1262 2380 caten·

148 2415 227 2480 dere
249 2417 402 2483 ridentur
422 2420 649 2502 episcoporum
670 2428 703 2484 et
733 2420 968 2484 monachornm
988 2419 1120 2482 litterae
1141 2415 1179 2480 ad
1201 2415 1262 2480 Ju-

145 2518 329 2584 stiniaaum.
362 2519 413 2586 Ex
435 2538 465 2603 q.
489 2522 529 2586 de
557 2520 832 2604 agapetarum:
864 2509 1128 2602 acchiepiscopus
1147 2517 1259 2582 octaris

143 2613 261 2682 Romae
275 2619 449 2701 Apapctus,
467 2623 525 2702 qui
537 2622 581 2684 ad
598 2618 726 2700 piorum
739 2630 912 2686 castrorum
924 2622 1037 2704 pedum
1052 2619 1189 2700 crstipia
1201 2618 1259 2682 ad·

145 2717 262 2784 missua
274 2730 329 2786 cst.
354 2721 435 2787 item
457 2724 604 2786 monacbi
624 2723 664 2786 ad
686 2723 839 2788 eumdem
858 2723 1054 2804 loquuntur:
1068 2718 1134 2801 piis
1147 2721 1258 2784 amtris

143 2821 284 2903 mctipiia
298 2822 558 2904 supplicavimus.
584 2824 683 2888 itemc
699 2823 799 2888 simui
818 2842 890 2888 aum
911 2821 1000 2888 uobis
1010 2821 1199 2904 presbyteris
1218 2823 1262 2888 ad

143 2921 276 3004 oestipia
291 2924 435 3006 piissimi
456 2923 663 3004 Imperatoris
683 2943 860 2990 accurrere.
878 2925 929 2988 Ab
949 2926 1176 2990 ecclesiasticis
1198 2925 1260 2990 bna

144 3025 294 3106 obsequii
315 3043 415 3106 genus
437 3029 565 3092 minime
588 3027 798 3108 requisivisse
817 3025 1036 3091 lastinianum
1067 3027 1174 3107 palem
1197 3035 1256 3088 est.

145 3123 288 3191 immoa
319 3129 511 3210 patriarcbis
532 3131 563 3192 in
584 3132 744 3216 ingressa,
776 3129 986 3208 discasanne
1018 3127 1162 3190 benedici
1184 3143 1259 3188 cou-

142 3230 287 3292 snerisae
309 3227 514 3294 innocentius
535 3227 746 3293 Maronianus
776 3229 848 3310 ejas
869 3229 1023 3308 temporis
1050 3229 1194 3308 scriptor
1213 3231 1259 3290 te·

143 3334 252 3392 atatnr
266 3332 299 3394 in
312 3331 447 3413 epistola
469 3330 508 3394 ad
526 3328 737 3394 Thematemc
760 3327 933 3393 Piissimus
952 3337 1046 3408 atque
1060 3335 1186 3391 amator
1199 3325 1260 3390 Dei

144 3427 322 3509 Imperator
339 3440 455 3508 umtcr,
476 3430 629 3496 accersito
641 3429 840 3494 samasmmo
857 3428 1043 3510 patriarcba
1063 3426 1258 3509 Epiphanio,

138 3531 301 3611 praecepit
326 3549 383 3596 aas
409 3531 537 3613 iaprsdi
557 3549 628 3596 cum
657 3531 737 3613 ipsa,
760 3543 789 3596 ct
813 3539 979 3613 postquam
1008 3532 1132 3594 locutus
1151 3538 1197 3592 est
1215 3529 1256 3602 ci,

143 3649 224 3712 quaa
246 3629 330 3696 Deus
360 3630 414 3696 ilii
433 3632 619 3716 inspirarit,
650 3633 755 3714 ipsura
775 3632 901 3714 quidem
932 3631 1067 3710 dimisit,
1089 3631 1259 3694 secuudum

142 3749 260 3796 maram
279 3731 422 3798 oratioue
440 3736 528 3816 sacta
544 3753 606 3816 pro
626 3734 693 3817 ejus
709 3733 835 3814 pictate.
848 3731 881 3796 st
903 3733 965 3798 boc
985 3739 1046 3809 est,
1068 3736 1126 3812 qut
1147 3731 1259 3794 crede·

144 3851 182 3896 re
202 3835 326 3914 praecis
346 3853 531 3917 passumus,
547 3836 729 3918 bqapetam
750 3850 921 3899 romanum
934 3833 1107 3899 iustiniani
1125 3830 1255 3911 vestigia
1308 3873 1311 3879 s

145 3943 337 4000 veneratum
357 3936 468 4014 inisse,
491 3953 566 4000 cnm
589 3937 628 4000 ad
644 3953 732 4012 eum,
750 3933 854 4000 Patris
875 3934 1061 4018 praeiacens
1081 3934 1258 3997 auctorita·

144 4043 225 4113 tem,
246 4035 476 4103 accesseritis
493 4037 646 4105 Ceteram
662 4037 790 4103 nnllam
806 4042 854 4101 est
874 4035 1023 4113 dubium,
1047 4033 1256 4113 Procopium,

143 4151 220 4198 cnm
243 4136 318 4200 tatia
349 4137 470 4203 scribat
498 4137 671 4202 iustiniani
700 4136 811 4201 decori
838 4134 1039 4200 obtrectandi
1061 4150 1171 4209 cansa,
1194 4130 1253 4193 nisi

146 4236 281 4314 matitia,
302 4237 416 4303 saltem
439 4239 529 4319 grati
550 4238 702 4303 tabcrnre
732 4238 925 4317 ignorantia,
947 4235 1088 4302 Orientis
1110 4241 1142 4298 ct
1163 4249 1257 4313 prae·
