<?xml version="1.0" encoding="UTF-8"?>
<!DOCTYPE html PUBLIC "-//W3C//DTD XHTML 1.0 Transitional//EN"
    "http://www.w3.org/TR/xhtml1/DTD/xhtml1-transitional.dtd">
<html xmlns="http://www.w3.org/1999/xhtml" xml:lang="en" lang="en">
 <head>
  <title>
</title>
<meta http-equiv="Content-Type" content="text/html;charset=utf-8" />
  <meta name='ocr-system' content='tesseract 3.04.00' />
  <meta name='ocr-capabilities' content='ocr_page ocr_carea ocr_par ocr_line ocrx_word'/>
</head>
<body>
  <div class='ocr_page' id='page_1' title='image "./insgregoriinyss01vincgoog/insgregoriinyss01vincgoog_0727.png"; bbox 0 0 3138 4950; ppageno 0'>
   <div class='ocr_carea' id='block_1_1' title="bbox 325 379 1451 562">
    <p class='ocr_par' dir='ltr' id='par_1_1' title="bbox 325 379 1451 562">
     <span class='ocr_line' id='line_1_1' title="bbox 325 379 1451 562; baseline -0.004 -14"><span class='ocrx_word' id='word_1_1' title='bbox 325 379 520 548; x_wconf 46' lang='lat' dir='ltr'><strong>martene</strong></span> <span class='ocrx_word' id='word_1_2' title='bbox 541 482 626 544; x_wconf 91' lang='lat' dir='ltr'><strong>enim</strong></span> <span class='ocrx_word' id='word_1_3' title='bbox 646 487 681 545; x_wconf 88' lang='lat' dir='ltr'><strong>et</strong></span> <span class='ocrx_word' id='word_1_4' title='bbox 701 481 874 562; x_wconf 76' lang='lat' dir='ltr'><strong>gsjaditse,</strong></span> <span class='ocrx_word' id='word_1_5' title='bbox 891 477 1010 562; x_wconf 87' lang='lat' dir='ltr'><strong>quibas</strong></span> <span class='ocrx_word' id='word_1_6' title='bbox 1032 495 1166 544; x_wconf 88' lang='lat' dir='ltr'><strong>consors</strong></span> <span class='ocrx_word' id='word_1_7' title='bbox 1185 479 1357 545; x_wconf 71' lang='lat' dir='ltr'>dicebatur</span> <span class='ocrx_word' id='word_1_8' title='bbox 1377 478 1451 544; x_wconf 90' lang='lat' dir='ltr'><strong>lm·</strong></span> 
     </span>
    </p>
   </div>
   <div class='ocr_carea' id='block_1_2' title="bbox 323 581 1451 764">
    <p class='ocr_par' dir='ltr' id='par_1_2' title="bbox 323 581 1451 764">
     <span class='ocr_line' id='line_1_2' title="bbox 324 581 1450 664; baseline -0.003 -16"><span class='ocrx_word' id='word_1_9' title='bbox 324 592 473 664; x_wconf 90' lang='lat' dir='ltr'><strong>perator,</strong></span> <span class='ocrx_word' id='word_1_10' title='bbox 494 582 654 647; x_wconf 88' lang='lat' dir='ltr'><strong>docebant</strong></span> <span class='ocrx_word' id='word_1_11' title='bbox 684 581 804 649; x_wconf 82' lang='lat' dir='ltr'><strong>Christi</strong></span> <span class='ocrx_word' id='word_1_12' title='bbox 827 599 947 663; x_wconf 87' lang='lat' dir='ltr'><strong>corpus</strong></span> <span class='ocrx_word' id='word_1_13' title='bbox 979 583 1112 646; x_wconf 87' lang='lat' dir='ltr'><strong>eooelo</strong></span> <span class='ocrx_word' id='word_1_14' title='bbox 1139 581 1322 662; x_wconf 87' lang='lat' dir='ltr'><strong>delapsum,</strong></span> <span class='ocrx_word' id='word_1_15' title='bbox 1343 589 1377 645; x_wconf 93' lang='lat' dir='ltr'><strong>et</strong></span> <span class='ocrx_word' id='word_1_16' title='bbox 1392 582 1450 646; x_wconf 86' lang='lat' dir='ltr'><strong>ob</strong></span> 
     </span>
     <span class='ocr_line' id='line_1_3' title="bbox 323 680 1451 764; baseline -0.004 -14"><span class='ocrx_word' id='word_1_17' title='bbox 323 685 477 750; x_wconf 90' lang='lat' dir='ltr'><strong>unionem</strong></span> <span class='ocrx_word' id='word_1_18' title='bbox 494 701 569 748; x_wconf 91' lang='lat' dir='ltr'><strong>cum</strong></span> <span class='ocrx_word' id='word_1_19' title='bbox 586 680 696 748; x_wconf 84' lang='lat' dir='ltr'><strong>Verbo</strong></span> <span class='ocrx_word' id='word_1_20' title='bbox 715 681 773 746; x_wconf 79' lang='lat' dir='ltr'><strong>liei</strong></span> <span class='ocrx_word' id='word_1_21' title='bbox 789 684 1020 764; x_wconf 88' lang='lat' dir='ltr'><strong>incorruptum·</strong></span> <span class='ocrx_word' id='word_1_22' title='bbox 1038 685 1200 748; x_wconf 84' lang='lat' dir='ltr'><strong>mansisse.</strong></span> <span class='ocrx_word' id='word_1_23' title='bbox 1220 681 1451 760; x_wconf 73' lang='lat' dir='ltr'><strong>Quamobrem</strong></span> 
     </span>
    </p>
   </div>
   <div class='ocr_carea' id='block_1_3' title="bbox 322 782 1562 866">
    <p class='ocr_par' dir='ltr' id='par_1_3' title="bbox 322 782 1562 866">
     <span class='ocr_line' id='line_1_4' title="bbox 322 782 1562 866; baseline -0.004 -15"><span class='ocrx_word' id='word_1_24' title='bbox 322 783 471 851; x_wconf 81' lang='lat' dir='ltr'><strong>Nicetins</strong></span> <span class='ocrx_word' id='word_1_25' title='bbox 500 801 565 849; x_wconf 90' lang='lat' dir='ltr'><strong>nou</strong></span> <span class='ocrx_word' id='word_1_26' title='bbox 587 791 721 866; x_wconf 90' lang='lat' dir='ltr'><strong>peterat</strong></span> <span class='ocrx_word' id='word_1_27' title='bbox 739 782 917 850; x_wconf 81' lang='lat' dir='ltr'><strong>iustiniani</strong></span> <span class='ocrx_word' id='word_1_28' title='bbox 949 785 1118 864; x_wconf 76' lang='lat' dir='ltr'><strong>corripere</strong></span> <span class='ocrx_word' id='word_1_29' title='bbox 1146 785 1343 865; x_wconf 86' lang='lat' dir='ltr'><strong>impietatem</strong></span> <span class='ocrx_word' id='word_1_30' title='bbox 1372 793 1453 847; x_wconf 90' lang='lat' dir='ltr'><strong>tau·</strong></span> <span class='ocrx_word' id='word_1_31' title='bbox 1561 853 1562 856; x_wconf 8' lang='grc' dir='ltr'><strong>Ἴ</strong></span> 
     </span>
    </p>
   </div>
   <div class='ocr_carea' id='block_1_4' title="bbox 323 885 1452 968">
    <p class='ocr_par' dir='ltr' id='par_1_4' title="bbox 323 885 1452 968">
     <span class='ocr_line' id='line_1_5' title="bbox 323 885 1452 968; baseline -0.002 -18"><span class='ocrx_word' id='word_1_32' title='bbox 323 903 423 968; x_wconf 83' lang='lat' dir='ltr'><strong>quam</strong></span> <span class='ocrx_word' id='word_1_33' title='bbox 445 885 564 950; x_wconf 75' lang='lat' dir='ltr'><strong>Christi</strong></span> <span class='ocrx_word' id='word_1_34' title='bbox 579 885 781 952; x_wconf 75' lang='lat' dir='ltr'><strong>divinitatem</strong></span> <span class='ocrx_word' id='word_1_35' title='bbox 796 888 951 966; x_wconf 70' lang='lat' dir='ltr'><strong>negantis,</strong></span> <span class='ocrx_word' id='word_1_36' title='bbox 974 903 1048 948; x_wconf 87' lang='lat' dir='ltr'><strong>cnm</strong></span> <span class='ocrx_word' id='word_1_37' title='bbox 1070 888 1138 965; x_wconf 88' lang='lat' dir='ltr'><strong>ipse</strong></span> <span class='ocrx_word' id='word_1_38' title='bbox 1159 885 1452 965; x_wconf 74' lang='lat' dir='ltr'><strong>incorruptibilem</strong></span> 
     </span>
    </p>
   </div>
   <div class='ocr_carea' id='block_1_5' title="bbox 322 984 1562 1076">
    <p class='ocr_par' dir='ltr' id='par_1_5' title="bbox 322 984 1562 1076">
     <span class='ocr_line' id='line_1_6' title="bbox 322 984 1562 1076; baseline -0.006 -22"><span class='ocrx_word' id='word_1_39' title='bbox 322 985 443 1054; x_wconf 85' lang='lat' dir='ltr'><strong>Christi</strong></span> <span class='ocrx_word' id='word_1_40' title='bbox 464 1004 595 1052; x_wconf 90' lang='lat' dir='ltr'><strong>earnem</strong></span> <span class='ocrx_word' id='word_1_41' title='bbox 616 998 689 1069; x_wconf 89' lang='lat' dir='ltr'><strong>post</strong></span> <span class='ocrx_word' id='word_1_42' title='bbox 709 988 861 1052; x_wconf 89' lang='lat' dir='ltr'><strong>unionem</strong></span> <span class='ocrx_word' id='word_1_43' title='bbox 883 1005 958 1050; x_wconf 81' lang='lat' dir='ltr'><strong>cuns</strong></span> <span class='ocrx_word' id='word_1_44' title='bbox 979 984 1088 1051; x_wconf 89' lang='lat' dir='ltr'><strong>Verbo</strong></span> <span class='ocrx_word' id='word_1_45' title='bbox 1108 984 1179 1062; x_wconf 85' lang='lat' dir='ltr'><strong>Del,</strong></span> <span class='ocrx_word' id='word_1_46' title='bbox 1203 987 1349 1050; x_wconf 82' lang='lat' dir='ltr'><strong>docebat.</strong></span> <span class='ocrx_word' id='word_1_47' title='bbox 1376 984 1454 1050; x_wconf 81' lang='lat' dir='ltr'><strong>Ex·</strong></span> <span class='ocrx_word' id='word_1_48' title='bbox 1561 1057 1562 1076; x_wconf 24' lang='lat'>2</span> 
     </span>
    </p>
   </div>
   <div class='ocr_carea' id='block_1_6' title="bbox 323 1086 1268 1170">
    <p class='ocr_par' dir='ltr' id='par_1_6' title="bbox 323 1086 1268 1170">
     <span class='ocr_line' id='line_1_7' title="bbox 323 1086 1268 1170; baseline -0.003 -17"><span class='ocrx_word' id='word_1_49' title='bbox 323 1097 374 1154; x_wconf 85' lang='lat' dir='ltr'><strong>trs</strong></span> <span class='ocrx_word' id='word_1_50' title='bbox 396 1090 480 1154; x_wconf 90' lang='lat' dir='ltr'><strong>enim</strong></span> <span class='ocrx_word' id='word_1_51' title='bbox 502 1091 725 1170; x_wconf 76' lang='lat' dir='ltr'><strong>coemtionem</strong></span> <span class='ocrx_word' id='word_1_52' title='bbox 753 1089 884 1152; x_wconf 81' lang='lat' dir='ltr'><strong>obiisset</strong></span> <span class='ocrx_word' id='word_1_53' title='bbox 910 1087 1025 1152; x_wconf 86' lang='lat' dir='ltr'><strong>Nicetii</strong></span> <span class='ocrx_word' id='word_1_54' title='bbox 1049 1086 1268 1168; x_wconf 78' lang='lat' dir='ltr'><strong>reprehensio.</strong></span> 
     </span>
    </p>
   </div>
   <div class='ocr_carea' id='block_1_7' title="bbox 325 1177 1562 1280">
    <p class='ocr_par' dir='ltr' id='par_1_7' title="bbox 325 1177 1562 1280">
     <span class='ocr_line' id='line_1_8' title="bbox 325 1177 1562 1280; baseline -0.005 -25"><span class='ocrx_word' id='word_1_55' title='bbox 325 1223 330 1232; x_wconf 93' lang='lat'>·</span> <span class='ocrx_word' id='word_1_56' title='bbox 404 1177 519 1271; x_wconf 79' lang='lat' dir='ltr'><strong>lisque</strong></span> <span class='ocrx_word' id='word_1_57' title='bbox 540 1209 599 1255; x_wconf 89' lang='lat' dir='ltr'><strong>nec</strong></span> <span class='ocrx_word' id='word_1_58' title='bbox 619 1191 658 1256; x_wconf 86' lang='lat' dir='ltr'><strong>ad</strong></span> <span class='ocrx_word' id='word_1_59' title='bbox 681 1187 974 1270; x_wconf 73' lang='lat' dir='ltr'><strong>incorruptibilium</strong></span> <span class='ocrx_word' id='word_1_60' title='bbox 996 1188 1296 1270; x_wconf 69' lang='lat' dir='ltr'><strong>centesimosque</strong></span> <span class='ocrx_word' id='word_1_61' title='bbox 1318 1187 1359 1251; x_wconf 91' lang='lat' dir='ltr'><strong>ad</strong></span> <span class='ocrx_word' id='word_1_62' title='bbox 1380 1187 1456 1250; x_wconf 85' lang='lat' dir='ltr'><strong>boc</strong></span> <span class='ocrx_word' id='word_1_63' title='bbox 1561 1269 1562 1280; x_wconf 9' lang='grc' dir='ltr'>ἵ</span> 
     </span>
    </p>
   </div>
   <div class='ocr_carea' id='block_1_8' title="bbox 325 1289 1457 1779">
    <p class='ocr_par' dir='ltr' id='par_1_8' title="bbox 325 1289 1457 1779">
     <span class='ocr_line' id='line_1_9' title="bbox 325 1289 1456 1373; baseline -0.005 -15"><span class='ocrx_word' id='word_1_64' title='bbox 325 1297 466 1372; x_wconf 84' lang='lat' dir='ltr'><strong>tempus,</strong></span> <span class='ocrx_word' id='word_1_65' title='bbox 489 1292 588 1373; x_wconf 88' lang='lat' dir='ltr'><strong>paulo</strong></span> <span class='ocrx_word' id='word_1_66' title='bbox 609 1299 682 1355; x_wconf 87' lang='lat' dir='ltr'><strong>ente</strong></span> <span class='ocrx_word' id='word_1_67' title='bbox 703 1290 877 1368; x_wconf 79' lang='lat' dir='ltr'><strong>iustiniani</strong></span> <span class='ocrx_word' id='word_1_68' title='bbox 904 1291 1029 1354; x_wconf 89' lang='lat' dir='ltr'><strong>obitum</strong></span> <span class='ocrx_word' id='word_1_69' title='bbox 1051 1289 1336 1364; x_wconf 75' lang='lat' dir='ltr'><strong>referendarum,</strong></span> <span class='ocrx_word' id='word_1_70' title='bbox 1359 1305 1456 1369; x_wconf 79' lang='lat' dir='ltr'><strong>quaa</strong></span> 
     </span>
     <span class='ocr_line' id='line_1_10' title="bbox 325 1391 1455 1474; baseline -0.007 -14"><span class='ocrx_word' id='word_1_71' title='bbox 325 1395 373 1459; x_wconf 90' lang='lat' dir='ltr'><strong>ait</strong></span> <span class='ocrx_word' id='word_1_72' title='bbox 392 1391 625 1470; x_wconf 70' lang='lat' dir='ltr'><strong>illectionum</strong></span> <span class='ocrx_word' id='word_1_73' title='bbox 644 1395 815 1474; x_wconf 70' lang='lat' dir='ltr'><strong>alienent</strong></span> <span class='ocrx_word' id='word_1_74' title='bbox 839 1393 921 1457; x_wconf 84' lang='lat' dir='ltr'><strong>huno</strong></span> <span class='ocrx_word' id='word_1_75' title='bbox 948 1395 1118 1457; x_wconf 87' lang='lat' dir='ltr'><strong>conteruit</strong></span> <span class='ocrx_word' id='word_1_76' title='bbox 1143 1393 1339 1456; x_wconf 76' lang='lat' dir='ltr'><strong>calumniam</strong></span> <span class='ocrx_word' id='word_1_77' title='bbox 1367 1407 1455 1453; x_wconf 88' lang='lat' dir='ltr'><strong>cou-</strong></span> 
     </span>
     <span class='ocr_line' id='line_1_11' title="bbox 326 1492 1456 1576; baseline -0.003 -18"><span class='ocrx_word' id='word_1_78' title='bbox 326 1501 379 1559; x_wconf 89' lang='lat' dir='ltr'><strong>tra</strong></span> <span class='ocrx_word' id='word_1_79' title='bbox 401 1494 489 1558; x_wconf 89' lang='lat' dir='ltr'><strong>illins</strong></span> <span class='ocrx_word' id='word_1_80' title='bbox 523 1495 756 1559; x_wconf 75' lang='lat' dir='ltr'><strong>orthodoxiam</strong></span> <span class='ocrx_word' id='word_1_81' title='bbox 777 1495 914 1576; x_wconf 73' lang='lat' dir='ltr'><strong>eiusque</strong></span> <span class='ocrx_word' id='word_1_82' title='bbox 936 1494 1128 1576; x_wconf 89' lang='lat' dir='ltr'><strong>probitatem</strong></span> <span class='ocrx_word' id='word_1_83' title='bbox 1135 1513 1148 1575; x_wconf 79' lang='lat'>3</span> <span class='ocrx_word' id='word_1_84' title='bbox 1169 1492 1225 1558; x_wconf 90' lang='lat' dir='ltr'><strong>sed</strong></span> <span class='ocrx_word' id='word_1_85' title='bbox 1248 1492 1365 1556; x_wconf 87' lang='lat' dir='ltr'><strong>melina</strong></span> <span class='ocrx_word' id='word_1_86' title='bbox 1393 1509 1456 1555; x_wconf 87' lang='lat' dir='ltr'><strong>re·</strong></span> 
     </span>
     <span class='ocr_line' id='line_1_12' title="bbox 326 1591 1457 1673; baseline -0.002 -15"><span class='ocrx_word' id='word_1_87' title='bbox 326 1596 473 1662; x_wconf 84' lang='lat' dir='ltr'><strong>vocanda</strong></span> <span class='ocrx_word' id='word_1_88' title='bbox 495 1603 602 1662; x_wconf 88' lang='lat' dir='ltr'><strong>essent</strong></span> <span class='ocrx_word' id='word_1_89' title='bbox 623 1596 662 1660; x_wconf 92' lang='lat' dir='ltr'><strong>ad</strong></span> <span class='ocrx_word' id='word_1_90' title='bbox 684 1596 821 1662; x_wconf 85' lang='lat' dir='ltr'><strong>Concilii</strong></span> <span class='ocrx_word' id='word_1_91' title='bbox 843 1595 882 1663; x_wconf 74' lang='lat' dir='ltr'><strong>V.</strong></span> <span class='ocrx_word' id='word_1_92' title='bbox 904 1604 1055 1662; x_wconf 88' lang='lat' dir='ltr'><strong>aetatem.</strong></span> <span class='ocrx_word' id='word_1_93' title='bbox 1079 1595 1219 1673; x_wconf 76' lang='lat' dir='ltr'><strong>Quando</strong></span> <span class='ocrx_word' id='word_1_94' title='bbox 1239 1595 1364 1658; x_wconf 87' lang='lat' dir='ltr'><strong>seilicet</strong></span> <span class='ocrx_word' id='word_1_95' title='bbox 1383 1591 1457 1656; x_wconf 76' lang='lat' dir='ltr'><strong>l·-</strong></span> 
     </span>
     <span class='ocr_line' id='line_1_13' title="bbox 326 1695 1455 1779; baseline -0.003 -17"><span class='ocrx_word' id='word_1_96' title='bbox 326 1704 462 1779; x_wconf 90' lang='lat' dir='ltr'><strong>perator</strong></span> <span class='ocrx_word' id='word_1_97' title='bbox 483 1701 557 1762; x_wconf 90' lang='lat' dir='ltr'><strong>totis</strong></span> <span class='ocrx_word' id='word_1_98' title='bbox 580 1698 703 1763; x_wconf 82' lang='lat' dir='ltr'><strong>uiribus</strong></span> <span class='ocrx_word' id='word_1_99' title='bbox 724 1716 798 1762; x_wconf 88' lang='lat' dir='ltr'><strong>cum</strong></span> <span class='ocrx_word' id='word_1_100' title='bbox 821 1699 978 1779; x_wconf 91' lang='lat' dir='ltr'><strong>episcopis</strong></span> <span class='ocrx_word' id='word_1_101' title='bbox 1000 1698 1168 1762; x_wconf 87' lang='lat' dir='ltr'><strong>catholicis</strong></span> <span class='ocrx_word' id='word_1_102' title='bbox 1194 1697 1235 1759; x_wconf 91' lang='lat' dir='ltr'><strong>ad</strong></span> <span class='ocrx_word' id='word_1_103' title='bbox 1265 1697 1365 1760; x_wconf 88' lang='lat' dir='ltr'><strong>trium</strong></span> <span class='ocrx_word' id='word_1_104' title='bbox 1385 1695 1455 1760; x_wconf 85' lang='lat' dir='ltr'><strong>Ca·</strong></span> 
     </span>
    </p>
   </div>
   <div class='ocr_carea' id='block_1_9' title="bbox 325 1797 1562 1881">
    <p class='ocr_par' dir='ltr' id='par_1_9' title="bbox 325 1797 1562 1881">
     <span class='ocr_line' id='line_1_14' title="bbox 325 1797 1562 1881; baseline 0 -19"><span class='ocrx_word' id='word_1_105' title='bbox 325 1801 510 1881; x_wconf 89' lang='lat' dir='ltr'><strong>pitulornm</strong></span> <span class='ocrx_word' id='word_1_106' title='bbox 543 1799 752 1865; x_wconf 71' lang='lat' dir='ltr'><strong>incumbebat</strong></span> <span class='ocrx_word' id='word_1_107' title='bbox 787 1800 1040 1877; x_wconf 88' lang='lat' dir='ltr'><strong>damnationem,</strong></span> <span class='ocrx_word' id='word_1_108' title='bbox 1072 1797 1278 1863; x_wconf 78' lang='lat' dir='ltr'><strong>adversarios</strong></span> <span class='ocrx_word' id='word_1_109' title='bbox 1303 1798 1455 1878; x_wconf 79' lang='lat' dir='ltr'><strong>undique</strong></span> <span class='ocrx_word' id='word_1_110' title='bbox 1561 1817 1562 1850; x_wconf 68' lang='lat' dir='ltr'><strong>t</strong></span> 
     </span>
    </p>
   </div>
   <div class='ocr_carea' id='block_1_10' title="bbox 326 1897 1455 2084">
    <p class='ocr_par' dir='ltr' id='par_1_10' title="bbox 326 1897 1455 2084">
     <span class='ocr_line' id='line_1_15' title="bbox 326 1897 1455 1982; baseline -0.001 -18"><span class='ocrx_word' id='word_1_111' title='bbox 326 1899 515 1982; x_wconf 75' lang='lat' dir='ltr'><strong>profligans.</strong></span> <span class='ocrx_word' id='word_1_112' title='bbox 538 1897 575 1964; x_wconf 90' lang='lat' dir='ltr'><strong>lo</strong></span> <span class='ocrx_word' id='word_1_113' title='bbox 605 1919 670 1981; x_wconf 83' lang='lat' dir='ltr'><strong>qua</strong></span> <span class='ocrx_word' id='word_1_114' title='bbox 696 1901 878 1978; x_wconf 87' lang='lat' dir='ltr'><strong>occasione,</strong></span> <span class='ocrx_word' id='word_1_115' title='bbox 904 1918 981 1966; x_wconf 90' lang='lat' dir='ltr'><strong>eum</strong></span> <span class='ocrx_word' id='word_1_116' title='bbox 1008 1900 1240 1980; x_wconf 71' lang='lat' dir='ltr'><strong>capitulorum</strong></span> <span class='ocrx_word' id='word_1_117' title='bbox 1261 1898 1455 1963; x_wconf 76' lang='lat' dir='ltr'><strong>defensores</strong></span> 
     </span>
     <span class='ocr_line' id='line_1_16' title="bbox 326 1999 1455 2084; baseline 0.002 -20"><span class='ocrx_word' id='word_1_118' title='bbox 326 2001 426 2084; x_wconf 86' lang='lat' dir='ltr'><strong>plurs</strong></span> <span class='ocrx_word' id='word_1_119' title='bbox 448 2003 655 2066; x_wconf 88' lang='lat' dir='ltr'><strong>commentati</strong></span> <span class='ocrx_word' id='word_1_120' title='bbox 675 2003 738 2068; x_wconf 90' lang='lat' dir='ltr'><strong>sint</strong></span> <span class='ocrx_word' id='word_1_121' title='bbox 755 2002 834 2066; x_wconf 84' lang='lat' dir='ltr'><strong>talea</strong></span> <span class='ocrx_word' id='word_1_122' title='bbox 852 2003 885 2068; x_wconf 85' lang='lat' dir='ltr'><strong>iu</strong></span> <span class='ocrx_word' id='word_1_123' title='bbox 906 2002 1017 2067; x_wconf 91' lang='lat' dir='ltr'><strong>odium</strong></span> <span class='ocrx_word' id='word_1_124' title='bbox 1032 2001 1219 2077; x_wconf 72' lang='lat' dir='ltr'><strong>iustiniani,</strong></span> <span class='ocrx_word' id='word_1_125' title='bbox 1236 1999 1455 2082; x_wconf 84' lang='lat' dir='ltr'><strong>quemadmo-</strong></span> 
     </span>
    </p>
   </div>
   <div class='ocr_carea' id='block_1_11' title="bbox 328 2089 1562 2186">
    <p class='ocr_par' dir='ltr' id='par_1_11' title="bbox 328 2089 1562 2186">
     <span class='ocr_line' id='line_1_17' title="bbox 328 2089 1562 2186; baseline -0.004 -19"><span class='ocrx_word' id='word_1_126' title='bbox 328 2105 407 2170; x_wconf 88' lang='lat' dir='ltr'><strong>dum</strong></span> <span class='ocrx_word' id='word_1_127' title='bbox 432 2114 525 2169; x_wconf 82' lang='lat' dir='ltr'><strong>antes</strong></span> <span class='ocrx_word' id='word_1_128' title='bbox 559 2105 669 2169; x_wconf 88' lang='lat' dir='ltr'><strong>multis</strong></span> <span class='ocrx_word' id='word_1_129' title='bbox 702 2104 913 2186; x_wconf 76' lang='lat' dir='ltr'><strong>probavimus</strong></span> <span class='ocrx_word' id='word_1_130' title='bbox 943 2105 1155 2186; x_wconf 74' lang='lat' dir='ltr'><strong>argumentis,</strong></span> <span class='ocrx_word' id='word_1_131' title='bbox 1177 2105 1264 2168; x_wconf 92' lang='lat' dir='ltr'><strong>huuc</strong></span> <span class='ocrx_word' id='word_1_132' title='bbox 1297 2105 1374 2166; x_wconf 88' lang='lat' dir='ltr'><strong>item</strong></span> <span class='ocrx_word' id='word_1_133' title='bbox 1396 2121 1459 2166; x_wconf 86' lang='lat' dir='ltr'><strong>ro·</strong></span> <span class='ocrx_word' id='word_1_134' title='bbox 1561 2089 1562 2144; x_wconf 80' lang='lat' dir='ltr'><strong>l</strong></span> 
     </span>
    </p>
   </div>
   <div class='ocr_carea' id='block_1_12' title="bbox 252 2205 1455 2900">
    <p class='ocr_par' dir='ltr' id='par_1_12' title="bbox 252 2205 1455 2900">
     <span class='ocr_line' id='line_1_18' title="bbox 252 2205 1455 2289; baseline -0.007 -15"><span class='ocrx_word' id='word_1_135' title='bbox 252 2205 255 2208; x_wconf 74' lang='grc'><strong>’</strong></span> <span class='ocrx_word' id='word_1_136' title='bbox 328 2214 445 2273; x_wconf 89' lang='lat' dir='ltr'><strong>uerunt</strong></span> <span class='ocrx_word' id='word_1_137' title='bbox 471 2207 705 2287; x_wconf 79' lang='lat' dir='ltr'><strong>acephalorum</strong></span> <span class='ocrx_word' id='word_1_138' title='bbox 737 2208 935 2283; x_wconf 87' lang='lat' dir='ltr'><strong>studiosum,</strong></span> <span class='ocrx_word' id='word_1_139' title='bbox 961 2224 1082 2289; x_wconf 89' lang='lat' dir='ltr'><strong>purum</strong></span> <span class='ocrx_word' id='word_1_140' title='bbox 1113 2205 1275 2270; x_wconf 87' lang='lat' dir='ltr'><strong>hominem</strong></span> <span class='ocrx_word' id='word_1_141' title='bbox 1304 2221 1455 2269; x_wconf 72' lang='lat' dir='ltr'><strong>asses-en·</strong></span> 
     </span>
     <span class='ocr_line' id='line_1_19' title="bbox 329 2305 1454 2390; baseline -0.003 -18"><span class='ocrx_word' id='word_1_142' title='bbox 329 2307 412 2373; x_wconf 85' lang='lat' dir='ltr'><strong>tinus</strong></span> <span class='ocrx_word' id='word_1_143' title='bbox 435 2307 613 2373; x_wconf 83' lang='lat' dir='ltr'><strong>Christum.</strong></span> <span class='ocrx_word' id='word_1_144' title='bbox 641 2309 706 2390; x_wconf 91' lang='lat' dir='ltr'><strong>Qui</strong></span> <span class='ocrx_word' id='word_1_145' title='bbox 728 2308 769 2374; x_wconf 83' lang='lat' dir='ltr'><strong>eh</strong></span> <span class='ocrx_word' id='word_1_146' title='bbox 790 2327 875 2374; x_wconf 92' lang='lat' dir='ltr'><strong>anno</strong></span> <span class='ocrx_word' id='word_1_147' title='bbox 894 2306 965 2374; x_wconf 82' lang='lat'><strong>536.</strong></span> <span class='ocrx_word' id='word_1_148' title='bbox 987 2309 1128 2372; x_wconf 81' lang='lat' dir='ltr'><strong>damuati</strong></span> <span class='ocrx_word' id='word_1_149' title='bbox 1151 2307 1280 2371; x_wconf 87' lang='lat' dir='ltr'><strong>tuerent</strong></span> <span class='ocrx_word' id='word_1_150' title='bbox 1301 2307 1332 2368; x_wconf 93' lang='lat' dir='ltr'><strong>in</strong></span> <span class='ocrx_word' id='word_1_151' title='bbox 1347 2305 1454 2389; x_wconf 78' lang='lat' dir='ltr'><strong>Syne-</strong></span> 
     </span>
     <span class='ocr_line' id='line_1_20' title="bbox 333 2407 1454 2491; baseline -0.004 -17"><span class='ocrx_word' id='word_1_152' title='bbox 333 2408 376 2474; x_wconf 85' lang='lat' dir='ltr'><strong>do</strong></span> <span class='ocrx_word' id='word_1_153' title='bbox 397 2411 743 2491; x_wconf 89' lang='lat' dir='ltr'><strong>constantinopolitana</strong></span> <span class='ocrx_word' id='word_1_154' title='bbox 770 2412 832 2476; x_wconf 87' lang='lat' dir='ltr'><strong>suh</strong></span> <span class='ocrx_word' id='word_1_155' title='bbox 853 2409 993 2490; x_wconf 69' lang='lat' dir='ltr'><strong>Mesua,</strong></span> <span class='ocrx_word' id='word_1_156' title='bbox 1022 2419 1053 2474; x_wconf 83' lang='lat' dir='ltr'><strong>et</strong></span> <span class='ocrx_word' id='word_1_157' title='bbox 1081 2427 1224 2489; x_wconf 89' lang='lat' dir='ltr'><strong>quornm</strong></span> <span class='ocrx_word' id='word_1_158' title='bbox 1253 2407 1454 2471; x_wconf 78' lang='lat' dir='ltr'><strong>damnationi</strong></span> 
     </span>
     <span class='ocr_line' id='line_1_21' title="bbox 330 2509 1453 2594; baseline -0.002 -20"><span class='ocrx_word' id='word_1_159' title='bbox 330 2509 474 2576; x_wconf 70' lang='lat' dir='ltr'><strong>adeline</strong></span> <span class='ocrx_word' id='word_1_160' title='bbox 493 2513 685 2592; x_wconf 79' lang='lat' dir='ltr'><strong>subscripsit</strong></span> <span class='ocrx_word' id='word_1_161' title='bbox 713 2511 907 2594; x_wconf 87' lang='lat' dir='ltr'><strong>Imperator.</strong></span> <span class='ocrx_word' id='word_1_162' title='bbox 933 2511 1036 2594; x_wconf 86' lang='lat' dir='ltr'><strong>Cujus</strong></span> <span class='ocrx_word' id='word_1_163' title='bbox 1066 2515 1162 2575; x_wconf 89' lang='lat' dir='ltr'><strong>etiem</strong></span> <span class='ocrx_word' id='word_1_164' title='bbox 1184 2509 1259 2573; x_wconf 86' lang='lat' dir='ltr'><strong>tidei</strong></span> <span class='ocrx_word' id='word_1_165' title='bbox 1284 2510 1453 2590; x_wconf 71' lang='lat' dir='ltr'><strong>integritu-</strong></span> 
     </span>
     <span class='ocr_line' id='line_1_22' title="bbox 327 2612 1452 2696; baseline -0.004 -18"><span class='ocrx_word' id='word_1_166' title='bbox 327 2615 351 2678; x_wconf 92' lang='lat' dir='ltr'><strong>lt</strong></span> <span class='ocrx_word' id='word_1_167' title='bbox 375 2613 769 2696; x_wconf 75' lang='lat' dir='ltr'><strong>subrugsriostendimoa</strong></span> <span class='ocrx_word' id='word_1_168' title='bbox 792 2616 922 2680; x_wconf 90' lang='lat' dir='ltr'><strong>decreta</strong></span> <span class='ocrx_word' id='word_1_169' title='bbox 946 2615 1048 2679; x_wconf 86' lang='lat' dir='ltr'><strong>multa</strong></span> <span class='ocrx_word' id='word_1_170' title='bbox 1076 2614 1168 2677; x_wconf 84' lang='lat' dir='ltr'><strong>sario</strong></span> <span class='ocrx_word' id='word_1_171' title='bbox 1190 2622 1336 2695; x_wconf 84' lang='lat' dir='ltr'><strong>tempore</strong></span> <span class='ocrx_word' id='word_1_172' title='bbox 1364 2612 1452 2674; x_wconf 88' lang='lat' dir='ltr'><strong>edita</strong></span> 
     </span>
     <span class='ocr_line' id='line_1_23' title="bbox 327 2711 1452 2800; baseline -0.003 -21"><span class='ocrx_word' id='word_1_173' title='bbox 327 2711 487 2782; x_wconf 81' lang='lat' dir='ltr'><strong>sdverst&#39;ss</strong></span> <span class='ocrx_word' id='word_1_174' title='bbox 508 2718 669 2800; x_wconf 75' lang='lat' dir='ltr'><strong>cuiusque</strong></span> <span class='ocrx_word' id='word_1_175' title='bbox 692 2718 818 2799; x_wconf 75' lang='lat' dir='ltr'><strong>pencris</strong></span> <span class='ocrx_word' id='word_1_176' title='bbox 840 2716 1033 2782; x_wconf 77' lang='lat' dir='ltr'><strong>haeretieosc</strong></span> <span class='ocrx_word' id='word_1_177' title='bbox 1054 2717 1099 2780; x_wconf 89' lang='lat' dir='ltr'><strong>ite</strong></span> <span class='ocrx_word' id='word_1_178' title='bbox 1123 2721 1160 2780; x_wconf 88' lang='lat' dir='ltr'><strong>nt</strong></span> <span class='ocrx_word' id='word_1_179' title='bbox 1173 2723 1347 2796; x_wconf 89' lang='lat' dir='ltr'><strong>propterea</strong></span> <span class='ocrx_word' id='word_1_180' title='bbox 1368 2712 1452 2777; x_wconf 80' lang='lat' dir='ltr'><strong>l’ou·</strong></span> 
     </span>
     <span class='ocr_line' id='line_1_24' title="bbox 328 2818 1452 2900; baseline -0.003 -17"><span class='ocrx_word' id='word_1_181' title='bbox 328 2818 430 2883; x_wconf 87' lang='lat' dir='ltr'><strong>tiilcea</strong></span> <span class='ocrx_word' id='word_1_182' title='bbox 459 2823 572 2885; x_wconf 83' lang='lat' dir='ltr'><strong>coaerl</strong></span> <span class='ocrx_word' id='word_1_183' title='bbox 588 2827 620 2884; x_wconf 93' lang='lat' dir='ltr'><strong>et</strong></span> <span class='ocrx_word' id='word_1_184' title='bbox 640 2837 856 2896; x_wconf 85' lang='lat' dir='ltr'><strong>successores,</strong></span> <span class='ocrx_word' id='word_1_185' title='bbox 879 2821 1069 2900; x_wconf 76' lang='lat' dir='ltr'><strong>praesertim</strong></span> <span class='ocrx_word' id='word_1_186' title='bbox 1085 2818 1227 2899; x_wconf 78' lang='lat' dir='ltr'><strong>Agatho,</strong></span> <span class='ocrx_word' id='word_1_187' title='bbox 1247 2819 1324 2900; x_wconf 86' lang='lat' dir='ltr'><strong>jore</strong></span> <span class='ocrx_word' id='word_1_188' title='bbox 1343 2823 1375 2880; x_wconf 91' lang='lat' dir='ltr'><strong>et</strong></span> <span class='ocrx_word' id='word_1_189' title='bbox 1395 2834 1452 2896; x_wconf 90' lang='lat' dir='ltr'><strong>pa·</strong></span> 
     </span>
    </p>
   </div>
   <div class='ocr_carea' id='block_1_13' title="bbox 326 2919 1562 3002">
    <p class='ocr_par' dir='ltr' id='par_1_13' title="bbox 326 2919 1562 3002">
     <span class='ocr_line' id='line_1_25' title="bbox 326 2919 1562 3002; baseline 0.001 -19"><span class='ocrx_word' id='word_1_190' title='bbox 326 2919 393 2983; x_wconf 90' lang='lat' dir='ltr'><strong>lam</strong></span> <span class='ocrx_word' id='word_1_191' title='bbox 416 2921 515 3002; x_wconf 87' lang='lat' dir='ltr'><strong>ipsine</strong></span> <span class='ocrx_word' id='word_1_192' title='bbox 541 2921 614 2984; x_wconf 89' lang='lat' dir='ltr'><strong>lldei</strong></span> <span class='ocrx_word' id='word_1_193' title='bbox 637 2921 877 2995; x_wconf 84' lang='lat' dir='ltr'><strong>rectitudinem,</strong></span> <span class='ocrx_word' id='word_1_194' title='bbox 893 2930 924 2985; x_wconf 91' lang='lat' dir='ltr'><strong>et</strong></span> <span class='ocrx_word' id='word_1_195' title='bbox 944 2921 1070 3002; x_wconf 75' lang='lat' dir='ltr'><strong>singule</strong></span> <span class='ocrx_word' id='word_1_196' title='bbox 1091 2920 1196 2986; x_wconf 88' lang='lat' dir='ltr'><strong>edicta</strong></span> <span class='ocrx_word' id='word_1_197' title='bbox 1216 2939 1280 2984; x_wconf 89' lang='lat' dir='ltr'><strong>eeu</strong></span> <span class='ocrx_word' id='word_1_198' title='bbox 1296 2919 1450 2984; x_wconf 90' lang='lat' dir='ltr'><strong>orthedo-</strong></span> <span class='ocrx_word' id='word_1_199' title='bbox 1561 2939 1562 2966; x_wconf 62' lang='lat' dir='ltr'><strong>i</strong></span> 
     </span>
    </p>
   </div>
   <div class='ocr_carea' id='block_1_14' title="bbox 327 3023 1117 3096">
    <p class='ocr_par' dir='ltr' id='par_1_14' title="bbox 327 3023 1117 3096">
     <span class='ocr_line' id='line_1_26' title="bbox 327 3023 1117 3096; baseline -0.004 -9"><span class='ocrx_word' id='word_1_200' title='bbox 327 3041 374 3088; x_wconf 82' lang='lat' dir='ltr'><strong>xo</strong></span> <span class='ocrx_word' id='word_1_201' title='bbox 394 3039 489 3087; x_wconf 87' lang='lat' dir='ltr'><strong>sensu</strong></span> <span class='ocrx_word' id='word_1_202' title='bbox 512 3023 632 3086; x_wconf 80' lang='lat' dir='ltr'><strong>dictem</strong></span> <span class='ocrx_word' id='word_1_203' title='bbox 655 3023 830 3087; x_wconf 86' lang='lat' dir='ltr'><strong>admodum</strong></span> <span class='ocrx_word' id='word_1_204' title='bbox 852 3023 1117 3096; x_wconf 83' lang='lat' dir='ltr'><strong>commendarint.</strong></span> 
     </span>
    </p>
   </div>
   <div class='ocr_carea' id='block_1_15' title="bbox 328 3121 1562 3204">
    <p class='ocr_par' dir='ltr' id='par_1_15' title="bbox 328 3121 1562 3204">
     <span class='ocr_line' id='line_1_27' title="bbox 328 3121 1562 3204; baseline 0.006 -17"><span class='ocrx_word' id='word_1_205' title='bbox 328 3147 333 3154; x_wconf 95' lang='lat'>·</span> <span class='ocrx_word' id='word_1_206' title='bbox 411 3121 564 3189; x_wconf 80' lang='lat' dir='ltr'><strong>Proiecto</strong></span> <span class='ocrx_word' id='word_1_207' title='bbox 595 3125 847 3190; x_wconf 83' lang='lat' dir='ltr'><strong>commentitium</strong></span> <span class='ocrx_word' id='word_1_208' title='bbox 868 3132 901 3188; x_wconf 90' lang='lat' dir='ltr'><strong>et</strong></span> <span class='ocrx_word' id='word_1_209' title='bbox 922 3125 1117 3190; x_wconf 80' lang='lat' dir='ltr'><strong>maledicum</strong></span> <span class='ocrx_word' id='word_1_210' title='bbox 1143 3141 1227 3189; x_wconf 89' lang='lat' dir='ltr'><strong>oens</strong></span> <span class='ocrx_word' id='word_1_211' title='bbox 1248 3127 1280 3187; x_wconf 88' lang='lat' dir='ltr'><strong>in</strong></span> <span class='ocrx_word' id='word_1_212' title='bbox 1303 3127 1363 3190; x_wconf 87' lang='lat' dir='ltr'><strong>bac</strong></span> <span class='ocrx_word' id='word_1_213' title='bbox 1381 3127 1447 3204; x_wconf 90' lang='lat' dir='ltr'><strong>epi·</strong></span> <span class='ocrx_word' id='word_1_214' title='bbox 1561 3183 1562 3194; x_wconf 70' lang='grc'>,</span> 
     </span>
    </p>
   </div>
   <div class='ocr_carea' id='block_1_16' title="bbox 326 3223 1447 3408">
    <p class='ocr_par' dir='ltr' id='par_1_16' title="bbox 326 3223 1447 3408">
     <span class='ocr_line' id='line_1_28' title="bbox 327 3223 1446 3307; baseline 0 -20"><span class='ocrx_word' id='word_1_215' title='bbox 327 3223 411 3287; x_wconf 90' lang='lat' dir='ltr'><strong>stola</strong></span> <span class='ocrx_word' id='word_1_216' title='bbox 433 3225 730 3307; x_wconf 87' lang='lat' dir='ltr'><strong>comprehenderit,</strong></span> <span class='ocrx_word' id='word_1_217' title='bbox 752 3223 918 3306; x_wconf 85' lang='lat' dir='ltr'><strong>sequentia</strong></span> <span class='ocrx_word' id='word_1_218' title='bbox 947 3227 1057 3305; x_wconf 77' lang='lat' dir='ltr'><strong>legens</strong></span> <span class='ocrx_word' id='word_1_219' title='bbox 1077 3225 1325 3304; x_wconf 69' lang='lat' dir='ltr'><strong>dictationis,</strong></span> <span class='ocrx_word' id='word_1_220' title='bbox 1347 3227 1446 3307; x_wconf 80' lang='lat' dir='ltr'><strong>inquit</strong></span> 
     </span>
     <span class='ocr_line' id='line_1_29' title="bbox 326 3319 1447 3408; baseline -0.002 -18"><span class='ocrx_word' id='word_1_221' title='bbox 326 3319 487 3401; x_wconf 84' lang='lat' dir='ltr'><strong>Nicetins,</strong></span> <span class='ocrx_word' id='word_1_222' title='bbox 519 3319 556 3392; x_wconf 84' lang='lat' dir='ltr'><strong>ut</strong></span> <span class='ocrx_word' id='word_1_223' title='bbox 576 3327 647 3401; x_wconf 90' lang='lat' dir='ltr'><strong>illa,</strong></span> <span class='ocrx_word' id='word_1_224' title='bbox 681 3336 817 3408; x_wconf 86' lang='lat' dir='ltr'><strong>propter</strong></span> <span class='ocrx_word' id='word_1_225' title='bbox 838 3345 924 3408; x_wconf 81' lang='lat' dir='ltr'><strong>quoe</strong></span> <span class='ocrx_word' id='word_1_226' title='bbox 955 3325 1104 3392; x_wconf 87' lang='lat' dir='ltr'><strong>Christus</strong></span> <span class='ocrx_word' id='word_1_227' title='bbox 1126 3328 1307 3392; x_wconf 77' lang='lat' dir='ltr'><strong>crucifixus</strong></span> <span class='ocrx_word' id='word_1_228' title='bbox 1337 3335 1394 3401; x_wconf 85' lang='lat' dir='ltr'><strong>est,</strong></span> <span class='ocrx_word' id='word_1_229' title='bbox 1415 3333 1447 3391; x_wconf 89' lang='lat' dir='ltr'><strong>el</strong></span> 
     </span>
    </p>
   </div>
   <div class='ocr_carea' id='block_1_17' title="bbox 328 3425 1562 3512">
    <p class='ocr_par' dir='ltr' id='par_1_17' title="bbox 328 3425 1562 3512">
     <span class='ocr_line' id='line_1_30' title="bbox 328 3425 1562 3512; baseline 0.001 -22"><span class='ocrx_word' id='word_1_230' title='bbox 328 3425 480 3507; x_wconf 78' lang='lat' dir='ltr'><strong>apostoli</strong></span> <span class='ocrx_word' id='word_1_231' title='bbox 511 3445 623 3493; x_wconf 88' lang='lat' dir='ltr'><strong>omnes</strong></span> <span class='ocrx_word' id='word_1_232' title='bbox 645 3429 870 3511; x_wconf 87' lang='lat' dir='ltr'><strong>pertulerunt,</strong></span> <span class='ocrx_word' id='word_1_233' title='bbox 900 3428 1099 3512; x_wconf 85' lang='lat' dir='ltr'><strong>destrueres,</strong></span> <span class='ocrx_word' id='word_1_234' title='bbox 1131 3427 1350 3507; x_wconf 72' lang='lat' dir='ltr'><strong>provocavit?</strong></span> <span class='ocrx_word' id='word_1_235' title='bbox 1371 3427 1446 3506; x_wconf 85' lang='lat' dir='ltr'><strong>Quis</strong></span> <span class='ocrx_word' id='word_1_236' title='bbox 1561 3469 1562 3476; x_wconf 22' lang='grc' dir='ltr'><strong>κ</strong></span> 
     </span>
    </p>
   </div>
   <div class='ocr_carea' id='block_1_18' title="bbox 327 3527 1446 3612">
    <p class='ocr_par' dir='ltr' id='par_1_18' title="bbox 327 3527 1446 3612">
     <span class='ocr_line' id='line_1_31' title="bbox 327 3527 1446 3612; baseline 0 -20"><span class='ocrx_word' id='word_1_237' title='bbox 327 3532 367 3592; x_wconf 91' lang='lat' dir='ltr'><strong>ut</strong></span> <span class='ocrx_word' id='word_1_238' title='bbox 387 3528 475 3608; x_wconf 78' lang='lat' dir='ltr'><strong>duod</strong></span> <span class='ocrx_word' id='word_1_239' title='bbox 489 3529 555 3612; x_wconf 82' lang='lat' dir='ltr'><strong>juro</strong></span> <span class='ocrx_word' id='word_1_240' title='bbox 577 3531 691 3612; x_wconf 85' lang='lat' dir='ltr'><strong>semel,</strong></span> <span class='ocrx_word' id='word_1_241' title='bbox 708 3530 756 3592; x_wconf 89' lang='lat' dir='ltr'><strong>hia</strong></span> <span class='ocrx_word' id='word_1_242' title='bbox 778 3536 810 3592; x_wconf 89' lang='lat' dir='ltr'><strong>et</strong></span> <span class='ocrx_word' id='word_1_243' title='bbox 834 3532 932 3594; x_wconf 88' lang='lat' dir='ltr'><strong>tertio</strong></span> <span class='ocrx_word' id='word_1_244' title='bbox 953 3530 993 3590; x_wconf 92' lang='lat' dir='ltr'><strong>ah</strong></span> <span class='ocrx_word' id='word_1_245' title='bbox 1014 3529 1165 3594; x_wconf 87' lang='lat' dir='ltr'><strong>omnibus</strong></span> <span class='ocrx_word' id='word_1_246' title='bbox 1187 3531 1369 3594; x_wconf 85' lang='lat' dir='ltr'><strong>rectoribus</strong></span> <span class='ocrx_word' id='word_1_247' title='bbox 1389 3527 1446 3592; x_wconf 79' lang='lat' dir='ltr'><strong>lie-</strong></span> 
     </span>
    </p>
   </div>
   <div class='ocr_carea' id='block_1_19' title="bbox 325 3628 1562 3709">
    <p class='ocr_par' dir='ltr' id='par_1_19' title="bbox 325 3628 1562 3709">
     <span class='ocr_line' id='line_1_32' title="bbox 325 3628 1562 3709; baseline -0.001 -16"><span class='ocrx_word' id='word_1_248' title='bbox 325 3629 446 3693; x_wconf 87' lang='lat' dir='ltr'><strong>clesiae</strong></span> <span class='ocrx_word' id='word_1_249' title='bbox 467 3631 717 3694; x_wconf 79' lang='lat' dir='ltr'><strong>condemnatum</strong></span> <span class='ocrx_word' id='word_1_250' title='bbox 741 3630 863 3709; x_wconf 86' lang='lat' dir='ltr'><strong>iuerat,</strong></span> <span class='ocrx_word' id='word_1_251' title='bbox 888 3631 941 3695; x_wconf 86' lang='lat' dir='ltr'><strong>vel</strong></span> <span class='ocrx_word' id='word_1_252' title='bbox 964 3630 1119 3694; x_wconf 81' lang='lat' dir='ltr'><strong>edoceres</strong></span> <span class='ocrx_word' id='word_1_253' title='bbox 1140 3630 1368 3697; x_wconf 82' lang='lat' dir='ltr'><strong>commonuit?</strong></span> <span class='ocrx_word' id='word_1_254' title='bbox 1387 3628 1447 3694; x_wconf 84' lang='lat' dir='ltr'><strong>lie·</strong></span> <span class='ocrx_word' id='word_1_255' title='bbox 1561 3661 1562 3686; x_wconf 56' lang='lat' dir='ltr'><strong>t</strong></span> 
     </span>
    </p>
   </div>
   <div class='ocr_carea' id='block_1_20' title="bbox 323 3729 1445 4116">
    <p class='ocr_par' dir='ltr' id='par_1_20' title="bbox 323 3729 1445 4116">
     <span class='ocr_line' id='line_1_33' title="bbox 323 3729 1445 3814; baseline -0.003 -20"><span class='ocrx_word' id='word_1_256' title='bbox 323 3729 418 3794; x_wconf 88' lang='lat' dir='ltr'><strong>sterit</strong></span> <span class='ocrx_word' id='word_1_257' title='bbox 439 3737 477 3794; x_wconf 91' lang='lat' dir='ltr'><strong>et·</strong></span> <span class='ocrx_word' id='word_1_258' title='bbox 496 3729 666 3812; x_wconf 80' lang='lat' dir='ltr'><strong>liutychis,</strong></span> <span class='ocrx_word' id='word_1_259' title='bbox 683 3739 721 3796; x_wconf 92' lang='lat' dir='ltr'><strong>nt</strong></span> <span class='ocrx_word' id='word_1_260' title='bbox 741 3731 896 3806; x_wconf 85' lang='lat' dir='ltr'><strong>diximus,</strong></span> <span class='ocrx_word' id='word_1_261' title='bbox 917 3730 985 3812; x_wconf 81' lang='lat' dir='ltr'><strong>jum</strong></span> <span class='ocrx_word' id='word_1_262' title='bbox 1007 3732 1282 3795; x_wconf 87' lang='lat' dir='ltr'><strong>anntbemstirata</strong></span> <span class='ocrx_word' id='word_1_263' title='bbox 1304 3731 1445 3814; x_wconf 88' lang='lat' dir='ltr'><strong>quotiens</strong></span> 
     </span>
     <span class='ocr_line' id='line_1_34' title="bbox 326 3829 1443 3915; baseline -0.005 -20"><span class='ocrx_word' id='word_1_264' title='bbox 326 3837 427 3915; x_wconf 83' lang='lat' dir='ltr'><strong>atque</strong></span> <span class='ocrx_word' id='word_1_265' title='bbox 441 3832 592 3914; x_wconf 87' lang='lat' dir='ltr'><strong>quotiens</strong></span> <span class='ocrx_word' id='word_1_266' title='bbox 606 3839 707 3907; x_wconf 90' lang='lat' dir='ltr'><strong>aecta,</strong></span> <span class='ocrx_word' id='word_1_267' title='bbox 723 3838 761 3897; x_wconf 90' lang='lat' dir='ltr'><strong>ut</strong></span> <span class='ocrx_word' id='word_1_268' title='bbox 779 3841 809 3896; x_wconf 88' lang='lat' dir='ltr'><strong>te</strong></span> <span class='ocrx_word' id='word_1_269' title='bbox 822 3833 890 3912; x_wconf 86' lang='lat' dir='ltr'><strong>ipse</strong></span> <span class='ocrx_word' id='word_1_270' title='bbox 904 3834 1120 3908; x_wconf 87' lang='lat' dir='ltr'><strong>interimeres,</strong></span> <span class='ocrx_word' id='word_1_271' title='bbox 1138 3834 1210 3913; x_wconf 84' lang='lat' dir='ltr'><strong>qnia</strong></span> <span class='ocrx_word' id='word_1_272' title='bbox 1226 3829 1443 3911; x_wconf 77' lang='lat' dir='ltr'><strong>imperavitir</strong></span> 
     </span>
     <span class='ocr_line' id='line_1_35' title="bbox 327 3923 1445 4016; baseline -0.004 -17"><span class='ocrx_word' id='word_1_273' title='bbox 327 3923 506 4016; x_wconf 66' lang='lat' dir='ltr'><strong>ln&#39;qntbus</strong></span> <span class='ocrx_word' id='word_1_274' title='bbox 529 3936 602 3998; x_wconf 85' lang='lat' dir='ltr'><strong>vide</strong></span> <span class='ocrx_word' id='word_1_275' title='bbox 623 3936 778 3999; x_wconf 88' lang='lat' dir='ltr'><strong>sermonis</strong></span> <span class='ocrx_word' id='word_1_276' title='bbox 800 3937 1095 4016; x_wconf 75' lang='lat' dir='ltr'><strong>extravagantism,</strong></span> <span class='ocrx_word' id='word_1_277' title='bbox 1112 3933 1312 4000; x_wconf 79' lang='lat' dir='ltr'><strong>et‘sinceree</strong></span> <span class='ocrx_word' id='word_1_278' title='bbox 1333 3932 1445 3998; x_wconf 87' lang='lat' dir='ltr'><strong>Princi-</strong></span> 
     </span>
     <span class='ocr_line' id='line_1_36' title="bbox 324 4033 1226 4116; baseline 0.003 -21"><span class='ocrx_word' id='word_1_279' title='bbox 324 4035 375 4115; x_wconf 86' lang='lat' dir='ltr'><strong>pis</strong></span> <span class='ocrx_word' id='word_1_280' title='bbox 397 4033 591 4114; x_wconf 77' lang='lat' dir='ltr'><strong>professioni</strong></span> <span class='ocrx_word' id='word_1_281' title='bbox 612 4037 743 4116; x_wconf 89' lang='lat' dir='ltr'><strong>saepius</strong></span> <span class='ocrx_word' id='word_1_282' title='bbox 764 4034 900 4097; x_wconf 84' lang='lat' dir='ltr'><strong>emissus</strong></span> <span class='ocrx_word' id='word_1_283' title='bbox 921 4033 1226 4099; x_wconf 87' lang='lat' dir='ltr'><strong>contradictionem.</strong></span> 
     </span>
    </p>
   </div>
   <div class='ocr_carea' id='block_1_21' title="bbox 327 4135 1562 4321">
    <p class='ocr_par' dir='ltr' id='par_1_21' title="bbox 327 4135 1562 4321">
     <span class='ocr_line' id='line_1_37' title="bbox 406 4135 1562 4218; baseline -0.007 -17"><span class='ocrx_word' id='word_1_284' title='bbox 406 4135 489 4201; x_wconf 83' lang='lat' dir='ltr'><strong>(lum</strong></span> <span class='ocrx_word' id='word_1_285' title='bbox 512 4137 613 4218; x_wconf 76' lang='lat' dir='ltr'><strong>igitur</strong></span> <span class='ocrx_word' id='word_1_286' title='bbox 634 4136 791 4216; x_wconf 79' lang='lat' dir='ltr'><strong>epistolae</strong></span> <span class='ocrx_word' id='word_1_287' title='bbox 809 4141 902 4200; x_wconf 91' lang='lat' dir='ltr'><strong>tenor</strong></span> <span class='ocrx_word' id='word_1_288' title='bbox 922 4143 1045 4217; x_wconf 78' lang='lat' dir='ltr'><strong>pugnet</strong></span> <span class='ocrx_word' id='word_1_289' title='bbox 1065 4155 1140 4202; x_wconf 87' lang='lat' dir='ltr'><strong>cum</strong></span> <span class='ocrx_word' id='word_1_290' title='bbox 1163 4137 1296 4202; x_wconf 89' lang='lat' dir='ltr'><strong>historia</strong></span> <span class='ocrx_word' id='word_1_291' title='bbox 1318 4135 1441 4218; x_wconf 74' lang='lat' dir='ltr'><strong>genuina</strong></span> <span class='ocrx_word' id='word_1_292' title='bbox 1561 4143 1562 4150; x_wconf 74' lang='grc'>’</span> 
     </span>
     <span class='ocr_line' id='line_1_38' title="bbox 327 4233 1562 4321; baseline -0.002 -24"><span class='ocrx_word' id='word_1_293' title='bbox 327 4233 513 4315; x_wconf 79' lang='lat' dir='ltr'><strong>iustiniani,</strong></span> <span class='ocrx_word' id='word_1_294' title='bbox 535 4239 704 4321; x_wconf 86' lang='lat' dir='ltr'><strong>speciatim</strong></span> <span class='ocrx_word' id='word_1_295' title='bbox 728 4240 759 4304; x_wconf 88' lang='lat' dir='ltr'><strong>iu</strong></span> <span class='ocrx_word' id='word_1_296' title='bbox 781 4237 833 4314; x_wconf 86' lang='lat' dir='ltr'><strong>iis,</strong></span> <span class='ocrx_word' id='word_1_297' title='bbox 855 4253 941 4314; x_wconf 82' lang='lat' dir='ltr'><strong>quse</strong></span> <span class='ocrx_word' id='word_1_298' title='bbox 961 4245 1118 4303; x_wconf 85' lang='lat' dir='ltr'><strong>notentur</strong></span> <span class='ocrx_word' id='word_1_299' title='bbox 1136 4237 1177 4303; x_wconf 89' lang='lat' dir='ltr'><strong>de</strong></span> <span class='ocrx_word' id='word_1_300' title='bbox 1197 4237 1358 4307; x_wconf 88' lang='lat' dir='ltr'><strong>horrenda</strong></span> <span class='ocrx_word' id='word_1_301' title='bbox 1377 4250 1441 4316; x_wconf 89' lang='lat' dir='ltr'><strong>per·</strong></span> <span class='ocrx_word' id='word_1_302' title='bbox 1561 4261 1562 4268; x_wconf 44' lang='lat'><strong>.</strong></span> 
     </span>
    </p>
   </div>
   <div class='ocr_carea' id='block_1_22' title="bbox 0 0 1574 4950">
    <p class='ocr_par' dir='ltr' id='par_1_22' title="bbox 0 0 1574 4950">
     <span class='ocr_line' id='line_1_39' title="bbox 0 0 1574 4950; baseline 0 0"><span class='ocrx_word' id='word_1_303' title='bbox 0 0 1574 4950; x_wconf 95' lang='lat' dir='ltr'><strong> </strong></span> 
     </span>
    </p>
   </div>
  </div>
 </body>
</html>
