3048 4946
331 404 392 480 tit

332 527 352 574 a
376 507 493 593 vigilio
514 513 586 594 post
606 509 780 578 discessum
801 526 819 576 s
840 507 963 589 Sicilia,
993 523 1158 594 suumque
1179 509 1211 574 io
1232 507 1353 577 Urbem
1384 528 1429 576 rc·
1511 507 1512 510 ’

333 612 419 692 giam
435 612 625 693 ingressum,
642 621 675 680 ct
694 615 750 678 ubi
767 612 807 677 dc
828 621 902 678 ootu
918 615 1106 694 quaestions
1120 615 1242 678 certior
1262 613 1367 677 iactus
1379 621 1430 677 est

335 713 547 796 Quapropter
567 714 715 797 epistole,
733 715 787 780 ubi
803 715 882 778 bseo
903 723 1090 792 serrantur,
1105 733 1169 779 uoo
1183 724 1230 778 est
1244 715 1432 780 ocuiundeo

335 814 376 877 da
399 833 473 881 cusu
495 817 597 896 priori
617 817 658 880 ab
683 819 798 880 itinero
817 819 951 896 scripto,
974 818 1029 881 sed
1052 815 1090 879 sd
1119 827 1281 898 posteram
1303 825 1432 880 aetatem
1511 827 1512 896 t

333 915 527 982 reisreudsr
551 917 751 999 proindeque
781 935 845 981 nou
867 934 931 982 uua
953 925 985 981 ct
1005 918 1117 981 eudem
1148 917 1283 982 toueuda
1305 927 1367 992 cst,
1389 935 1434 979 ve·

333 1013 397 1079 luti
418 1017 495 1080 dioit
518 1014 688 1081 Facundus
709 1016 746 1080 s'c
774 1015 953 1081 memoratis
972 1015 1041 1080 suis
1068 1013 1198 1090 is'stcrs's,
1220 1035 1336 1080 sorum
1358 1014 1434 1080 duac
1511 1029 1512 1094 ξ

332 1114 409 1182 locu
430 1127 463 1182 st
485 1127 629 1199 temporo
650 1117 837 1182 distinctae:
856 1135 918 1183 uua
941 1118 982 1180 ab
1003 1119 1118 1181 itincre
1138 1117 1225 1192 dota,
1243 1118 1348 1180 ultera
1370 1121 1434 1197 post
1511 1105 1512 1140 ¹

334 1215 444 1300 Papae
464 1220 641 1298 inpressum
658 1216 824 1284 inuocem
846 1219 983 1298 regiam,
1005 1226 1038 1281 et
1054 1227 1125 1299 pust
1138 1216 1292 1297 Stephani
1316 1218 1434 1298 apocri·

335 1317 424 1384 siurii
449 1318 586 1382 obitum.
607 1317 729 1382 Temen
750 1326 876 1384 onustat
890 1317 1076 1382 Pontificem
1094 1316 1196 1382 Bonus
1211 1317 1431 1392 disocdeateu,

334 1415 479 1484 Siciliam
500 1419 675 1499 appulisse,
706 1418 816 1500 ibique
838 1418 1026 1482 diuturnam
1058 1419 1161 1500 spisso
1181 1435 1321 1494 mumm,
1344 1417 1434 1480 donec

333 1526 479 1582 oossuute
498 1537 582 1584 auuu
596 1515 668 1591 546.
692 1527 751 1584 sut
771 1519 861 1582 initio
875 1517 946 1588 utu.
962 1517 1270 1599 Constantinopolim
1288 1517 1384 1592 seuit,
1403 1523 1433 1580 ut

335 1627 448 1684 norror
469 1617 659 1701 Procopius.
676 1617 726 1684 do
747 1638 810 1683 ons
827 1623 914 1699 putet
933 1637 976 1682 cx
998 1617 1201 1683 Praetutioue
1223 1617 1369 1699 ejusdcm
1383 1615 1433 1680 ua·

337 1721 447 1799 cundi,
473 1733 506 1788 et
527 1741 569 1786 ox
594 1720 702 1801 vigilii
724 1722 858 1802 epistole
878 1721 919 1784 ud
948 1720 1118 1785 Rusticum
1153 1727 1186 1784 et
1208 1716 1430 1791 Sebastisuuu,

336 1818 457 1900 Papam
482 1823 660 1885 scnioutom
686 1821 718 1884 lu
742 1819 862 1887 Urbem
885 1825 1020 1902 rupium,
1046 1822 1186 1903 primum
1214 1822 1378 1901 episcopus
1396 1819 1430 1881 ibi
1511 1849 1512 1894 t

338 1922 541 1986 cousuluisse
562 1923 602 1986 du
616 1924 817 2005 quaestione,
833 1941 872 1988 ac
887 1924 1000 1988 deiude
1020 1925 1146 1987 litteras
1164 1923 1291 1986 dedisse
1310 1921 1430 1984 Mortuus

339 2020 525 2086 ludicntum
540 2025 715 2104 ospieutes3
731 2042 875 2105 quocum
892 2025 1046 2105 explicite
1061 2027 1123 2088 tria
1138 2023 1289 2104 Capitois
1311 2022 1429 2086 iuoruut
1511 1995 1512 2040 ¹

339 2121 502 2200 demonio,
534 2119 573 2188 dc
594 2141 656 2188 uus
678 2126 942 2190 arosuemasiznti
963 2125 1164 2208 unicumque
1184 2125 1341 2190 adsersus
1359 2123 1428 2186 ideu

336 2220 528 2290 iudicatum
549 2225 811 2290 insurrexissent.

407 2325 501 2404 'Quis
523 2334 632 2391 nutem
654 2326 754 2393 inerit
772 2327 954 2410 Stopbuons
975 2327 1205 2409 apocrisiarius
1237 2327 1324 2410 apud
1344 2323 1431 2389 lusti·

338 2425 483 2502 uieuum,
505 2425 545 2488 ds
564 2445 632 2506 quo
654 2445 712 2493 uec
732 2427 765 2492 lu
785 2428 931 2508 penninis
951 2426 1096 2509 ejusdem
1113 2425 1221 2508 Vipiiii
1243 2427 1322 2491 actis
1341 2441 1431 2506 usquc

336 2524 496 2593 inlibris
525 2527 674 2610 Procopii
696 2526 742 2592 Da
761 2528 853 2593 Balio
883 2525 1027 2614 Guttdicn
1054 2529 1218 2596 iuvenitur
1239 2529 1369 2604 mentio,
1388 2543 1430 2590 us

340 2645 406 2709 quc
428 2629 524 2693 modo
545 2630 714 2694 nescirem.
749 2629 834 2694 illud
859 2649 936 2697 roso
957 2640 1092 2708 constet,
1114 2631 1243 2722 quando
1274 2627 1432 2694 Facundus

340 2726 431 2804 dicit,
453 2729 540 2794 bunc
560 2727 758 2812 Steplrsuum
774 2729 912 2795 Menneu
932 2733 1114 2813 ceterisque
1130 2732 1290 2813 episcopis
1310 2731 1433 2795 orieuts·

339 2829 428 2896 libus
439 2831 667 2913 exprobrasse,
683 2833 771 2914 quod
786 2834 845 2914 ipsi
865 2833 977 2898 Edicto
991 2833 1163 2900 Justiuiaui
1178 2837 1292 2899 contra
1309 2833 1367 2897 tria
1385 2828 1435 2894 Ca·

340 2933 446 3014 pitula
466 2933 727 3014 subscripserint,
750 2953 872 3015 eosque
892 2934 965 3000 ideo
986 2935 1114 3000 libellos
1134 2935 1260 3000 dedisse
1273 2933 1433 3014 Stepbaso,

338 3033 382 3097 sd
404 3032 558 3116 vigilium
581 3033 717 3099 Rumam
740 3035 960 3112 remittendos,
982 3037 1172 3118 prinsquam
1200 3036 1276 3101 bisc
1297 3035 1380 3116 Papa
1397 3031 1436 3094 di·

340 3136 499 3213 sorderet,
522 3138 722 3220 apocrisiarii
745 3155 862 3202 munus
887 3139 973 3218 spud
996 3138 1230 3219 Imperatorem
1261 3137 1370 3202 obibat
1387 3133 1436 3198 Ps-

339 3234 456 3316 lupius.
479 3235 544 3314 Qui
566 3239 683 3320 (iuquit
704 3238 881 3319 Procopius
902 3237 1001 3303 Libro
1024 3237 1082 3304 ΙΙΙ.
1100 3257 1146 3304 cu.
1161 3237 1232 3303 XV.
1248 3235 1349 3314 xvi.)
1363 3239 1437 3297 sote·

285 3384 290 3393 ,
340 3354 440 3416 quam
452 3337 602 3418 Pontiiex
617 3341 704 3404 ciros
720 3357 838 3404 aunum
849 3335 919 3405 oti.
934 3337 1243 3420 Constantinopolim
1258 3337 1435 3420 appelleret,

221 3525 227 3532 Ι
339 3437 383 3500 sb
402 3437 464 3502 bac
484 3425 615 3504 ciuitate
635 3440 736 3522 paulo
749 3447 822 3504 nuts
836 3439 1003 3522 proiectus
1024 3449 1108 3518 erut,
1124 3450 1335 3522 posteaquam
1349 3439 1436 3501 trinu

342 3533 571 3619 Cupituloruur
594 3540 831 3623 subscripserat
850 3541 1059 3607 dumuatiuui.
1083 3540 1318 3618 Quamobrem,
1339 3540 1365 3604 si
1385 3537 1437 3600 buo

342 3643 491 3720 tempore
512 3641 712 3719 apocrisiarii
734 3659 851 3708 munus
871 3641 958 3724 apud
973 3643 1192 3709 Iustinianom
1213 3637 1438 3724 gerebatPela·

339 3737 425 3819 pius,
438 3741 633 3823 Stephanos,
653 3743 710 3822 qni
726 3760 744 3806 a
761 3741 914 3808 Facundo
933 3751 1195 3824 repraesentatur
1223 3740 1438 3824 apocrisiarius

342 3842 429 3922 spod
453 3839 684 3922 imperatorem
700 3841 879 3908 obtestatus
900 3854 1012 3909 coutrs
1034 3849 1212 3928 episcopus,
1227 3845 1285 3925 qui
1304 3841 1437 3907 Edictum

346 3943 570 4023 obsignarunt,
593 3950 625 4008 et
645 3945 702 4026 qui
721 3943 851 4009 libellos
872 3948 995 4028 accepit
1009 3949 1049 4011 ab
1069 3948 1115 4010 eis
1135 3945 1381 4018 retractationis,
1394 3935 1439 4000 Vl·

345 4043 424 4125 pilio
439 4045 659 4124 remittendos,
675 4062 781 4127 quum
795 4047 903 4112 adbuc
919 4047 1041 4112 Romae
1055 4049 1202 4130 degeret,
1217 4043 1439 4113 commentitius

341 4145 403 4208 uisi
424 4147 456 4209 iu
477 4165 612 4227 persona
634 4149 750 4215 solium
767 4151 868 4215 relate
890 4149 929 4213 ad
950 4149 1151 4230 apocrisiarii
1172 4166 1305 4224 munus,
1333 4143 1434 4208 babos

341 4243 403 4312 dus
423 4253 482 4314 est.
506 4247 571 4326 Qui
592 4247 868 4335 Constantinopoli
883 4251 945 4317 triu
967 4250 1117 4334 Capitula
1132 4247 1366 4316 daieudcutiuur
1382 4257 1427 4305 su·
