2994 4938
271 374 390 462 '³24

682 513 691 528 ·
752 485 897 596 assor
913 485 1016 555 xva.

330 687 465 758 Collatia
485 686 592 753 initur
612 687 771 771 Epistulae
788 691 957 773 spnolieoe
972 684 1134 771 Theophili
1152 685 1196 751 od
1210 685 1364 753 Palaestr-

366 809 426 857 nae
445 799 474 856 et
497 789 594 872 Cypri
612 790 770 874 episcopos
789 795 941 858 adversm
971 788 1136 872 Oripsnem
1155 798 1185 854 et
1202 789 1363 856 manoehos

365 887 545 966 nitrienses,
568 909 640 954 eum
657 889 785 973 Georpii
799 892 1005 976 patriarchae
1023 889 1231 955 alexandrini
1250 891 1288 953 ele
1307 890 1363 952 har

366 1013 400 1058 re
413 990 590 1057 testimonio
611 991 646 1080 in
666 993 734 1059 oito
753 1014 781 1059 e.
803 992 938 1060 loannis
961 991 1182 1074 chrysostomi:
1203 991 1259 1058 uhi
1278 1009 1364 1074 aper·

367 1093 433 1161 tius
452 1093 556 1178 ipsius
578 1092 739 1176 Theophili
754 1095 904 1179 perfidia,
924 1104 953 1161 et
981 1091 1128 1178 Oriprnis
1147 1103 1175 1158 et
1196 1094 1360 1158 monacha·

365 1205 439 1260 rum
464 1193 705 1280 origenistarum
726 1196 885 1264 doetrinae
912 1207 942 1262 et
961 1195 1044 1261 ritae
1068 1193 1213 1279 probitas
1245 1194 1363 1260 innote-

367 1305 462 1362 senat
462 1341 1251 1362 ................
1293 1313 1362 1380 pop.
1380 1294 1426 1364 185

743 1493 884 1566 CAPUT
904 1483 1042 1566 ΧΥΙΙΙ.Ι

329 1697 479 1784 Sequitur
505 1699 662 1768 discussio
681 1711 710 1766 et
730 1719 839 1767 eorum
859 1700 1057 1780 illustratio,
1084 1718 1163 1780 quae
1183 1720 1204 1764 a
1237 1697 1366 1782 Georpio

364 1802 555 1886 patriarcha
583 1811 738 1868 notantur
756 1803 794 1868 in
810 1805 958 1886 praesuta
988 1801 1172 1867 narratione
1200 1801 1289 1866 eirea
1308 1821 1368 1866 mo·

225 1933 230 1950 ·
369 1904 542 1969 naehorunr
565 1903 797 1970 damnationem
818 1914 846 1969 et
866 1906 1079 1987 expulsionem
1101 1907 1140 1971 oh
1155 1905 1294 1986 Aepppto
1314 1903 1367 1967 suh

364 2004 521 2070 haereseos
530 2013 707 2086 praetereo,
722 2005 861 2072 instante
881 2027 978 2091 quam
998 2008 1134 2075 monime
1150 2004 1328 2090 lheophilo.
1348 2021 1363 2064 r
1380 1997 1428 2069 hh

758 2202 899 2276 CAPUT
920 2208 1008 2276 xlx.

328 2407 409 2472 Aeta
418 2419 618 2476 recensentur
630 2408 903 2492 Constantinopoli
915 2411 998 2477 inter
1009 2411 1224 2496 Epiphaninm
1234 2421 1262 2476 et
1271 2411 1365 2476 loon·

368 2525 438 2572 nem
463 2507 713 2591 chrysostomum
734 2507 822 2576 eirea
853 2509 1000 2594 Oripenis
1020 2523 1049 2577 et
1074 2513 1298 2577 monaohorum
1318 2509 1364 2575 ni·

367 2609 535 2675 triensium
549 2613 727 2691 anathema,
744 2607 798 2676 uhi
812 2615 973 2696 hueusque
988 2633 1051 2698 pro
1068 2613 1118 2678 his
1138 2615 1281 2694 exposita
1302 2631 1365 2677 aar·

365 2711 465 2793 pliori
485 2714 694 2780 tumulantur
712 2713 930 2782 illustratione
938 2759 1204 2780 ......
1246 2744 1256 2778 ·.
1301 2759 1311 2778 .
1350 2707 1426 2779 »nti

659 2877 662 2886 ’
769 2911 910 2984 coron
936 2916 1006 2984 xx.

332 3119 420 3185 Duae
440 3117 586 3201 epistolae
600 3120 823 3200 conseruntur,
843 3139 910 3186 uno
926 3119 1087 3200 Theophili
1099 3120 1310 3186 aleaanrlrini
1329 3121 1368 3184 at

367 3241 391 3284 s.
408 3219 636 3300 Hieronymum
646 3223 806 3285 -otluersue
823 3219 1089 3302 chrysostomum,
1103 3231 1133 3286 et
1147 3224 1250 3286 altera
1274 3221 1367 3302 Chry·

366 3321 494 3387 sostomi
506 3324 549 3388 od
562 3322 784 3390 Innocentium
795 3323 919 3406 Papam
939 3326 1089 3390 adversus
1105 3342 1259 3390 enorrmm
1279 3323 1368 3388 Theo

365 3423 450 3504 phili
469 3424 719 3507 improbitatem:
752 3444 887 3508 quoram
909 3425 1010 3512 napis
1041 3426 1211 3492 invalescit
1225 3423 1367 3512 proposi·

367 3535 435 3592 tum
455 3537 599 3594 nostrum
618 3529 655 3596 in
676 3547 774 3595 eausa
793 3527 982 3610 aripeniana
988 3570 1309 3592 .......
1348 3519 1428 3590 »nn

762 3727 902 3798 CAPUT
931 3725 1019 3794 XXI.

332 3925 439 3994 Cetera
459 3927 554 4011 hujus
575 3927 688 3994 aetatis
704 3929 938 4012 perquiruntur
951 3939 1164 4008 monumenta,
1182 3928 1326 3996 Portasti
1341 3935 1368 3990 et

328 4105 346 4118 Γ
367 4026 487 4093 Isidori
512 4025 704 4104 Pelusiotae,
723 4028 835 4109 quihus
849 4027 952 4110 mapis
971 4051 1010 4094 ae
1034 4029 1135 4111 mauis
1154 4019 1290 4112 perfidia
1313 4048 1364 4092 no·

369 4137 459 4192 tatur
488 4125 661 4211 Theophili,
685 4139 714 4192 et
734 4129 943 4195 lamentabilis
962 4130 1075 4194 illusio
1089 4141 1178 4214 potet
1196 4149 1234 4194 ss
1259 4129 1366 4197 Hieru-

370 4229 457 4310 nprm'
476 4239 503 4298 et
524 4229 702 4316 lipr'phunii
722 4229 758 4300 in
774 4231 953 4316 quaestione
973 4231 1159 4316 oriprniona
1200 4281 1207 4298 .
1250 4280 1258 4297 .
1301 4280 1309 4297 .
1349 4221 1426 4296 sthi
