3138 4950
352 369 414 534 ῗιῖξ
427 469 616 546 monachus,
639 467 829 536 Eustatblus
861 469 1042 556 presbyter,
1065 464 1239 534 Facundus
1265 465 1452 532 berniacam

351 573 407 646 sis,
432 570 604 652 Euagrius,
626 569 805 652 Gregorius
827 573 1022 648 turonensis,
1039 568 1220 654 Hesychius
1242 569 1393 644 milesius,
1409 567 1450 630 ln·

355 673 521 738 nocentius
543 675 763 751 maronianus,
778 673 919 774 {oannes
940 673 1189 754 epiphaniensis,
1211 670 1351 736 loannes
1369 669 1451 733 acho·

354 774 499 850 lasticus,
515 771 709 853 Joruamlas,
732 773 1103 856 lsitiornshispaleusis,
1125 771 1279 838 Leontius
1299 770 1454 836 scholasti·

352 895 424 950 cus,
440 873 609 939 Liberatus
630 874 798 954 diaconus,
813 875 1027 942 Marcellinus
1044 875 1173 952 Comes,
1189 871 1368 938 Menander
1391 888 1454 952 pru·
1537 863 1538 882 ¹

357 985 472 1050 tector,
489 975 611 1041 Paulus
631 979 822 1058 apamensis,
840 977 962 1042 Paulus
981 975 1194 1052 silentiarius,
1210 970 1399 1036 Theodorus
1416 972 1454 1034 tc·

355 1087 440 1152 otor,
456 1074 668 1158 Theophanes
690 1079 871 1163 bysantius,
887 1076 1088 1157 Theophilus
1102 1082 1296 1157 praeceptor
1311 1071 1454 1137 iustinia-

357 1180 401 1254 ui,
424 1177 678 1260 Theophiiactus
697 1177 885 1255 Simoentis,
909 1176 1023 1242 Victor
1044 1177 1243 1242 tununensis.

436 1301 454 1338 a
469 1278 574 1346 Neruo
597 1289 703 1344 tamen
725 1280 843 1346 horum
870 1280 1050 1362 quidquam
1074 1284 1320 1342 commemorat.
1344 1273 1456 1340 hialim

355 1387 462 1444 umen
482 1398 525 1445 ax
547 1383 610 1445 hoo
631 1399 768 1446 numero
792 1380 932 1446 voluisse
953 1381 1151 1462 perlibenter
1166 1377 1386 1443 lastinianum
1406 1376 1456 1439 bac

354 1482 483 1546 merula
505 1500 689 1564 aspergere,
707 1483 828 1549 multos
848 1484 945 1546 ctiam
971 1483 1102 1564 impone
1117 1483 1180 1545 hoc
1201 1480 1312 1545 iacere
1328 1478 1455 1544 soluisse

357 1581 485 1646 nullum
507 1589 557 1648 est
576 1583 724 1647 dubium.
749 1581 832 1647 Saue
853 1580 967 1646 Victor
989 1583 1190 1660 tununensis,
1211 1578 1388 1660 Euagrius,
1408 1575 1457 1640 to·

355 1683 493 1760 enudus,
510 1680 705 1770 hesychius,
721 1681 870 1749 Milesius
885 1683 978 1749 nullo
995 1684 1093 1748 mutio
1108 1683 1296 1757 tacuissent,
1312 1681 1339 1746 si
1354 1683 1395 1746 ita
1413 1696 1455 1743 ras

354 1803 469 1850 revera
483 1803 518 1850 se
539 1787 714 1852 habuisset.
733 1785 867 1851 Praeter
889 1789 973 1852 euim
995 1787 1083 1868 qnod
1104 1786 1182 1850 dicti
1202 1791 1358 1848 auctores
1377 1787 1457 1846 eraut
1537 1813 1538 1824 ι

355 1894 388 1950 at
412 1883 604 1952 Theodorus
625 1895 658 1951 et
685 1886 869 1953 lesttntauo
890 1888 1104 1965 infensissimi,
1136 1894 1176 1951 ιιι
1197 1884 1313 1950 Victor
1341 1882 1456 1966 quidem
1537 1879 1538 1948 i

355 1995 468 2068 aperte
482 1986 669 2068 profitetur,
686 1988 790 2052 nunilo
805 1988 1018 2052 horribiliora
1038 1988 1078 2052 tia
1092 1988 1168 2068 ipsis
1190 1985 1376 2067 posteritati
1394 2000 1457 2063 pru·

354 2087 433 2152 (lora
453 2105 516 2150 uon
536 2095 613 2154 suut
635 2089 740 2153 veriti.
756 2087 853 2154 Certe
868 2087 1042 2169 Euagrius,
1058 2107 1098 2152 ne
1118 2088 1183 2151 alia
1203 2103 1455 2158 commemorem,
1537 2143 1538 2148 ,

355 2189 475 2268 quibos
496 2207 611 2254 nomeu
628 2189 884 2272 iustiniauaeum
906 2190 1027 2266 laedat,
1056 2189 1198 2254 aeternis
1219 2187 1361 2252 hamanis
1379 2186 1460 2250 ieris·
1537 2185 1538 2212 ³

354 2289 434 2353 sima
463 2291 622 2356 dascusa
650 2291 802 2357 eumdem
824 2293 1009 2372 mancipare
1040 2309 1103 2354 uon
1124 2290 1302 2369 dubitarit,
1325 2289 1407 2354 haul
1425 2287 1457 2350 si·
1537 2303 1538 2388 i

356 2391 456 2455 leutio
479 2410 765 2474 pressuramque
788 2393 840 2458 rel
862 2397 1019 2458 minorem
1040 2391 1216 2457 lastiniani
1237 2391 1345 2454 lamae
1365 2407 1458 2452 maon·

352 2493 419 2556 lam
443 2494 574 2560 inurere
595 2504 736 2575 possent,
752 2505 810 2560 aut
831 2496 863 2558 iu
884 2495 1030 2560 omnium
1052 2511 1111 2559 erc
1128 2493 1197 2576 iam
1213 2499 1284 2558 tum
1309 2507 1458 2556 versarem

356 2603 422 2659 tur.
447 2595 698 2660 infensissimum
721 2595 886 2664 Victorem
908 2596 1093 2662 Iustiniana
1125 2595 1223 2660 inisse
1243 2595 1406 2658 inimicum
1425 2609 1457 2654 ax
1537 2669 1538 2672 Ἴ

357 2697 457 2776 ipsius
472 2697 685 2773 confessione,
697 2715 796 2779 quam
811 2699 843 2760 iu
857 2715 918 2763 suo
936 2697 1099 2763 Chronico
1115 2697 1242 2773 renitet,
1256 2695 1457 2760 clarissimum

354 2805 404 2860 est
420 2841 585 2861 .......
602 2796 783 2864 Juruautles
807 2819 898 2876 voro,
921 2798 1146 2875 Cassiodorus,
1169 2796 1330 2872 isidorus,
1352 2793 1457 2858 Panto

358 2897 514 2964 diaconus
538 2909 689 2981 tauquam
703 2901 841 2981 imperio
856 2898 1181 2985 byzantiuoexempli
1204 2897 1234 2960 tt
1256 2899 1387 2979 impune
1405 2910 1458 2956 ure

359 3016 490 3064 morare
519 3001 707 3081 potuissent.
731 2998 762 3066 Α
782 3001 908 3067 nemine
942 3019 1020 3066 veru
1043 3007 1075 3062 ei
1097 2999 1230 3080 quidem
1256 3015 1299 3062 ue
1328 2993 1458 3062 animia
1537 3021 1538 3080 ς

358 3107 449 3163 tauto
476 3109 509 3164 et
534 3119 672 3166 numero
699 3110 732 3165 et
763 3103 919 3166 serietate
946 3103 1165 3181 scripturum,
1196 3117 1264 3164 rem
1298 3098 1374 3162 tanti
1403 3112 1456 3158 no
1537 3083 1538 3168 ι

359 3203 456 3264 menti
478 3203 667 3280 inauditam,
692 3205 891 3277 inusitatam,
908 3205 1057 3268 omnibus
1071 3211 1181 3278 notem
1197 3202 1296 3265 eliam
1317 3201 1358 3264 ab
1377 3193 1458 3261 hosti·
1537 3209 1538 3290 ὲ

359 3303 417 3366 bus
433 3301 625 3368 Theodorae
646 3321 709 3368 uou
732 3304 833 3370 luisse
854 3305 948 3368 ullibi
964 3305 1129 3381 locorum,
1152 3322 1192 3366 ue
1211 3303 1332 3366 leniter
1345 3299 1456 3382 qnttsu
1537 3299 1538 3320 ³

358 3412 487 3479 taniam,
501 3405 527 3467 si
550 3406 592 3468 ita
609 3414 705 3478 esset,
722 3423 761 3468 ue
782 3406 886 3470 simile
909 3406 1041 3486 quidem
1061 3413 1110 3470 esi
1134 3423 1224 3469 vern.
1242 3424 1259 3462 u
1276 3403 1403 3468 luterim
1416 3415 1458 3459 re·

356 3523 394 3567 ro
415 3507 509 3583 solas,
531 3525 613 3587 quus
632 3505 800 3571 Eichelius
822 3506 934 3588 plnres
955 3507 998 3568 ibi
1019 3509 1196 3570 connexuit
1225 3505 1396 3585 scriptores
1416 3503 1457 3575 (tr

357 3623 444 3670 mnes
478 3606 545 3672 iare
567 3608 649 3671 hanc
680 3609 900 3688 pertingentes
937 3610 1097 3684 aetatem)
1127 3616 1163 3672 ut
1184 3601 1457 3671 criminationesia

1537 3515 1538 3570 i

355 3703 830 3773 Theodorametlustiniauom
841 3709 948 3791 jactas
963 3709 1190 3786 contunderet,
1200 3708 1331 3772 eosdem
1343 3721 1405 3769 esse
1418 3718 1456 3762 ra·

358 3809 511 3887 petendos
534 3809 692 3874 adversus
722 3819 829 3875 cetera
846 3811 1311 3884 calumniatorisonnsmeuta,
1326 3815 1458 3886 uuquam
1537 3795 1538 3840 l

360 3918 466 3974 tntum
487 3929 521 3974 se
543 3912 695 3976 sistentes
718 3912 1003 3993 propugnaculum
1015 3931 1027 3990 ;
1049 3913 1082 3974 iu
1101 3929 1168 3991 quo
1190 3912 1298 3974 cuncti
1319 3905 1459 3972 coliitlun·

361 4019 414 4073 tur
434 4020 637 4094 pereuntque
654 4011 802 4093 Procopii
825 4022 962 4078 onustos
982 4014 1128 4076 sincerae
1157 4013 1280 4076 mentiti
1309 4007 1456 4074 hbtoriae.
1537 4027 1538 4072 l

443 4111 504 4176 Sed
526 4123 559 4178 et
578 4114 617 4176 ad
639 4115 721 4178 haue
741 4114 874 4178 stultam
908 4113 1058 4195 Procopii
1085 4114 1377 4195 praesumptionem
1401 4117 1459 4184 pet·
1537 4145 1538 4186 ι

359 4211 436 4274 tinet
466 4215 697 4296 quotcumque
726 4211 1116 4280 auennensem.
1141 4214 1284 4295 ejusdem
1314 4205 1456 4275 Historiae
