3042 4940
345 505 421 554 rom
442 489 612 566 examine,
632 488 702 553 siro
721 489 792 572 ipso
811 495 915 556 stante
935 488 1101 570 concilio,
1123 492 1185 558 ltoc
1206 490 1382 558 necessario
1398 507 1443 556 no·

349 592 481 656 mudum
498 591 622 670 luisset,
646 593 697 657 sel
718 592 945 657 declarationis
960 609 1070 670 eausa,
1088 593 1139 656 rel
1153 592 1378 658 excusationis.
1400 592 1445 656 lt·

348 701 454 757 tamen
476 693 560 759 istud
577 711 640 759 non
660 695 888 760 animadvertit
904 693 1074 776 Pelagius:
1090 695 1269 776 quinimmo
1288 711 1379 758 snam
1394 711 1447 756 ns·

346 795 476 860 uiiestni
496 797 712 860 omnimodam
731 804 766 862 et
780 803 926 878 quatuor
945 797 1082 881 synodis
1100 797 1314 861 reverentiam
1327 805 1361 862 et
1376 815 1448 860 ean·

348 896 434 974 dem,
457 915 555 978 qnam
576 896 714 979 vigilius
744 901 911 981 ceterique
943 899 1084 964 firmiter
1105 901 1346 980 praestiterunt.
1369 897 1446 964 litii

344 1008 510 1063 asseverat
530 1000 688 1065 adsersus
708 1019 775 1077 eos,
797 1003 855 1082 qni
879 1019 921 1065 ex
944 999 1043 1066 trium
1073 1001 1303 1083 capitulorum
1326 1001 1448 1083 proscri-

345 1105 467 1184 piioue,
490 1100 585 1166 iidem
608 1119 796 1167 concussam
819 1111 978 1185 potarunt
1000 1105 1224 1186 praelatarum
1245 1103 1445 1186 Synotiorun.

346 1201 442 1280 Quod
459 1205 658 1285 apertissime
669 1209 797 1286 negarit
811 1213 844 1270 et
860 1223 919 1288 per
931 1224 980 1282 se,
996 1215 1029 1270 et
1042 1223 1102 1287 per
1116 1213 1353 1270 antecessorem
1367 1222 1448 1269 soum

342 1302 513 1386 vigilium,
529 1313 701 1387 propterea
723 1307 893 1388 iuquiens:
914 1305 963 1371 s'to
983 1325 1029 1371 ms
1045 1315 1226 1388 prorepsere
1245 1306 1360 1371 dicimo
1377 1305 1451 1369 uiss-

341 1405 498 1484 rs'cords'o,
519 1416 549 1470 et
567 1425 667 1489 respue
685 1409 729 1473 ud
748 1407 915 1474 terminum
936 1410 1019 1474 citos
1038 1427 1123 1473 meus
1142 1407 1258 1472 sentire
1278 1417 1343 1472 toto
1361 1407 1452 1472 asino

343 1517 373 1571 st
386 1517 452 1572 toto
472 1506 589 1574 virtuts
605 1511 767 1592 profiteor,
780 1509 877 1577 sicuti
896 1529 949 1576 cos
971 1510 1114 1593 speram
1125 1512 1299 1576 accusem
1318 1525 1397 1573 crees
1412 1508 1452 1571 is·

344 1609 480 1692 senuisse
499 1628 563 1674 oon
583 1609 713 1675 dubium
734 1623 787 1678 est.

428 1709 551 1776 Verum
574 1711 660 1777 circa
682 1713 859 1792 falsitates,
888 1717 958 1780 sire
978 1731 1084 1794 rece,
1112 1715 1183 1780 sire
1200 1713 1327 1796 scripto
1345 1715 1377 1778 in
1396 1707 1454 1774 rul-

346 1827 408 1892 gus
428 1810 519 1877 ‹intss
539 1815 572 1876 in
593 1813 769 1878 insciorum
791 1814 993 1890 scandalum,
1015 1822 1128 1880 contra
1151 1832 1188 1878 ea
1209 1833 1298 1896 qnae
1319 1815 1352 1878 iu
1371 1811 1455 1896 Syro

347 1913 390 1976 tio
402 1915 513 1994 quintu
530 1913 658 1979 definita
672 1926 776 1994 erant,
798 1925 835 1981 nt
851 1917 925 1981 iude
946 1935 1065 1998 arguas
1080 1917 1323 1982 calumniarum
1338 1915 1453 1988 iontem,

344 2015 464 2095 quibus
485 2014 594 2097 vigilii
616 2017 700 2081 lama
716 2026 748 2082 at
771 2017 980 2084 l’ontilicatns
1001 2017 1139 2082 liomani
1160 2018 1263 2098 gloria
1277 2017 1454 2080 obtenebra-

346 2125 378 2181 ta
395 2116 469 2192 luit,
485 2117 568 2182 aliae
590 2118 645 2184 tibi
659 2126 789 2202 praesto
809 2129 883 2185 suut
898 2119 1019 2201 Pelagii
1042 2120 1282 2184 obtestationes.
1306 2118 1342 2182 ln
1356 2117 1455 2197 episto·

343 2217 378 2282 la
400 2237 539 2302 numque
559 2222 599 2284 ad
616 2219 786 2289 Narsetsm
800 2223 917 2290 (lucem
938 2225 971 2287 in
993 2221 1086 2287 italia
1114 2239 1245 2287 mouens
1261 2233 1302 2286 nt
1321 2221 1456 2287 sclrisum

269 2395 272 2402 Δ
345 2318 426 2386 ticos
447 2330 609 2400 coercent,
631 2325 693 2388 aits

427 2421 532 2488 «Non
548 2443 604 2489 ros
620 2425 786 2491 hominum
803 2424 989 2508 raniloqnia
1004 2425 1172 2491 retardent
1183 2421 1376 2497 dicentium,
1392 2419 1455 2501 quir

345 2521 493 2589 Ecclesia
515 2530 771 2606 persecutionem
794 2527 945 2594 iaciat..
964 2574 973 2592 .
989 2575 997 2590 .
1013 2527 1061 2592 ile
1080 2527 1266 2609 liguribus,
1289 2535 1389 2606 atque
1414 2540 1456 2584 re·

345 2627 459 2694 noticis
478 2634 511 2692 et
525 2627 622 2694 istriis
644 2629 801 2712 episcopis
815 2627 895 2710 qnitl
916 2627 1048 2694 dicam?
1069 2645 1151 2708 qnos
1167 2627 1282 2691 idonea
1302 2634 1352 2690 esi
1365 2621 1456 2688 excel·

347 2727 447 2793 lentis
469 2738 576 2793 restra
597 2737 631 2794 et
651 2731 776 2795 ratione
799 2739 832 2795 et
853 2738 1012 2810 potestate
1034 2730 1235 2810 reprimere,
1258 2735 1294 2792 et
1316 2725 1457 2790 dimittitis

348 2845 403 2895 eos
424 2831 455 2892 io
477 2837 696 2912 contemptum
725 2832 978 2912 apostolicarum
999 2831 1124 2895 senium
1145 2829 1186 2894 (la
1206 2847 1265 2894 sna
1290 2827 1456 2894 rusticitate

348 2929 495 3012 gloriari.
512 2929 607 3009 Cum,
619 2931 726 3014 'siquid
743 2953 798 2997 eos
819 2933 859 2997 (le
877 2931 1001 3016 jndicio
1020 2929 1363 3013 universalissynodi,
1385 2923 1456 3008 psol

349 3028 624 3114 Constantinopoli
636 3053 695 3117 per
707 3035 844 3115 primam
860 3034 1120 3115 nuperclapsam
1135 3032 1345 3096 indictionem
1362 3037 1456 3092 satan

350 3140 411 3210 est,
433 3133 518 3198 lorte
545 3135 708 3213 moreest,
734 3135 773 3199 ad
800 3135 914 3202 &dem
937 3134 1157 3218 Apostoiioam
1182 3133 1373 3214 (quomodo
1390 3147 1457 3194 sau·

349 3247 409 3316 pcc
430 3231 550 3299 iactum
574 3237 641 3315 esi)
663 3235 774 3301 electis
799 3235 961 3317 aliquibus
982 3236 1124 3312 ansuis,
1150 3235 1206 3316 qni
1229 3235 1311 3298 dare
1339 3241 1371 3298 et
1391 3229 1459 3294 anci·

351 3349 430 3418 paro
451 3340 608 3402 tutionem
630 3345 781 3418 possent,
805 3337 945 3419 dirigere
967 3336 1173 3416 debuerunt3
1207 3343 1241 3400 et
1261 3353 1328 3400 non
1357 3329 1459 3397 clausis

351 3436 455 3500 oculis
476 3455 595 3519 corpus
616 3437 733 3504 Christi
755 3437 814 3503 [lei
836 3439 951 3514 nostri,
974 3439 1037 3502 lroe
1056 3444 1106 3502 esi
1125 3443 1270 3502 sanctam
1291 3433 1456 3501 Ecclesiam

350 3536 506 3603 lacerare.
528 3537 638 3604 Nolite
658 3557 737 3620 ergo
758 3539 908 3604 dubitare
926 3539 1112 3621 huiusmodi
1134 3539 1280 3601 homiues
1302 3531 1459 3619 principali

354 3637 406 3703 rel
423 3640 570 3721 judiciali
591 3643 786 3706 auctoritate
807 3641 1043 3721 comprimere:
1077 3642 1155 3722 qnia
1176 3639 1314 3720 maniae
1335 3637 1455 3702 Patron

354 3741 418 3806 hoc
437 3742 619 3822 specialiter
640 3743 877 3808 constituerant
898 3749 990 3806 eto.»

436 3840 516 3908 item
532 3845 563 3906 in
576 3845 710 3926 epistole
725 3843 765 3907 ntl
781 3845 946 3926 episcopos
958 3841 1097 3908 Tusciae
1111 3843 1359 3908 obtestationem
1377 3854 1456 3904 snam

352 3943 396 4008 ita
422 3947 540 4010 emittit
561 3945 726 4028 Pelagius,
755 3953 791 4010 nt
811 3953 955 4022 constet,
985 3945 1131 4011 eamdem
1152 3949 1258 4027 ipsum
1289 3942 1458 4027 protessus

354 4063 424 4110 esse
444 4043 562 4124 fldem,
592 4049 651 4111 etsi
673 4046 824 4128 plurale
847 4065 886 4111 eo
907 4048 1079 4112 commenti
1100 4047 1164 4112 sint
1184 4047 1283 4112 triam
1306 4039 1460 4124 Capitale·
1514 4105 1515 4132 ,

354 4163 429 4212 rum
451 4148 635 4214 defensores
657 4157 690 4213 et
715 4157 805 4226 tuuc,
821 4157 854 4212 et
874 4165 948 4214 cum
972 4153 1057 4214 esset
1076 4147 1231 4212 dlaconus
1251 4152 1285 4211 et
1305 4140 1393 4226 apud
1410 4137 1459 4202 ir·
1514 4167 1515 4212 p

352 4245 525 4313 atiniacum
560 4247 798 4332 apocrisiarius
832 4245 950 4316 Scribit
984 4251 1087 4316 enim:
1114 4247 1312 4314 ellirectam
1343 4235 1459 4310 stoli
