3048 4946
72 493 210 578 quinem*
224 493 344 576 Spsodi
363 515 418 562 oc.
438 496 490 566 27.
511 495 692 564 doctissimi
717 496 924 579 imperatoris.
957 391 1186 579 Eiusdem&

71 594 147 678 qs'lii
161 595 308 678 Epistola
322 597 459 664 dominis
475 598 879 678 duodeuicesimam
893 595 1004 687 Βοοινᾳ
1018 597 1179 680 episcopis.

154 697 197 764 Et
224 702 304 766 baec
323 703 442 782 scripta
464 703 579 778 lectori
601 702 720 783 objicio
742 703 789 766 nti
810 702 1018 785 apocrypha,
1045 701 1182 767 lrandn·

70 797 179 864 lenter
204 817 222 863 a
250 804 350 874 trium
369 802 597 883 Capitulnrnm
622 803 846 868 nctcmortbm
870 802 1050 880 elaborata,
1074 813 1112 867 nt
1134 805 1183 868 iu-

71 901 177 966 csutis
194 902 384 980 illuderent,
398 923 501 984 seque
520 923 664 984 suosque
684 906 717 968 in
736 919 851 981 errore
864 903 1047 968 detinerent
1067 904 1184 969 adser-

73 1017 131 1064 sns
155 997 261 1080 vigilii
282 1003 510 1068 definitionem.
535 1003 686 1081 Quorum
702 1004 882 1070 talsitstem
898 1005 1014 1085 partim
1035 1024 1074 1070 sc
1094 1025 1187 1071 sam-

73 1103 190 1166 mstim
208 1101 344 1184 vigilius
366 1105 433 1186 ipse
457 1107 595 1172 ostendit
615 1108 646 1168 tn
668 1106 811 1187 epistolio
832 1107 872 1169 ad
889 1105 1060 1172 llnstlcnm
1075 1116 1108 1172 et
1127 1109 1187 1175 Sed

71 1201 271 1282 boetianum,
286 1205 326 1268 sd
345 1203 617 1281 Valentinianum,
632 1216 667 1272 et
679 1207 719 1272 ad
734 1205 931 1287 Episcopum
956 1209 1181 1274 arelatensem.

74 1301 114 1368 ln
135 1303 202 1387 qn'a
223 1307 338 1372 ultima
360 1308 440 1372 baec
460 1310 507 1380 sit
529 1309 614 1390 Papa
627 1330 636 1372 s
651 1327 668 1370 κ
684 1308 884 1374 Fraternitss
898 1327 977 1390 erpo
999 1319 1069 1389 tna,
1084 1329 1184 1394 quens

73 1403 286 1484 Apostolicse
306 1407 397 1474 Sedis
419 1428 477 1488 per
497 1427 556 1472 nos
576 1417 704 1478 constet
733 1427 803 1475 esse
824 1407 1002 1486 vicariurn,
1025 1413 1186 1478 uniuersis

72 1508 235 1589 episcopis
250 1510 441 1585 innotescat,
466 1521 502 1576 nt
523 1513 606 1578 nulli
626 1520 685 1577 ant
713 1513 801 1577 talsis
819 1513 960 1594 scriptis,
977 1523 1037 1577 aut
1056 1515 1188 1578 mende-

74 1609 170 1674 cibns
193 1611 313 1690 serbis,
336 1621 395 1694 ant
413 1615 532 1678 uantiis
546 1613 693 1694 qnalibet
713 1615 838 1678 ratione
860 1614 1045 1678 turbentur.
1062 1633 1078 1672 s
1095 1614 1189 1680 Atta·

23 1717 29 1741 ¹
73 1727 151 1776 men
172 1714 368 1783 recentiores
397 1731 512 1795 parom
535 1717 575 1780 de
595 1716 658 1782 boc
678 1717 799 1780 monito
819 1715 964 1798 solliciti,
997 1713 1189 1796 bnlnsmodi

72 1813 212 1894 scripte,
232 1823 344 1879 contra
364 1833 451 1896 quse
474 1817 654 1882 obtestatus
673 1827 723 1882 sst
746 1813 844 1896 l’sps,
859 1816 1074 1897 approbantes
1095 1815 1185 1884 illusi

73 1921 167 1990 snut,
194 1914 341 1996 aliosque
366 1917 397 1980 in
421 1933 514 1982 snam
536 1919 735 1984 induxerunt
752 1917 951 1982 illusionem.
976 1915 1090 1994 Quare
1118 1925 1189 1983 stn-

73 2017 168 2082 dtose
180 2018 306 2099 singule
321 2021 535 2096 excutientes,
554 2019 726 2084 laisilstsm
739 2019 884 2100 undique
905 2019 1112 2088 manifestere
1124 2037 1191 2084 non

74 2117 282 2196 desistemus,
299 2121 395 2186 rebus
417 2123 607 2202 praesertim
626 2121 794 2203 expositis,
808 2138 894 2202 qnae
914 2122 1046 2186 simonie
1072 2123 1190 2185 adser-

74 2227 193 2286 santnr
207 2219 341 2288 Concilii
362 2224 463 2301 Actis,
479 2233 511 2290 et
531 2241 617 2306 oneo
629 2226 714 2288 inter
731 2242 766 2288 sc
788 2231 904 2288 mutuo
918 2224 1113 2304 colluctant3
1130 2232 1195 2288 sot

73 2325 267 2390 corumdem
284 2327 381 2392 trium
397 2324 624 2408 capitulorum
645 2327 852 2390 delaosornm
867 2327 995 2407 scrlptis
1016 2327 1190 2390 destruun-

74 2432 145 2492 tur.
162 2423 210 2516 Ac
231 2429 359 2494 interl·
375 2439 520 2510 quatuor
537 2431 647 2509 priora
669 2448 710 2493 ex
725 2431 831 2492 citatis
846 2429 1046 2492 documentis
1061 2437 1191 2491 nostroe

1 2593 2 2598 ,
74 2528 216 2594 subeant
236 2531 496 2615 continentiori,
511 2533 632 2612 qnippe
652 2534 792 2596 interae
812 2529 919 2592 affinia
939 2531 1047 2612 quoad
1070 2547 1121 2592 res
1148 2530 1195 2592 ibi

75 2637 248 2709 tractatas,
269 2650 308 2698 so
329 2635 529 2712 potissimum
551 2634 592 2697 de
615 2631 720 2714 vigilii
743 2633 926 2712 receptione
955 2634 987 2693 in
1010 2632 1108 2694 trium
1131 2630 1192 2695 Ca·

75 2733 261 2815 pitulorum
281 2751 393 2809 cansa,
409 2735 449 2798 dc
462 2733 666 2798 anatbemste
686 2731 806 2797 indicto
820 2729 994 2794 Theodoro
1014 2728 1194 2796 Caesareae

77 2832 304 2915 Cappadociae
332 2835 504 2914 episcopo,
537 2842 570 2898 et
599 2834 639 2896 de
667 2834 876 2912 suspensione
907 2833 1024 2895 indicta
1053 2829 1194 2896 Menuan

75 2943 113 3000 et
132 2935 282 3000 omntlsns
309 2936 467 3017 episcopis
494 2935 708 3000 orientalibus
738 2952 797 3015 per
816 2935 965 2998 eumdem
991 2934 1121 3014 Papam,
1152 2950 1193 2996 eo

78 3035 184 3118 qnod,
206 3039 275 3117 ipso
295 3037 397 3102 inrito
420 3035 574 3104 Pontibce
588 3045 620 3102 et
635 3038 771 3101 imtante
792 3035 987 3112 Iustiniauo,
1009 3037 1189 3099 damnatlo·

77 3155 154 3202 nem
185 3137 391 3202 decreverint
422 3141 520 3202 trium
546 3138 786 3218 Cspitnlornm,
810 3155 915 3218 eaque
941 3138 1197 3202 ostendentium:

78 3237 303 3316 Quamobrem
320 3236 456 3320 vigilius
477 3239 595 3304 ibidem
610 3237 731 3302 dicitnr
746 3239 858 3319 plures
874 3257 987 3320 pacans
1011 3258 1080 3303 esse
1097 3259 1195 3304 vexa·

79 3339 184 3404 tiones
204 3348 239 3405 et
259 3339 459 3421 ignominias.

161 3438 205 3504 Et
225 3443 380 3522 primum,
411 3449 449 3508 ut
476 3438 635 3520 quaedam
664 3439 705 3503 de
725 3438 898 3523 Encyclics
931 3439 1084 3514 referam,
1115 3439 1195 3506 dicit

79 3537 191 3622 Paper
207 3562 224 3601 s
240 3539 335 3606 Nunc
350 3549 461 3607 antem
480 3540 631 3604 omnibns
652 3539 835 3605 bominibus
850 3541 931 3604 baec
952 3558 1084 3621 quoqne
1099 3557 1195 3606 oum·

80 3641 191 3707 simus
211 3642 428 3720 indicandum,
450 3643 604 3724 quonism
628 3659 684 3721 nos
705 3640 745 3704 ad
766 3649 896 3707 mentae
917 3639 1119 3722 llnpbemise
1139 3643 1194 3708 be·

79 3743 207 3806 silicam
219 3745 281 3807 snb
296 3761 412 3824 magun
434 3743 549 3806 timore
561 3748 594 3806 et
608 3745 771 3806 ansietate
789 3741 1002 3806 discessimus.
1019 3740 1193 3808 Nemeum

80 3843 120 3906 ad
139 3843 225 3908 beati
239 3842 329 3908 Petri
343 3843 508 3908 basilicam
528 3843 561 3905 in
575 3842 726 3908 Ormisda
744 3841 924 3918 fundatam,
944 3843 1093 3923 Angusto
1109 3861 1197 3908 men·

80 3963 117 4010 ae
138 3963 245 4025 nuper
272 3947 449 4025 praeterito
470 3943 676 4024 fugissemus,
707 3945 835 4008 nullum
855 3945 961 4007 latere
980 3943 1194 4009 conlidimur:

79 4048 159 4127 qnia
182 4065 259 4112 cnm
273 4051 305 4112 in
326 4047 438 4112 eadem
459 4047 628 4112 ccclesias
653 4047 812 4112 comitatu
832 4047 994 4126 praetoris
1015 4065 1089 4110 cum
1113 4047 1197 4109 mnl·

79 4147 220 4212 titudine
242 4155 446 4212 armatorum
474 4148 616 4212 militnm
639 4147 797 4223 senientc,
821 4153 975 4225 tanquam
1010 4147 1050 4208 sd
1073 4146 1196 4209 bellum

79 4250 369 4414 ἰωιταοΐοιιοίῧα
385 4256 499 4314 sancto
513 4251 584 4332 ejus
599 4249 696 4316 ellari
711 4248 806 4316 tracti
822 4247 957 4328 pedibus
975 4248 1192 4416 ιηὴῖἱυιιιιπ,
