3028 4942
116 477 223 544 «cnm
234 489 342 546 antem
355 483 477 548 crebris
490 483 729 546 incursionibus
738 485 867 568 scythas
878 484 1068 549 infestarent
1084 486 1166 550 bno·

62 581 101 655 oi,
117 583 392 660 quamsisnatura
407 583 600 659 essentiari,
620 591 724 648 tamen
739 585 779 647 ad
797 584 1074 649 mansuetudinem
1091 603 1166 650 con·

61 683 162 757 vertit,
176 689 244 745 tum
259 685 427 759 consiviis,
443 691 511 746 tum
527 683 714 748 muneribus
725 702 780 747 ena
790 685 974 748 liberaliter
988 685 1162 766 excipiens.

60 777 125 854 Qua
145 783 275 860 quidem
296 803 339 847 ex
363 803 399 847 ra
420 784 552 865 quidam
575 785 735 848 barbaras
749 803 823 848 aum
845 786 1028 864 suspicatus
1042 803 1111 848 esse
1131 802 1167 848 o-

59 881 232 966 pulentum,
249 885 325 948 dolo
340 899 456 970 capere
471 895 641 950 statuerat.
655 887 773 950 Parata
789 887 888 967 igitur
903 889 934 950 in
953 888 1026 962 hoc,
1045 888 1168 966 laqueo

61 981 94 1040 att
112 990 239 1048 scutum
256 985 401 1066 alligato,
417 989 502 1052 sicui
516 989 547 1050 io
564 989 670 1050 basias
687 993 925 1066 consueverat3
942 989 989 1050 illi
1006 987 1083 1051 dum
1098 989 1165 1052 cal·

60 1079 219 1162 loquitor,
241 1087 370 1150 sublata
392 1089 525 1151 dextera
549 1089 659 1154 ionem
679 1090 882 1153 immissurus
904 1096 987 1163 erat,
1013 1097 1165 1169 tanquam

61 1200 125 1245 eum
145 1185 183 1247 ab
205 1205 241 1249 se
263 1196 296 1250 et
317 1187 356 1250 ad
378 1190 577 1254 contribules
594 1199 810 1254 uttrectoros.
832 1190 875 1252 bt
899 1207 976 1252 vern
997 1183 1112 1253 mrbus
1133 1193 1166 1252 iu

62 1281 121 1361 ipso
135 1295 254 1349 conatu
276 1290 415 1365 elevata,
432 1291 463 1352 in
480 1297 556 1359 abra
572 1292 744 1352 remansit:
762 1298 927 1353 necantes
950 1289 1108 1354 barbarus
1123 1309 1167 1354 ex
1284 1345 1288 1353 ,

63 1385 265 1450 invisibilibus
280 1391 348 1454 istis
361 1391 499 1455 vinculis
513 1392 670 1455 liberatus
685 1399 744 1466 est,
759 1409 857 1470 quam
869 1391 942 1454 aliis
958 1408 1019 1470 pro
1037 1393 1106 1472 ipsa
1120 1391 1167 1452 iu·

64 1489 303 1564 lambentibus,
319 1488 623 1556 Theotimuslienm
639 1499 818 1558 exorasset.
832 1491 935 1573 hiant
948 1509 1061 1573 porro,
1077 1489 1166 1572 qaod

64 1583 106 1648 bic
124 1588 153 1648 in
173 1607 268 1652 corna
291 1591 461 1653 nutrienda
484 1593 744 1671 perseveraverit
751 1613 764 1672 3
796 1599 829 1656 ct
849 1591 1078 1672 Philosophiae
1097 1597 1167 1655 sta·

64 1685 139 1750 tion
159 1691 209 1753 uti
231 1699 399 1771 coeperat,
422 1702 627 1771 prosecutus,
652 1713 689 1756 sc
712 1695 799 1758 tenui
824 1695 912 1757 victu
936 1713 1014 1758 usus
1034 1695 1084 1756 sit.
1108 1691 1170 1759 Su·

64 1788 225 1868 neutiqua
237 1793 471 1855 nutrimentum
494 1810 556 1855 non
578 1811 706 1874 semper
726 1794 822 1869 idem,
838 1793 891 1857 aed
915 1796 946 1856 in
964 1794 1048 1856 lama
1068 1800 1168 1873 atqua

65 1886 107 1948 siti
121 1895 245 1970 tempus
260 1891 535 1956 determinaverit.
560 1893 746 1974 Philosophi
763 1895 845 1956 enim
867 1900 959 1968 erat,
974 1894 1102 1973 opinor,
1119 1893 1168 1956 his

66 2005 183 2070 quoqne
205 2011 266 2073 pro
287 1997 475 2058 necessitate
496 2005 528 2059 ct
549 2014 611 2058 non
634 2014 693 2075 pro
715 1997 781 2058 otio
803 1994 913 2058 locum
936 1995 1026 2057 dare.
1049 2013 1067 2052 s

132 2091 172 2155 Et
193 2096 272 2157 haec
295 2097 391 2159 modo
411 2097 590 2173 satisfiunt,
618 2105 653 2159 ut
674 2096 845 2176 iniuratus,
869 2115 946 2158 num
970 2095 1086 2158 merito
1107 2095 1168 2159 (lu-

66 2187 217 2257 bitautinm
235 2197 277 2257 sit
289 2195 328 2258 de
345 2197 443 2259 triam
459 2197 637 2259 antistitum
656 2194 831 2259 virtutibus
846 2194 1080 2273 singularibns3
1097 2195 1169 2274 qui·

67 2286 116 2351 bas
136 2291 178 2370 (si
204 2311 325 2373 paucos
354 2295 518 2374 excipias)
549 2294 693 2358 Ecclesia
720 2295 913 2359 universalis
948 2297 1165 2358 testimonium

68 2390 193 2455 natiuit
212 2395 256 2457 ob
276 2397 361 2459 vitae
382 2397 596 2470 sanctitatem,
612 2397 685 2459 ildci
709 2400 897 2476 puritatem,
915 2399 1022 2460 zelum
1045 2395 1075 2457 in
1100 2415 1169 2458 mu·

67 2507 133 2553 nere
152 2495 325 2577 episcopali
341 2499 547 2573 exercendo,
569 2499 713 2562 studium
733 2507 927 2578 perpetuum
950 2499 981 2558 in
998 2499 1167 2561 erroribus

67 2591 269 2672 profligandis,
293 2595 323 2656 iu
345 2595 489 2659 fidelium
518 2596 689 2660 concordia
716 2597 900 2672 seruanda,
923 2605 955 2660 et
977 2597 1168 2680 praesertim

66 2703 188 2772 propter
207 2697 399 2776 obsequium
427 2699 459 2759 in
484 2695 663 2760 Romanum
690 2697 898 2776 Pontificem
922 2699 974 2758 cui
998 2698 1029 2756 in
1058 2694 1170 2760 Eccle-

66 2792 123 2856 siae
142 2800 273 2876 nepotiis
293 2798 488 2861 extricandis
508 2817 543 2861 se
564 2797 763 2871 deierebant,
780 2798 866 2860 Petri
889 2798 1039 2876 Apostoli
1062 2798 1171 2859 claves

70 2889 97 2952 in
113 2891 235 2972 judiciis
254 2897 326 2979 ejus
347 2899 491 2961 resorbi.
516 2897 624 2978 sitque
651 2907 687 2962 ut
714 2899 824 2961 itidem
846 2898 918 2960 dein
940 2897 1075 2977 oblique
1094 2915 1170 2959 con·

71 2989 206 3057 firmetur
225 2997 413 3075 principalis
433 2999 630 3078 quaestionis
652 3007 782 3061 nostras
800 3015 930 3077 scopus,
954 2996 1036 3058 idest
1056 2996 1169 3076 Orige-

70 3093 110 3153 nis
127 3101 157 3156 et
176 3097 266 3160 istius
288 3105 501 3175 patronorum
524 3098 759 3161 monachorum
787 3099 989 3160 nitriensium
1012 3097 1167 3160 vindiciae

70 3203 166 3256 contra
185 3207 332 3260 setarum
354 3207 385 3260 et
407 3199 626 3262 recentiorum
648 3199 903 3262 insimulationes
916 3191 982 3262 a'ad
997 3215 1078 3276 quas
1096 3215 1170 3260 veo·

69 3292 188 3358 titiones
218 3315 425 3376 summopere
453 3298 646 3362 laborarunt
677 3299 814 3380 praeiati
836 3299 977 3378 episcopi
999 3297 1166 3370 loannes,

73 3388 234 3471 Pallantos,
247 3395 446 3461 Theotimus.
461 3397 589 3474 Quibus
601 3397 764 3462 addendus
776 3407 825 3461 est
835 3397 1098 3482 chrysostomus,
1113 3397 1168 3476 qai

73 3509 136 3557 cum
149 3501 340 3577 nuncupatis
356 3499 432 3562 viris
446 3496 594 3578 Origenis
608 3507 640 3562 et
656 3501 888 3562 monachorum
904 3499 1004 3562 alacri
1024 3505 1171 3560 constan·

76 3591 152 3670 tique
163 3597 269 3660 studio
283 3615 413 3661 causam
435 3598 586 3675 suscepit.
603 3595 706 3678 Cuius
727 3599 802 3661 item
819 3601 919 3678 pietas
933 3604 965 3659 et
980 3595 1097 3660 eximia
1114 3593 1170 3655 do·

75 3694 160 3758 ctrina
180 3715 253 3762 curu
275 3696 356 3762 adan
377 3699 501 3762 cunctis
521 3703 662 3777 pateant,
680 3699 770 3762 nobis
793 3700 879 3780 bauti
901 3715 1028 3762 necesse
1046 3702 1093 3758 cst
1109 3712 1167 3774 pro

77 3807 109 3852 aa
126 3793 280 3862 insumere
301 3797 457 3863 laborem.

421 4043 780 4096 ,ἥψω-..-
