3028 4942
320 401 381 474 102

404 505 443 570 Et
463 508 534 587 quis
556 507 692 589 denique
714 512 855 581 nesciat,
885 506 926 570 ob
948 511 996 569 tot
1017 506 1188 568 titulorum
1210 504 1417 585 gloriosorum

321 627 488 686 coronam,
510 609 631 690 ubique
654 611 750 673 totins
770 609 858 673 orbis
873 608 1036 672 christiani
1058 607 1264 687 fulgentium,
1279 626 1306 670 s.
1328 605 1418 672 iouu-

320 729 392 775 nem
414 709 680 791 chrysostomum
701 719 733 774 et
754 730 780 773 s.
804 708 1008 774 Theotimum
1030 727 1140 772 coram
1162 707 1341 788 Epiphanio
1363 711 1419 786 tin·

319 815 467 878 consulto
489 811 634 892 Origenis
649 813 857 888 adversario)
880 811 1054 876 obtestatos
1069 831 1149 885 esse,
1174 818 1211 874 ut
1231 810 1364 874 interius
1377 813 1418 873 di·

317 924 423 990 cetur,
437 933 470 977 se
488 915 574 978 noiic
596 915 808 978 condemnare
829 933 888 977 neo
908 912 1078 994 Origeuem
1094 931 1152 976 nec
1166 911 1310 994 ejusdem
1325 913 1419 976 libros

318 1034 400 1096 quos
422 1015 564 1080 Ecclesia
585 1024 678 1080 antea
699 1035 762 1078 non
783 1018 1010 1078 damnaverat:
1042 1033 1080 1076 ao
1102 1014 1174 1079 ideo
1194 1013 1369 1076 consultius
1389 1035 1420 1076 o·

316 1119 453 1198 qondam
466 1138 527 1182 esse
541 1119 577 1180 dc
592 1117 729 1200 ejusdem
743 1117 913 1197 Operibus:
930 1137 1009 1199 quae
1024 1117 1135 1180 Patres
1148 1113 1340 1180 sanctissimi
1352 1116 1420 1178 bae·

319 1227 406 1282 tenus
425 1215 658 1299 susceperunt?
681 1218 721 1282 Et
741 1219 904 1299 quomodo
926 1218 1137 1284 condemnare
1159 1221 1279 1294 virum,
1296 1219 1353 1298 qui
1374 1221 1421 1298 pia

318 1324 350 1384 in
373 1320 515 1385 Ecclesia
537 1321 628 1393 obiit,
654 1321 782 1399 vestigia
803 1319 915 1384 Crucis
937 1320 1053 1382 Christi
1076 1322 1108 1384 in
1128 1339 1190 1383 suu
1210 1338 1352 1398 corpore
1372 1337 1420 1399 ge·

316 1430 402 1486 stans
418 1441 521 1503 usque
542 1421 580 1484 ad
603 1429 741 1484 mortem
762 1422 803 1482 ob
826 1431 1059 1486 tormentorum
1076 1420 1167 1486 vimi
1183 1419 1224 1484 Et
1238 1422 1333 1503 eujus
1354 1425 1423 1501 post

315 1525 439 1586 obitum
462 1524 643 1586 encomium
666 1523 833 1586 contexuit
853 1522 1030 1600 discipulus
1051 1540 1130 1584 suus
1151 1522 1420 1584 celebratissimus

316 1629 349 1685 et
360 1623 576 1685 sanctissimus
600 1625 649 1684 vir
664 1620 882 1684 Alexandriae
906 1623 1074 1699 episcopus
1091 1619 1292 1704 Dionysius?
1308 1620 1350 1683 Et
1369 1638 1422 1682 cu·

313 1724 369 1805 jus
389 1723 519 1787 demum
535 1723 606 1786 fidei
621 1723 764 1785 sincerae
781 1741 885 1803 nsque
901 1723 964 1785 buc
980 1722 1221 1800 irrepugnabile
1237 1739 1421 1785 mouumen-

317 1832 385 1888 tum
406 1832 470 1887 stat
492 1826 523 1887 in
544 1827 673 1888 civitate
688 1821 765 1906 Tyri
788 1825 965 1904 gloriosum
986 1822 1218 1903 sepulchrum:
1241 1823 1329 1902 qnod
1350 1839 1421 1885 con·

317 1932 367 1988 tra
382 1943 491 1988 omues
506 1924 707 1987 adversarios
721 1941 797 1988 suos
813 1923 977 1986 manifeste
999 1933 1031 1986 et
1046 1929 1204 2002 perpetuo
1218 1919 1422 1986 obtestatur?

395 2025 480 2104 Qun
497 2028 628 2090 interim
642 2045 684 2090 ex
705 2027 766 2088 hac
785 2027 1044 2090 testimoniorum
1059 2027 1142 2088 serie
1159 2021 1359 2087 inserendum
1371 2023 1422 2104 ju·

315 2149 352 2194 re
365 2133 406 2193 sit
424 2131 520 2211 juxta
542 2131 722 2209 argumenti
736 2130 838 2192 nostri
859 2130 1044 2202 terminum,
1064 2127 1168 2208 judex
1188 2145 1235 2202 es,
1253 2125 1310 2205 qui
1330 2125 1418 2203 legis.

316 2229 412 2308 Quod
425 2238 533 2295 autem
548 2247 567 2293 a
584 2230 644 2292 iius
658 2231 761 2294 seculi
775 2231 883 2310 quarti
898 2231 1088 2310 etdeinceps
1104 2229 1225 2294 tactum
1240 2229 1281 2292 sit
1294 2228 1333 2290 de
1347 2225 1419 2290 Ori·

315 2333 402 2414 genis
422 2333 513 2396 libris
524 2350 535 2411 ς
559 2338 592 2396 et
611 2333 724 2413 quales
744 2333 902 2397 subierint
921 2350 1059 2405 causae,
1081 2331 1166 2396 unde
1188 2331 1286 2411 ipsius
1308 2343 1420 2393 nomen

315 2435 360 2500 ite
375 2433 614 2500 obtrectaretur
634 2435 667 2498 in
688 2433 820 2511 mundo,
842 2432 1104 2515 insequentibus
1125 2431 1349 2513 disputabitur.
