3048 4946
77 543 164 607 modu
182 543 263 606 enim
278 560 340 608 non
357 543 570 625 praeiudicet,
582 547 609 608 si
624 543 886 608 demonstrentur
898 546 1098 626 septuaginta
1114 443 1178 610 :ier3

74 647 146 708 citer
163 647 300 726 episcopi
317 665 390 712 cum
418 647 565 712 linusano
588 647 738 711 antistite
753 643 1030 728 Constantinopoli
1045 665 1179 729 congre·

74 748 143 826 gati,
158 756 193 810 ut
213 748 284 811 illos
299 750 458 824 omittam,
482 750 539 828 qui
561 757 638 811 aute
654 747 928 829 subscripserunt,
950 750 1177 813 condemnasse

73 865 138 911 cum
158 850 425 929 approbatoribus
445 850 511 914 suis
535 847 711 930 Epistulam
733 867 750 911 a
767 847 1009 912 calchedonensi
1030 848 1175 914 Concilio

72 948 300 1030 approbatam?
316 949 357 1014 Et
377 951 470 1014 illum
498 953 698 1032 episcopum,
720 949 815 1031 cujus
829 949 996 1014 doctrinae
1010 951 1123 1015 laudes
1146 954 1177 1016 iu

71 1060 239 1116 memorato
253 1051 496 1117 calchedonensi
518 1049 662 1116 Concilio
685 1051 839 1114 recitatae
858 1058 946 1127 snut,
963 1055 1086 1114 nemine
1101 1055 1178 1117 rosi·

70 1159 269 1228 stantarum
290 1154 357 1218 suis
387 1152 591 1234 dogmatibus
611 1153 899 1215 anathematizasse
931 1159 1175 1231 postmortem,
1239 1137 1243 1144 ’

70 1252 230 1318 scientibus
250 1255 366 1318 ceteris
387 1264 421 1319 et
441 1256 473 1316 in
493 1271 608 1318 eorum
630 1255 855 1316 communione
878 1253 1080 1318 manentibus
1093 1253 1109 1317 ¹?
1124 1253 1177 1317 Ob

69 1350 125 1414 huc
143 1354 358 1417 necessarium
381 1353 445 1418 init
464 1372 528 1417 uua
557 1353 654 1418 modo
675 1354 716 1416 ab
737 1371 853 1418 eorum
874 1371 932 1416 nos
953 1355 1179 1418 communione

69 1451 252 1518 subtrahere
261 1473 273 1534 3
291 1455 530 1530 verumetiam,
546 1455 622 1536 qnia
639 1455 797 1536 potiorem
816 1453 1007 1518 ridebantur
1024 1455 1055 1517 in
1069 1452 1180 1516 Ecclc·

67 1553 108 1615 sia
130 1562 236 1620 tenere
267 1555 394 1631 locum,
415 1557 471 1638 qui
502 1557 597 1637 primi
629 1557 707 1619 huic
729 1557 943 1638 praejudicio,
977 1555 1179 1636 imperatore

68 1651 201 1734 iubente,
216 1665 398 1732 cessarunt,
420 1675 460 1722 ne
482 1658 627 1738 ipsorum
643 1660 743 1736 magis
767 1657 899 1720 tenenda
914 1659 1070 1720 sententis
1093 1657 1179 1720 aide·

68 1763 164 1832 retur,
179 1775 449 1834 commemorare,
465 1760 552 1842 quod
568 1758 644 1822 alibi
660 1757 807 1832 lecimus,
824 1757 990 1838 quomodo
1006 1759 1075 1822 eise
1091 1755 1181 1820 bleta·

68 1870 118 1919 ms
137 1858 518 1938 constantinopolitanos,
546 1860 613 1922 siae
639 1855 752 1922 Zoilus
775 1857 1019 1934 alexandrinus,
1041 1858 1109 1920 sivo
1129 1874 1185 1919 an·

69 1955 227 2022 tiocbenns
242 1943 471 2038 Ephraemius,
488 1969 520 2022 et
541 1958 658 2022 Petrus
674 1960 993 2043 hierosolymitanus,
1009 1967 1183 2041 antequam

69 2056 114 2120 rel
133 2061 361 2133 consentirent,
385 2060 436 2123 rel
457 2059 622 2137 cederent,
646 2063 752 2124 testati
773 2069 850 2126 sunt
871 2060 939 2124 tieri
964 2077 1027 2124 non
1049 2061 1179 2123 debaro.

140 2159 223 2224 «Ob
246 2161 308 2224 boc
329 2160 426 2224 etism
448 2162 487 2226 do
508 2161 608 2242 ipsius
631 2163 771 2242 episcopi
786 2161 923 2226 Romani
945 2161 1180 2242 chirographis,

70 2261 117 2325 acl
137 2263 227 2343 prins
259 2263 441 2327 ambitionis
469 2263 626 2344 impulsu,
648 2276 722 2326 eom
745 2262 815 2326 lieri
844 2263 975 2326 arderet
998 2265 1181 2344 episcopus,

67 2363 115 2426 rel
128 2373 238 2444 postea
262 2365 433 2429 venalitate
449 2365 532 2445 parti
546 2364 641 2428 alteri
662 2357 779 2440 iactus,
795 2365 1011 2430 necessarium
1028 2363 1182 2427 duximus

65 2481 123 2529 uon
137 2474 259 2544 tecerc,
276 2485 317 2530 uc
330 2467 527 2532 auctoritate
540 2467 676 2530 nominis
690 2467 761 2548 ejus
782 2466 1017 2549 praeiudicium
1037 2465 1115 2530 tides
1132 2483 1186 2530 ac·

66 2583 98 2630 ra
117 2567 281 2634 suilerret.
305 2565 400 2644 Quod
422 2569 448 2631 ei
470 2569 533 2631 boc
554 2585 617 2632 nou
639 2567 763 2645 luisset,
786 2585 891 2648 neque
912 2569 978 2648 ipse
1001 2569 1091 2647 prins
1113 2567 1185 2631 nni·

66 2685 186 2733 remam
201 2671 505 2734 anathematizasset
520 2667 711 2746 Ecclesiam,
727 2687 859 2732 serrare
876 2688 932 2732 nos
947 2671 1095 2749 oportuit
1113 2686 1185 2733 sen-

66 2772 190 2835 tentiam
210 2789 318 2849 susm,
339 2771 432 2852 sequi
453 2770 540 2852 quod
563 2769 654 2834 nobis
670 2770 817 2850 praebuit
838 2773 963 2848 priscae
985 2770 1184 2850 antiquitatis

64 2873 260 2954 exemplum.
277 2871 360 2936 Nam
382 2873 572 2952 priusquam
589 2872 650 2935 hoc
665 2883 698 2934 et
714 2873 781 2951 ipse
796 2875 1026 2946 committeret,
1042 2872 1184 2934 scribens

65 2969 103 3034 de
121 2975 237 3037 itinere
257 2971 601 3052 constantinopolitano
630 2975 793 3054 episcopo,
817 2974 873 3055 qui
897 2973 1097 3055 praejudicio
1119 2988 1186 3035 ms·

64 3089 139 3152 gnae
159 3072 282 3160 Synodi
311 3075 435 3156 primns
454 3073 600 3149 assensit,
622 3073 677 3136 sed
709 3091 807 3153 quem
827 3075 943 3138 litteris
963 3074 1031 3138 suis
1052 3089 1187 3155 praere·

66 3173 149 3238 niens
169 3177 228 3238 ait.
761 3199 764 3206 ·

142 3270 377 3354 «Quapropter
388 3272 580 3338 credidimus
597 3271 819 3346 iudicandum,
835 3275 921 3353 quod
938 3270 1083 3335 domiuus
1099 3269 1189 3354 pitius

66 3383 168 3438 auster
189 3373 453 3439 clementissimus
483 3374 658 3456 Imperator
678 3393 737 3454 per
757 3371 888 3436 Leonem
908 3373 1064 3438 illustrem
1084 3372 1191 3436 virum

64 3491 119 3539 aas
137 3473 517 3540 serenissimis'lsortatur
540 3473 699 3558 affatibus,
726 3485 763 3538 ut
780 3493 902 3556 pacem,
921 3491 1018 3554 quam
1043 3471 1189 3538 Christus

63 3571 218 3642 Dominus
241 3576 324 3642 Deus
338 3586 372 3641 et
392 3574 543 3642 Salvator
561 3585 667 3640 uoucr
685 3594 784 3656 supra
803 3573 911 3638 omnia
936 3574 1120 3638 holocausta
1139 3570 1189 3636 sii·

64 3673 147 3755 ligia,
159 3675 318 3741 uobiscum
331 3684 360 3740 st
373 3696 446 3740 aum
457 3675 618 3742 uniuersis
638 3674 796 3758 frutribus
808 3683 837 3738 et
850 3672 1038 3754 coepiscopis
1056 3671 1190 3751 uostris,

64 3783 91 3838 et
108 3776 303 3843 custodiente
322 3775 432 3842 stabili
449 3775 606 3860 firmitate
625 3795 793 3842 mosmos.
812 3775 916 3853 Quam
932 3775 1072 3858 piissimi
1093 3773 1192 3840 Pria·

62 3873 142 3958 cipis
161 3878 415 3944 cddortotiossssa
436 3875 564 3943 librator
585 3877 815 3958 amplectimur.
834 3875 893 3940 Sed
911 3876 940 3939 si
952 3873 1043 3957 pacis
1063 3875 1192 3950 bonam,

62 3973 145 4050 secat
165 3981 274 4044 locam
293 3977 464 4043 sacerdotii
484 3978 534 4043 tui
553 3978 711 4056 conuenit,
731 3977 889 4058 supienter
908 3976 1073 4067 atteudasr
1088 3985 1116 4038 et
1135 3976 1193 4038 od·

64 4089 178 4144 uertere
193 4090 222 4144 et
232 4079 420 4162 praedicare
434 4092 461 4144 te
476 4097 593 4144 oeceses
608 4088 669 4155 est,
688 4097 769 4160 puae
778 4095 849 4159 pac
868 4076 905 4141 ia
921 4074 976 4140 liei
990 4076 1133 4140 Ecclesia
1153 4075 1196 4141 sit
1258 4065 1261 4068 ¹

64 4181 222 4254 teaeadu,·
243 4201 315 4245 cura
336 4182 518 4265 Apostolus,
543 4180 603 4264 gui
623 4179 796 4245 mutuom
815 4189 957 4244 rostrum
978 4176 1136 4260 Spiritum
1156 4177 1194 4242 iss

62 4297 91 4343 se
111 4280 203 4363 loqui
220 4282 393 4364 perbibuit,
415 4283 484 4350 ait:
508 4283 581 4350 rac
605 4281 738 4360 Christi,
768 4300 851 4364 quae
882 4290 1051 4364 easupsrut
1074 4297 1195 4346 amaras
