3138 4950
352 511 467 579 gauno,
488 499 589 592 aigne
620 493 811 562 uuiraraum
842 498 1010 562 terrarum
1030 493 1145 561 ortem
1175 494 1283 578 quirit
1302 501 1446 562 avertere.

353 597 389 663 ln
409 613 553 680 quornm
573 611 649 662 rane
669 597 811 663 consiliio
832 597 1010 661 ministrum
1032 615 1067 662 ao
1097 596 1249 678 praebuit
1270 597 1396 664 iorinaa
1413 597 1447 662 al

349 699 540 765 montolium
552 697 740 778 perniciem.
757 693 1029 780 Quandoquidem
1044 699 1106 763 rub
1126 697 1157 762 id
1178 706 1319 778 tempus,
1340 709 1375 764 ni
1393 706 1448 763 ιιι·
1538 763 1539 796 ¹

350 803 410 866 tim
430 799 586 877 nimbo,
602 805 635 864 et
655 800 907 864 terraemotibus
929 805 962 864 et
981 800 1170 881 pestilentiis
1190 810 1222 866 et
1242 800 1403 864 iloniinrm
1423 819 1450 861 o·

349 899 538 966 luvioniltua
560 908 608 966 tot
635 901 825 966 acciderunt
846 903 1055 980 ructationea,
1084 913 1122 966 ui
1142 899 1199 966 illa
1227 901 1384 966 etiamen
1410 899 1450 964 luia

350 1017 415 1065 non
434 1001 576 1066 laumuou
599 1001 771 1066 rideantur
791 1001 823 1064 vl
844 1001 941 1066 taeta.

430 1102 555 1168 ocorte
565 1099 586 1167 J
589 1104 737 1168 catiniani
752 1109 890 1168 mairem
904 1102 1068 1167 nonnullis
1084 1119 1126 1166 ea
1141 1099 1329 1167 ueoeoaariie
1340 1117 1451 1164 narrat·

349 1223 384 1271 ae
406 1204 529 1283 lerunt,
549 1207 637 1271 huno
657 1223 721 1270 oon
740 1203 882 1271 Sabbatit
903 1205 1050 1287 conjugia
1079 1213 1137 1268 ant
1158 1205 1326 1269 hominum
1356 1203 1449 1284 onina·

350 1306 436 1387 pianr
456 1323 527 1372 erae
546 1307 692 1372 aobnlam
702 1327 714 1387 3
750 1306 806 1371 aed
827 1323 867 1370 eo
888 1305 1021 1386 gravida
1043 1315 1220 1386 antequam
1247 1311 1344 1380 erari,
1364 1321 1452 1385 qnan-

349 1407 423 1471 dam
442 1409 526 1488 genti
545 1407 685 1489 apeoiem
700 1407 740 1472 ad
762 1425 796 1472 ae
818 1409 1003 1483 ventitasse,
1019 1423 1105 1488 quae
1126 1423 1189 1469 uun
1210 1405 1250 1468 ad
1271 1403 1450 1482 viromand

347 1508 389 1571 ¹nd
411 1514 597 1572 coniaoinm
618 1527 653 1573 eo
672 1508 856 1590 praeberet,
872 1509 1116 1588 accubaretqne
1135 1508 1208 1584 aiiii,
1230 1514 1264 1572 et
1285 1509 1377 1588 quari
1395 1521 1451 1568 mr·

350 1609 433 1674 ritua
448 1627 483 1674 ee
504 1611 676 1692 conjugem
690 1611 799 1686 intret,
821 1609 961 1692 deniqne
977 1611 1079 1674 veluti
1095 1627 1154 1692 per
1174 1611 1371 1674 insomnium
1388 1625 1451 1670 err·

349 1719 506 1776 ueooerei.
523 1711 677 1776 »Deinde
698 1720 816 1777 narret
824 1711 864 1775 de
886 1713 1061 1787 monacho,
1083 1713 1142 1793 qui
1156 1713 1290 1776 rianrua
1310 1711 1451 1777 iustinia-

349 1803 427 1878 nnm
445 1811 794 1898 conianollynantium,
811 1813 934 1878 dicitur
958 1815 1110 1879 reiotiaoe
1131 1813 1247 1895 pedem
1259 1815 1302 1877 alt
1316 1816 1449 1895 iugraaau

349 1915 388 1977 ad
412 1901 662 1994 lmpera'ioremt
682 1913 815 1980 «Soulia
836 1932 916 1978 nero
935 1915 1196 1996 quaeritantibus
1217 1913 1297 1979 lacit
1318 1931 1448 1988 canaam,

349 2021 464 2096 aperie
484 2016 651 2082 oouieaana
675 2023 725 2081 eat
743 2019 775 2080 iu
790 2015 891 2097 Regia
913 2017 1091 2097 principum
1106 2015 1303 2080 doemonum
1326 2015 1451 2080 reoiden-

345 2123 413 2182 iam
435 2119 467 2182 iu
487 2119 570 2183 aolio
591 2118 721 2197 vidlaaa,
742 2135 841 2200 quem
862 2135 922 2182 nec
942 2117 1045 2193 adire,
1067 2133 1126 2182 neo
1146 2122 1263 2198 rugare
1286 2117 1450 2200 quidquam

348 2225 432 2284 narei
451 2221 622 2285 animur.»

344 2351 348 2360 ·
427 2320 470 2386 lli
488 2320 765 2404 qnia-huiuamodi
786 2337 983 2401 percurrens
999 2320 1059 2385 riri
1081 2319 1222 2385 iurantia
1241 2321 1329 2386 dieta
1350 2321 1451 2385 udran

347 2439 403 2487 oua
423 2419 657 2499 iuotintuuum,
679 2439 742 2487 uon
763 2423 895 2503 cogitet,
928 2423 1112 2487 accusatori
1134 2423 1346 2504 potiusquam
1366 2437 1450 2486 auen·

349 2528 422 2587 aaio
441 2523 616 2588 convenire
636 2523 691 2587 ael
710 2522 875 2588 daemonio
891 2527 950 2587 eut
970 2523 1078 2588 iuriae
1098 2527 1240 2600 nomino,
1255 2541 1344 2604 quae
1357 2523 1451 2588 llirtn

347 2625 437 2690 riona
451 2622 593 2706 Princtpi
613 2621 780 2690 ina'cribit:
803 2641 892 2701 cum,
908 2624 1056 2688 relaxato
1069 2625 1111 2687 ad
1130 2625 1304 2690 maledicio
1324 2625 1449 2698 calamo,

348 2725 381 2788 in
403 2725 550 2792 iabuloau
565 2735 598 2791 et
618 2726 770 2808 ignobilia
792 2729 948 2792 convicio
961 2727 1171 2803 trunaleriur,
1192 2743 1282 2808 quun
1298 2729 1399 2791 minna
1416 2723 1449 2788 rd

347 2826 596 2910 indignationum
617 2845 716 2909 qnam
747 2827 912 2893 adnisum
935 2834 1116 2910 provocent
1134 2829 1268 2892 lectoria
1292 2821 1448 2893 animuml
1538 2841 1539 2866 ³

429 2927 503 2996 Nou
531 2930 629 2996 ullier
649 2948 750 3012 porro
771 2931 887 2995 iurauit
907 2931 1088 3014 Procopius
1112 2932 1144 2994 in
1166 2929 1335 2995 Aneedotr'r
1354 2949 1381 2994 o.
1403 2925 1448 2992 ll.

347 3031 387 3094 de
409 3027 600 3096 Theodorae
620 3031 765 3096 moribna
787 3032 1060 3113 depravatissimo
1080 3032 1213 3096 loontue
1233 3035 1329 3113 quani
1350 3031 1388 3094 de
1403 3027 1450 3092 ia·

347 3133 549 3214 gitioaioaima
572 3133 734 3198 foeminae
750 3153 770 3195 o
785 3135 871 3199 iuter
891 3132 1075 3216 prostibulo
1096 3132 1219 3211 Ιιιιιιιι,
1236 3134 1360 3216 ubique
1382 3133 1450 3194 lano

345 3240 449 3298 ariam
471 3241 644 3298 exercente
651 3253 663 3313 3
685 3251 783 3314 quain
805 3249 846 3298 ne
865 3236 1010 3299 nominet
1040 3234 1183 3315 quidem,
1215 3233 1321 3299 Deum
1344 3231 1449 3297 nutem

344 3335 402 3415 qni
421 3335 481 3399 albi
503 3335 592 3399 rolei
622 3335 809 3416 propitium.
841 3333 894 3400 Sic
914 3345 1004 3399 cerie
1030 3335 1201 3401 doemones
1229 3344 1398 3407 curarunt,
1419 3339 1448 3394 nt

344 3435 456 3502 nullut
476 3443 560 3501 cerei
581 3437 811 3501 theodoriaune
839 3437 1058 3518 impudicitiae
1079 3438 1172 3502 loona
1198 3455 1333 3502 rucnua.
1351 3435 1448 3512 Quare

346 3537 430 3598 viine
449 3537 585 3600 eaniorla
607 3537 762 3612 hominen,
789 3540 990 3618 quicumque
1012 3539 1141 3600 obviam
1162 3537 1252 3600 ittam
1275 3538 1445 3600 habuissent

344 3636 377 3697 in
391 3637 475 3714 loro,
489 3656 525 3701 ae
543 3637 785 3714 rubdnxeruni,
802 3657 842 3702 ne
865 3639 1001 3702 restium
1018 3647 1169 3703 contactu
1185 3639 1293 3703 aoelua
1309 3641 1339 3702 io
1353 3655 1385 3700 ae
1403 3635 1448 3696 de

343 3736 485 3801 riraium
507 3745 692 3818 putaretur.
715 3737 801 3816 Quin
824 3739 927 3820 prime
949 3740 1036 3817 lnce,
1056 3741 1177 3822 unibus
1198 3741 1230 3802 iu
1251 3743 1445 3820 compedium

344 3839 496 3914 venisset,
513 3839 692 3904 nuberetur
706 3841 775 3904 avia
791 3840 971 3904 inlausta.»
986 3839 1038 3905 Ob
1052 3841 1132 3907 hoec
1147 3849 1179 3904 et
1193 3841 1311 3904 similia
1328 3835 1447 3902 crimina

342 3936 572 4020 obstupeoceua
593 3937 915 4008 circummunit.
938 3943 1063 4022 inquii:
1083 3963 1099 4002 o
1116 3939 1348 4022 imperatorem
1369 3937 1446 4016 pinu

342 4048 375 4102 ei
396 4041 588 4120 prudentem
606 4045 748 4107 maxime
768 4043 809 4107 ab
829 4043 920 4108 initio
941 4045 1067 4126 imperii
1088 4044 1209 4108 ducere
1231 4035 1446 4116 uxoremplc·

342 4138 477 4222 baiam?
497 4141 692 4223 ignobilibna
705 4145 893 4224 parentibna
907 4151 1013 4208 oriam
1025 4143 1042 4207 l
1055 4145 1213 4209 nuculeum
1228 4129 1447 4206 meretricem?

341 4254 427 4320 quae
446 4250 569 4322 neptem
591 4244 780 4310 tererentur
800 4261 920 4328 corpur
948 4245 1097 4313 omuibus
1117 4241 1307 4330 prooiiinit?
1328 4248 1374 4308 iot
1396 4237 1445 4301 ui-
