<?xml version="1.0" encoding="UTF-8"?>
<!DOCTYPE html PUBLIC "-//W3C//DTD XHTML 1.0 Transitional//EN"
    "http://www.w3.org/TR/xhtml1/DTD/xhtml1-transitional.dtd">
<html xmlns="http://www.w3.org/1999/xhtml" xml:lang="en" lang="en">
 <head>
  <title>
</title>
<meta http-equiv="Content-Type" content="text/html;charset=utf-8" />
  <meta name='ocr-system' content='tesseract 3.04.00' />
  <meta name='ocr-capabilities' content='ocr_page ocr_carea ocr_par ocr_line ocrx_word'/>
</head>
<body>
  <div class='ocr_page' id='page_1' title='image "./insgregoriinyss01vincgoog/insgregoriinyss01vincgoog_0375.png"; bbox 0 0 2994 4938; ppageno 0'>
   <div class='ocr_carea' id='block_1_1' title="bbox 265 499 1424 1907">
    <p class='ocr_par' dir='ltr' id='par_1_1' title="bbox 265 499 1424 1786">
     <span class='ocr_line' id='line_1_1' title="bbox 307 499 1416 590; baseline 0 -22"><span class='ocrx_word' id='word_1_1' title='bbox 307 499 467 569; x_wconf 75' lang='lat' dir='ltr'><strong>tendendo</strong></span> <span class='ocrx_word' id='word_1_2' title='bbox 487 512 520 570; x_wconf 88' lang='lat' dir='ltr'><strong>et</strong></span> <span class='ocrx_word' id='word_1_3' title='bbox 540 503 703 570; x_wconf 80' lang='lat' dir='ltr'><strong>iuuddndo</strong></span> <span class='ocrx_word' id='word_1_4' title='bbox 725 502 914 572; x_wconf 76' lang='lat' dir='ltr'><strong>iudicatum</strong></span> <span class='ocrx_word' id='word_1_5' title='bbox 937 511 1109 583; x_wconf 86' lang='lat' dir='ltr'><strong>nostrum,</strong></span> <span class='ocrx_word' id='word_1_6' title='bbox 1137 506 1209 590; x_wconf 80' lang='lat' dir='ltr'><strong>ejus</strong></span> <span class='ocrx_word' id='word_1_7' title='bbox 1230 505 1416 586; x_wconf 84' lang='lat' dir='ltr'><strong>esemplsrir</strong></span> 
     </span>
     <span class='ocr_line' id='line_1_2' title="bbox 307 603 1420 689; baseline 0.001 -21"><span class='ocrx_word' id='word_1_8' title='bbox 307 603 504 681; x_wconf 74' lang='lat' dir='ltr'><strong>destinastis,</strong></span> <span class='ocrx_word' id='word_1_9' title='bbox 519 603 637 689; x_wconf 80' lang='lat' dir='ltr'><strong>iaoare</strong></span> <span class='ocrx_word' id='word_1_10' title='bbox 650 608 817 686; x_wconf 70' lang='lat' dir='ltr'><strong>nitebaris,</strong></span> <span class='ocrx_word' id='word_1_11' title='bbox 840 617 916 673; x_wconf 91' lang='lat' dir='ltr'><strong>tuno</strong></span> <span class='ocrx_word' id='word_1_12' title='bbox 938 608 994 674; x_wconf 92' lang='lat' dir='ltr'><strong>tibi</strong></span> <span class='ocrx_word' id='word_1_13' title='bbox 1015 611 1121 689; x_wconf 88' lang='lat' dir='ltr'><strong>eoepit</strong></span> <span class='ocrx_word' id='word_1_14' title='bbox 1136 609 1281 673; x_wconf 77' lang='lat' dir='ltr'><strong>insistere</strong></span> <span class='ocrx_word' id='word_1_15' title='bbox 1295 614 1329 672; x_wconf 89' lang='lat' dir='ltr'><strong>et</strong></span> <span class='ocrx_word' id='word_1_16' title='bbox 1346 607 1420 670; x_wconf 85' lang='lat' dir='ltr'><strong>dieo·</strong></span> 
     </span>
     <span class='ocr_line' id='line_1_3' title="bbox 308 708 1423 792; baseline 0 -22"><span class='ocrx_word' id='word_1_17' title='bbox 308 725 358 782; x_wconf 92' lang='lat' dir='ltr'><strong>re,</strong></span> <span class='ocrx_word' id='word_1_18' title='bbox 381 713 430 782; x_wconf 88' lang='lat' dir='ltr'><strong>ut,</strong></span> <span class='ocrx_word' id='word_1_19' title='bbox 451 708 478 770; x_wconf 90' lang='lat' dir='ltr'><strong>si</strong></span> <span class='ocrx_word' id='word_1_20' title='bbox 503 727 618 772; x_wconf 83' lang='lat' dir='ltr'><strong>vorum</strong></span> <span class='ocrx_word' id='word_1_21' title='bbox 639 717 734 788; x_wconf 82' lang='grc' dir='ltr'>ιιιιι,</span> <span class='ocrx_word' id='word_1_22' title='bbox 758 711 942 791; x_wconf 88' lang='lat' dir='ltr'><strong>producere</strong></span> <span class='ocrx_word' id='word_1_23' title='bbox 963 711 1140 792; x_wconf 76' lang='lat' dir='ltr'><strong>debuisses,</strong></span> <span class='ocrx_word' id='word_1_24' title='bbox 1159 709 1246 790; x_wconf 83' lang='lat' dir='ltr'><strong>quod</strong></span> <span class='ocrx_word' id='word_1_25' title='bbox 1270 719 1306 774; x_wconf 91' lang='grc' dir='ltr'><strong>ιι</strong></span> <span class='ocrx_word' id='word_1_26' title='bbox 1327 708 1423 774; x_wconf 84' lang='grc' dir='ltr'>ιιιιι-</span> 
     </span>
     <span class='ocr_line' id='line_1_4' title="bbox 306 808 1422 892; baseline 0 -19"><span class='ocrx_word' id='word_1_27' title='bbox 306 816 395 884; x_wconf 88' lang='lat' dir='ltr'><strong>etus,</strong></span> <span class='ocrx_word' id='word_1_28' title='bbox 413 808 524 873; x_wconf 89' lang='lat' dir='ltr'><strong>eelore</strong></span> <span class='ocrx_word' id='word_1_29' title='bbox 541 810 670 874; x_wconf 87' lang='lat' dir='ltr'><strong>minime</strong></span> <span class='ocrx_word' id='word_1_30' title='bbox 686 814 828 892; x_wconf 87' lang='lat' dir='ltr'><strong>potuisti.</strong></span> <span class='ocrx_word' id='word_1_31' title='bbox 846 809 937 878; x_wconf 87' lang='lat' dir='ltr'><strong>Tune</strong></span> <span class='ocrx_word' id='word_1_32' title='bbox 951 831 1030 876; x_wconf 87' lang='lat' dir='ltr'><strong>reru</strong></span> <span class='ocrx_word' id='word_1_33' title='bbox 1045 820 1242 876; x_wconf 79' lang='lat' dir='ltr'><strong>memoratus</strong></span> <span class='ocrx_word' id='word_1_34' title='bbox 1258 810 1348 875; x_wconf 92' lang='lat' dir='ltr'><strong>uobis</strong></span> <span class='ocrx_word' id='word_1_35' title='bbox 1361 829 1422 873; x_wconf 71' lang='lat' dir='ltr'><strong>eos</strong></span> 
     </span>
     <span class='ocr_line' id='line_1_5' title="bbox 308 911 1422 995; baseline -0.001 -20"><span class='ocrx_word' id='word_1_36' title='bbox 308 912 357 992; x_wconf 88' lang='lat' dir='ltr'><strong>pit</strong></span> <span class='ocrx_word' id='word_1_37' title='bbox 376 911 543 975; x_wconf 91' lang='lat' dir='ltr'><strong>imminere</strong></span> <span class='ocrx_word' id='word_1_38' title='bbox 563 911 731 993; x_wconf 88' lang='lat' dir='ltr'><strong>diaeonus,</strong></span> <span class='ocrx_word' id='word_1_39' title='bbox 750 919 792 980; x_wconf 87' lang='lat' dir='ltr'><strong>&#39;ut</strong></span> <span class='ocrx_word' id='word_1_40' title='bbox 811 923 869 980; x_wconf 91' lang='lat' dir='ltr'><strong>out</strong></span> <span class='ocrx_word' id='word_1_41' title='bbox 889 918 1056 995; x_wconf 72' lang='lat' dir='ltr'><strong>corrigere</strong></span> <span class='ocrx_word' id='word_1_42' title='bbox 1072 914 1159 978; x_wconf 82' lang='lat' dir='ltr'><strong>teob</strong></span> <span class='ocrx_word' id='word_1_43' title='bbox 1181 915 1242 991; x_wconf 85' lang='lat' dir='ltr'><strong>his,</strong></span> <span class='ocrx_word' id='word_1_44' title='bbox 1265 931 1352 994; x_wconf 84' lang='lat' dir='ltr'><strong>quae</strong></span> <span class='ocrx_word' id='word_1_45' title='bbox 1370 911 1422 975; x_wconf 89' lang='lat' dir='ltr'><strong>iili·</strong></span> 
     </span>
     <span class='ocr_line' id='line_1_6' title="bbox 307 1012 1422 1098; baseline 0 -22"><span class='ocrx_word' id='word_1_46' title='bbox 307 1013 372 1078; x_wconf 87' lang='lat' dir='ltr'><strong>eite</strong></span> <span class='ocrx_word' id='word_1_47' title='bbox 393 1012 546 1095; x_wconf 78' lang='lat' dir='ltr'><strong>iaciebat,</strong></span> <span class='ocrx_word' id='word_1_48' title='bbox 568 1015 630 1080; x_wconf 91' lang='lat' dir='ltr'><strong>sub</strong></span> <span class='ocrx_word' id='word_1_49' title='bbox 650 1025 760 1081; x_wconf 88' lang='lat' dir='ltr'><strong>nostra</strong></span> <span class='ocrx_word' id='word_1_50' title='bbox 792 1016 971 1098; x_wconf 78' lang='lat' dir='ltr'><strong>praesentia</strong></span> <span class='ocrx_word' id='word_1_51' title='bbox 993 1022 1026 1080; x_wconf 89' lang='lat' dir='ltr'><strong>at</strong></span> <span class='ocrx_word' id='word_1_52' title='bbox 1045 1015 1244 1078; x_wconf 88' lang='lat' dir='ltr'><strong>elericorum</strong></span> <span class='ocrx_word' id='word_1_53' title='bbox 1267 1013 1422 1094; x_wconf 83' lang='lat' dir='ltr'><strong>promitte·</strong></span> 
     </span>
     <span class='ocr_line' id='line_1_7' title="bbox 309 1117 1423 1199; baseline -0.003 -20"><span class='ocrx_word' id='word_1_54' title='bbox 309 1131 362 1179; x_wconf 87' lang='lat' dir='ltr'><strong>res</strong></span> <span class='ocrx_word' id='word_1_55' title='bbox 378 1136 387 1179; x_wconf 80' lang='lat' dir='ltr'><strong>s</strong></span> <span class='ocrx_word' id='word_1_56' title='bbox 405 1122 464 1194; x_wconf 84' lang='lat' dir='ltr'><strong>opt</strong></span> <span class='ocrx_word' id='word_1_57' title='bbox 483 1125 571 1181; x_wconf 89' lang='lat' dir='ltr'><strong>eorto</strong></span> <span class='ocrx_word' id='word_1_58' title='bbox 585 1119 771 1199; x_wconf 82' lang='lat' dir='ltr'><strong>petitionem</strong></span> <span class='ocrx_word' id='word_1_59' title='bbox 792 1117 996 1184; x_wconf 79' lang='lat' dir='ltr'><strong>adremus‘te</strong></span> <span class='ocrx_word' id='word_1_60' title='bbox 1017 1124 1050 1182; x_wconf 91' lang='lat' dir='ltr'><strong>et</strong></span> <span class='ocrx_word' id='word_1_61' title='bbox 1066 1118 1256 1182; x_wconf 71' lang='lat' dir='ltr'><strong>serietatem</strong></span> <span class='ocrx_word' id='word_1_62' title='bbox 1278 1124 1367 1180; x_wconf 87' lang='lat' dir='ltr'><strong>tuam</strong></span> <span class='ocrx_word' id='word_1_63' title='bbox 1383 1121 1423 1176; x_wconf 92' lang='lat' dir='ltr'><strong>st·</strong></span> 
     </span>
     <span class='ocr_line' id='line_1_8' title="bbox 309 1216 1422 1301; baseline 0 -22"><span class='ocrx_word' id='word_1_64' title='bbox 309 1235 374 1297; x_wconf 86' lang='lat' dir='ltr'><strong>que</strong></span> <span class='ocrx_word' id='word_1_65' title='bbox 396 1216 556 1282; x_wconf 83' lang='lat' dir='ltr'><strong>iaiiuoism</strong></span> <span class='ocrx_word' id='word_1_66' title='bbox 578 1220 619 1281; x_wconf 84' lang='lat' dir='ltr'><strong>eb</strong></span> <span class='ocrx_word' id='word_1_67' title='bbox 642 1236 682 1283; x_wconf 89' lang='lat' dir='ltr'><strong>eo</strong></span> <span class='ocrx_word' id='word_1_68' title='bbox 704 1219 834 1297; x_wconf 83' lang='grc' dir='ltr'>ιιιιιιι,</span> <span class='ocrx_word' id='word_1_69' title='bbox 850 1237 950 1301; x_wconf 85' lang='lat' dir='ltr'><strong>quum</strong></span> <span class='ocrx_word' id='word_1_70' title='bbox 970 1225 1004 1284; x_wconf 84' lang='grc' dir='ltr'><strong>ιι</strong></span> <span class='ocrx_word' id='word_1_71' title='bbox 1016 1237 1097 1300; x_wconf 84' lang='lat' dir='ltr'><strong>pree</strong></span> <span class='ocrx_word' id='word_1_72' title='bbox 1119 1217 1266 1281; x_wconf 86' lang='lat' dir='ltr'><strong>munibus</strong></span> <span class='ocrx_word' id='word_1_73' title='bbox 1289 1217 1422 1298; x_wconf 70' lang='lat' dir='ltr'><strong>gerebat,</strong></span> 
     </span>
     <span class='ocr_line' id='line_1_9' title="bbox 310 1317 1423 1402; baseline 0 -22"><span class='ocrx_word' id='word_1_74' title='bbox 310 1317 533 1382; x_wconf 72' lang='lat' dir='ltr'><strong>debuissemus</strong></span> <span class='ocrx_word' id='word_1_75' title='bbox 547 1320 708 1401; x_wconf 81' lang='lat' dir='ltr'><strong>soeipem3</strong></span> <span class='ocrx_word' id='word_1_76' title='bbox 724 1319 763 1383; x_wconf 92' lang='lat' dir='ltr'><strong>ad</strong></span> <span class='ocrx_word' id='word_1_77' title='bbox 780 1321 842 1384; x_wconf 88' lang='lat' dir='ltr'><strong>boe</strong></span> <span class='ocrx_word' id='word_1_78' title='bbox 855 1339 890 1390; x_wconf 85' lang='lat' dir='ltr'><strong>es</strong></span> <span class='ocrx_word' id='word_1_79' title='bbox 906 1322 1040 1402; x_wconf 90' lang='lat' dir='ltr'><strong>propria</strong></span> <span class='ocrx_word' id='word_1_80' title='bbox 1055 1320 1222 1383; x_wconf 81' lang='lat' dir='ltr'><strong>voluntate</strong></span> <span class='ocrx_word' id='word_1_81' title='bbox 1244 1317 1423 1399; x_wconf 77' lang='lat' dir='ltr'><strong>perductus,</strong></span> 
     </span>
     <span class='ocr_line' id='line_1_10' title="bbox 265 1417 1424 1503; baseline -0.002 -21"><span class='ocrx_word' id='word_1_82' title='bbox 265 1419 267 1426; x_wconf 65' lang='lat'>‘</span> <span class='ocrx_word' id='word_1_83' title='bbox 312 1425 365 1492; x_wconf 88' lang='lat' dir='ltr'><strong>ut,</strong></span> <span class='ocrx_word' id='word_1_84' title='bbox 388 1417 480 1484; x_wconf 83' lang='lat' dir='ltr'><strong>tortis</strong></span> <span class='ocrx_word' id='word_1_85' title='bbox 501 1417 696 1501; x_wconf 77' lang='lat' dir='ltr'><strong>iissnpeiiis,</strong></span> <span class='ocrx_word' id='word_1_86' title='bbox 717 1429 916 1486; x_wconf 83' lang='lat' dir='ltr'><strong>suemmeuts</strong></span> <span class='ocrx_word' id='word_1_87' title='bbox 938 1429 1142 1503; x_wconf 58' lang='lat' dir='ltr'><strong>praestarem</strong></span> <span class='ocrx_word' id='word_1_88' title='bbox 1164 1426 1198 1484; x_wconf 87' lang='lat' dir='ltr'><strong>et</strong></span> <span class='ocrx_word' id='word_1_89' title='bbox 1217 1421 1320 1484; x_wconf 79' lang='lat' dir='ltr'><strong>verbs</strong></span> <span class='ocrx_word' id='word_1_90' title='bbox 1341 1424 1424 1482; x_wconf 88' lang='lat' dir='ltr'><strong>tusa</strong></span> 
     </span>
     <span class='ocr_line' id='line_1_11' title="bbox 310 1515 1423 1602; baseline 0.001 -22"><span class='ocrx_word' id='word_1_91' title='bbox 310 1518 438 1583; x_wconf 85' lang='lat' dir='ltr'><strong>uotsrio</strong></span> <span class='ocrx_word' id='word_1_92' title='bbox 461 1520 634 1600; x_wconf 78' lang='lat' dir='ltr'><strong>seriptum</strong></span> <span class='ocrx_word' id='word_1_93' title='bbox 652 1528 765 1586; x_wconf 87' lang='lat' dir='ltr'><strong>nostro</strong></span> <span class='ocrx_word' id='word_1_94' title='bbox 786 1521 958 1586; x_wconf 85' lang='lat' dir='ltr'><strong>teneretur</strong></span> <span class='ocrx_word' id='word_1_95' title='bbox 969 1521 1103 1602; x_wconf 81' lang='lat' dir='ltr'><strong>scrinio,</strong></span> <span class='ocrx_word' id='word_1_96' title='bbox 1125 1520 1245 1602; x_wconf 83' lang='lat' dir='ltr'><strong>quibus</strong></span> <span class='ocrx_word' id='word_1_97' title='bbox 1265 1521 1353 1584; x_wconf 86' lang='lat' dir='ltr'><strong>iuter</strong></span> <span class='ocrx_word' id='word_1_98' title='bbox 1369 1515 1423 1581; x_wconf 87' lang='lat' dir='ltr'><strong>siis</strong></span> 
     </span>
     <span class='ocr_line' id='line_1_12' title="bbox 311 1619 1424 1707; baseline 0.001 -24"><span class='ocrx_word' id='word_1_99' title='bbox 311 1619 430 1700; x_wconf 77' lang='lat' dir='ltr'><strong>legeris</strong></span> <span class='ocrx_word' id='word_1_100' title='bbox 447 1623 647 1704; x_wconf 75' lang='lat' dir='ltr'><strong>promisisse,</strong></span> <span class='ocrx_word' id='word_1_101' title='bbox 664 1630 695 1688; x_wconf 87' lang='lat' dir='ltr'><strong>tu</strong></span> <span class='ocrx_word' id='word_1_102' title='bbox 715 1636 881 1707; x_wconf 75' lang='lat' dir='ltr'><strong>ouupusm</strong></span> <span class='ocrx_word' id='word_1_103' title='bbox 898 1639 916 1686; x_wconf 87' lang='grc' dir='ltr'><strong>ι</strong></span> <span class='ocrx_word' id='word_1_104' title='bbox 931 1629 1043 1688; x_wconf 89' lang='lat' dir='ltr'><strong>uestro</strong></span> <span class='ocrx_word' id='word_1_105' title='bbox 1065 1626 1191 1705; x_wconf 84' lang='lat' dir='ltr'><strong>penitus</strong></span> <span class='ocrx_word' id='word_1_106' title='bbox 1210 1621 1369 1704; x_wconf 84' lang='lat' dir='ltr'><strong>obsequio</strong></span> <span class='ocrx_word' id='word_1_107' title='bbox 1386 1619 1424 1684; x_wconf 90' lang='lat' dir='ltr'><strong>di·</strong></span> 
     </span>
     <span class='ocr_line' id='line_1_13' title="bbox 311 1727 963 1786; baseline -0.009 0"><span class='ocrx_word' id='word_1_108' title='bbox 311 1727 518 1786; x_wconf 65' lang='lat' dir='ltr'><strong>seossor&#39;ou:</strong></span> <span class='ocrx_word' id='word_1_109' title='bbox 962 1777 963 1780; x_wconf 74' lang='grc'>,</span> 
     </span>
    </p>

    <p class='ocr_par' dir='ltr' id='par_1_2' title="bbox 391 1820 1422 1907">
     <span class='ocr_line' id='line_1_14' title="bbox 391 1820 1422 1907; baseline 0 -23"><span class='ocrx_word' id='word_1_110' title='bbox 391 1843 409 1884; x_wconf 85' lang='lat' dir='ltr'><strong>e</strong></span> <span class='ocrx_word' id='word_1_111' title='bbox 432 1820 647 1906; x_wconf 72' lang='lat' dir='ltr'><strong>Posteaquam</strong></span> <span class='ocrx_word' id='word_1_112' title='bbox 668 1842 747 1889; x_wconf 86' lang='lat' dir='ltr'><strong>saro</strong></span> <span class='ocrx_word' id='word_1_113' title='bbox 767 1823 861 1906; x_wconf 83' lang='lat' dir='ltr'><strong>pejor</strong></span> <span class='ocrx_word' id='word_1_114' title='bbox 882 1831 913 1890; x_wconf 89' lang='lat' dir='ltr'><strong>te</strong></span> <span class='ocrx_word' id='word_1_115' title='bbox 941 1823 1148 1890; x_wconf 73' lang='lat' dir='ltr'><strong>Sebastianus</strong></span> <span class='ocrx_word' id='word_1_116' title='bbox 1168 1841 1230 1907; x_wconf 90' lang='lat' dir='ltr'><strong>pro</strong></span> <span class='ocrx_word' id='word_1_117' title='bbox 1249 1823 1326 1890; x_wconf 86' lang='lat' dir='ltr'><strong>solo</strong></span> <span class='ocrx_word' id='word_1_118' title='bbox 1344 1839 1422 1887; x_wconf 85' lang='lat' dir='ltr'><strong>sesu-</strong></span> 
     </span>
    </p>
   </div>
   <div class='ocr_carea' id='block_1_2' title="bbox 169 1913 1423 2008">
    <p class='ocr_par' dir='ltr' id='par_1_3' title="bbox 169 1913 1423 2008">
     <span class='ocr_line' id='line_1_15' title="bbox 169 1913 1423 2008; baseline -0.001 -22"><span class='ocrx_word' id='word_1_119' title='bbox 169 1933 172 1938; x_wconf 84' lang='lat'>&#39;</span> <span class='ocrx_word' id='word_1_120' title='bbox 312 1921 390 1986; x_wconf 89' lang='lat' dir='ltr'><strong>dsio</strong></span> <span class='ocrx_word' id='word_1_121' title='bbox 412 1913 571 2002; x_wconf 78' lang='lat' dir='ltr'><strong>iaciendo,</strong></span> <span class='ocrx_word' id='word_1_122' title='bbox 591 1927 678 1990; x_wconf 88' lang='lat' dir='ltr'><strong>sieut</strong></span> <span class='ocrx_word' id='word_1_123' title='bbox 698 1934 732 1990; x_wconf 90' lang='lat' dir='ltr'><strong>at</strong></span> <span class='ocrx_word' id='word_1_124' title='bbox 752 1926 841 1992; x_wconf 87' lang='lat' dir='ltr'><strong>iuitiu</strong></span> <span class='ocrx_word' id='word_1_125' title='bbox 863 1926 962 2008; x_wconf 89' lang='lat' dir='ltr'><strong>ipsius</strong></span> <span class='ocrx_word' id='word_1_126' title='bbox 986 1928 1140 1991; x_wconf 83' lang='lat' dir='ltr'><strong>seuieutis</strong></span> <span class='ocrx_word' id='word_1_127' title='bbox 1161 1927 1193 1989; x_wconf 88' lang='lat' dir='ltr'><strong>iu</strong></span> <span class='ocrx_word' id='word_1_128' title='bbox 1213 1923 1423 1991; x_wconf 84' lang='lat' dir='ltr'><strong>Coustsntiuo·</strong></span> 
     </span>
    </p>
   </div>
   <div class='ocr_carea' id='block_1_3' title="bbox 221 2025 1426 4352">
    <p class='ocr_par' dir='ltr' id='par_1_4' title="bbox 221 2025 1426 4352">
     <span class='ocr_line' id='line_1_16' title="bbox 313 2025 1425 2110; baseline -0.002 -22"><span class='ocrx_word' id='word_1_129' title='bbox 313 2027 414 2106; x_wconf 88' lang='lat' dir='ltr'><strong>poiim</strong></span> <span class='ocrx_word' id='word_1_130' title='bbox 437 2035 711 2103; x_wconf 76' lang='lat' dir='ltr'><strong>monstraverunt,</strong></span> <span class='ocrx_word' id='word_1_131' title='bbox 726 2036 760 2092; x_wconf 89' lang='lat' dir='ltr'><strong>et</strong></span> <span class='ocrx_word' id='word_1_132' title='bbox 780 2031 888 2094; x_wconf 82' lang='lat' dir='ltr'><strong>exitus</strong></span> <span class='ocrx_word' id='word_1_133' title='bbox 909 2027 1003 2110; x_wconf 83' lang='lat' dir='ltr'><strong>pejor</strong></span> <span class='ocrx_word' id='word_1_134' title='bbox 1022 2029 1164 2102; x_wconf 85' lang='lat' dir='ltr'><strong>edocuit,</strong></span> <span class='ocrx_word' id='word_1_135' title='bbox 1179 2027 1330 2092; x_wconf 86' lang='lat' dir='ltr'><strong>noscitur</strong></span> <span class='ocrx_word' id='word_1_136' title='bbox 1342 2025 1425 2088; x_wconf 85' lang='lat' dir='ltr'><strong>sdse·</strong></span> 
     </span>
     <span class='ocr_line' id='line_1_17' title="bbox 221 2121 1423 2209; baseline -0.002 -19"><span class='ocrx_word' id='word_1_137' title='bbox 221 2121 226 2131; x_wconf 83' lang='lat'>&#39;</span> <span class='ocrx_word' id='word_1_138' title='bbox 314 2129 410 2207; x_wconf 85' lang='lat' dir='ltr'><strong>uisae,</strong></span> <span class='ocrx_word' id='word_1_139' title='bbox 432 2127 482 2194; x_wconf 89' lang='lat' dir='ltr'><strong>itu.</strong></span> <span class='ocrx_word' id='word_1_140' title='bbox 499 2138 536 2193; x_wconf 94' lang='lat' dir='ltr'><strong>ut</strong></span> <span class='ocrx_word' id='word_1_141' title='bbox 556 2123 633 2194; x_wconf 74' lang='lat' dir='ltr'><strong>mos</strong></span> <span class='ocrx_word' id='word_1_142' title='bbox 657 2131 704 2195; x_wconf 89' lang='lat' dir='ltr'><strong>tui</strong></span> <span class='ocrx_word' id='word_1_143' title='bbox 737 2132 908 2194; x_wconf 90' lang='lat' dir='ltr'><strong>immemor</strong></span> <span class='ocrx_word' id='word_1_144' title='bbox 927 2131 1145 2207; x_wconf 87' lang='lat' dir='ltr'><strong>soersmeuti,</strong></span> <span class='ocrx_word' id='word_1_145' title='bbox 1174 2127 1423 2209; x_wconf 81' lang='lat' dir='ltr'><strong>conjurationen</strong></span> 
     </span>
     <span class='ocr_line' id='line_1_18' title="bbox 313 2227 1425 2310; baseline -0.004 -19"><span class='ocrx_word' id='word_1_146' title='bbox 313 2231 400 2296; x_wconf 87' lang='lat' dir='ltr'><strong>inter</strong></span> <span class='ocrx_word' id='word_1_147' title='bbox 421 2249 476 2296; x_wconf 85' lang='grc' dir='ltr'><strong>ιιι</strong></span> <span class='ocrx_word' id='word_1_148' title='bbox 498 2241 610 2296; x_wconf 87' lang='lat' dir='ltr'><strong>eontra</strong></span> <span class='ocrx_word' id='word_1_149' title='bbox 630 2239 754 2296; x_wconf 78' lang='lat' dir='ltr'><strong>statute</strong></span> <span class='ocrx_word' id='word_1_150' title='bbox 774 2239 946 2307; x_wconf 81' lang='lat' dir='ltr'><strong>canonum,</strong></span> <span class='ocrx_word' id='word_1_151' title='bbox 962 2231 1053 2294; x_wconf 88' lang='lat' dir='ltr'><strong>uobis</strong></span> <span class='ocrx_word' id='word_1_152' title='bbox 1071 2229 1308 2310; x_wconf 77' lang='lat' dir='ltr'><strong>ignorantibus,</strong></span> <span class='ocrx_word' id='word_1_153' title='bbox 1323 2227 1425 2292; x_wconf 82' lang='lat' dir='ltr'><strong>troies·</strong></span> 
     </span>
     <span class='ocr_line' id='line_1_19' title="bbox 316 2327 1424 2414; baseline -0.006 -20"><span class='ocrx_word' id='word_1_154' title='bbox 316 2339 376 2407; x_wconf 87' lang='lat' dir='ltr'><strong>tus,</strong></span> <span class='ocrx_word' id='word_1_155' title='bbox 390 2333 422 2394; x_wconf 92' lang='lat' dir='ltr'><strong>iu</strong></span> <span class='ocrx_word' id='word_1_156' title='bbox 436 2339 586 2413; x_wconf 84' lang='lat' dir='ltr'><strong>opertum</strong></span> <span class='ocrx_word' id='word_1_157' title='bbox 603 2340 741 2412; x_wconf 84' lang='lat' dir='ltr'><strong>uterque</strong></span> <span class='ocrx_word' id='word_1_158' title='bbox 757 2333 1012 2414; x_wconf 81' lang='lat' dir='ltr'><strong>prorumperetis</strong></span> <span class='ocrx_word' id='word_1_159' title='bbox 1025 2330 1224 2395; x_wconf 88' lang='lat' dir='ltr'><strong>seandsium.</strong></span> <span class='ocrx_word' id='word_1_160' title='bbox 1247 2327 1313 2392; x_wconf 86' lang='lat' dir='ltr'><strong>Sed</strong></span> <span class='ocrx_word' id='word_1_161' title='bbox 1334 2334 1369 2392; x_wconf 90' lang='lat' dir='ltr'><strong>nt</strong></span> <span class='ocrx_word' id='word_1_162' title='bbox 1380 2335 1424 2389; x_wconf 88' lang='grc' dir='ltr'><strong>ιιι</strong></span> 
     </span>
     <span class='ocr_line' id='line_1_20' title="bbox 317 2429 1426 2515; baseline 0 -20"><span class='ocrx_word' id='word_1_163' title='bbox 317 2429 515 2509; x_wconf 85' lang='lat' dir='ltr'><strong>Sebsstieoe,</strong></span> <span class='ocrx_word' id='word_1_164' title='bbox 531 2451 594 2498; x_wconf 92' lang='lat' dir='ltr'><strong>nou</strong></span> <span class='ocrx_word' id='word_1_165' title='bbox 610 2434 814 2514; x_wconf 75' lang='lat' dir='ltr'><strong>inquantum</strong></span> <span class='ocrx_word' id='word_1_166' title='bbox 831 2443 918 2507; x_wconf 87' lang='lat' dir='ltr'><strong>sunt,</strong></span> <span class='ocrx_word' id='word_1_167' title='bbox 939 2434 993 2500; x_wconf 90' lang='lat' dir='ltr'><strong>sed</strong></span> <span class='ocrx_word' id='word_1_168' title='bbox 1010 2435 1041 2497; x_wconf 92' lang='lat' dir='ltr'><strong>in</strong></span> <span class='ocrx_word' id='word_1_169' title='bbox 1055 2441 1212 2515; x_wconf 87' lang='lat' dir='ltr'><strong>qusntum</strong></span> <span class='ocrx_word' id='word_1_170' title='bbox 1228 2431 1355 2496; x_wconf 86' lang='lat' dir='ltr'><strong>reiorra</strong></span> <span class='ocrx_word' id='word_1_171' title='bbox 1366 2445 1426 2511; x_wconf 86' lang='lat' dir='ltr'><strong>poa·</strong></span> 
     </span>
     <span class='ocr_line' id='line_1_21' title="bbox 315 2532 1424 2616; baseline -0.005 -18"><span class='ocrx_word' id='word_1_172' title='bbox 315 2553 444 2612; x_wconf 88' lang='lat' dir='ltr'><strong>sumus,</strong></span> <span class='ocrx_word' id='word_1_173' title='bbox 468 2536 552 2598; x_wconf 88' lang='lat' dir='ltr'><strong>mais</strong></span> <span class='ocrx_word' id='word_1_174' title='bbox 575 2553 660 2616; x_wconf 81' lang='lat' dir='ltr'><strong>quea</strong></span> <span class='ocrx_word' id='word_1_175' title='bbox 681 2535 796 2600; x_wconf 83' lang='lat' dir='ltr'><strong>iecoris</strong></span> <span class='ocrx_word' id='word_1_176' title='bbox 819 2535 936 2598; x_wconf 78' lang='lat' dir='ltr'><strong>diversi</strong></span> <span class='ocrx_word' id='word_1_177' title='bbox 959 2532 1343 2616; x_wconf 71' lang='lat' dir='ltr'><strong>eopuosrsut3et1oste,</strong></span> <span class='ocrx_word' id='word_1_178' title='bbox 1363 2547 1424 2594; x_wconf 88' lang='lat' dir='ltr'><strong>mm</strong></span> 
     </span>
     <span class='ocr_line' id='line_1_22' title="bbox 316 2630 1422 2718; baseline -0.005 -18"><span class='ocrx_word' id='word_1_179' title='bbox 316 2639 417 2718; x_wconf 79' lang='lat' dir='ltr'><strong>mopis</strong></span> <span class='ocrx_word' id='word_1_180' title='bbox 439 2636 530 2701; x_wconf 87' lang='lat' dir='ltr'><strong>tarde</strong></span> <span class='ocrx_word' id='word_1_181' title='bbox 550 2639 736 2702; x_wconf 87' lang='lat' dir='ltr'><strong>ennouienm</strong></span> <span class='ocrx_word' id='word_1_182' title='bbox 768 2636 939 2701; x_wconf 79' lang='lat' dir='ltr'><strong>advertunt</strong></span> <span class='ocrx_word' id='word_1_183' title='bbox 960 2643 991 2700; x_wconf 91' lang='grc' dir='ltr'><strong>ιι</strong></span> <span class='ocrx_word' id='word_1_184' title='bbox 1011 2637 1145 2700; x_wconf 86' lang='lat' dir='ltr'><strong>subiisse</strong></span> <span class='ocrx_word' id='word_1_185' title='bbox 1166 2635 1370 2709; x_wconf 88' lang='lat' dir='ltr'><strong>senteutiam,</strong></span> <span class='ocrx_word' id='word_1_186' title='bbox 1390 2630 1422 2694; x_wconf 87' lang='grc' dir='ltr'><strong>ιι</strong></span> 
     </span>
     <span class='ocr_line' id='line_1_23' title="bbox 315 2726 1425 2803; baseline -0.006 -1"><span class='ocrx_word' id='word_1_187' title='bbox 315 2746 393 2802; x_wconf 85' lang='lat' dir='ltr'><strong>tuoe</strong></span> <span class='ocrx_word' id='word_1_188' title='bbox 423 2737 633 2802; x_wconf 77' lang='lat' dir='ltr'><strong>ordinationis</strong></span> <span class='ocrx_word' id='word_1_189' title='bbox 656 2726 823 2803; x_wconf 79' lang='lat' dir='ltr'><strong>veniemus</strong></span> <span class='ocrx_word' id='word_1_190' title='bbox 853 2738 953 2802; x_wconf 87' lang='lat' dir='ltr'><strong>initis.</strong></span> <span class='ocrx_word' id='word_1_191' title='bbox 982 2735 1177 2801; x_wconf 74' lang='lat' dir='ltr'><strong>Abeuntibus</strong></span> <span class='ocrx_word' id='word_1_192' title='bbox 1211 2735 1287 2800; x_wconf 91' lang='lat' dir='ltr'><strong>iiiiis</strong></span> <span class='ocrx_word' id='word_1_193' title='bbox 1321 2733 1425 2799; x_wconf 85' lang='lat' dir='ltr'><strong>nostris</strong></span> 
     </span>
     <span class='ocr_line' id='line_1_24' title="bbox 315 2831 1424 2923; baseline -0.007 -19"><span class='ocrx_word' id='word_1_194' title='bbox 315 2840 459 2906; x_wconf 86' lang='lat' dir='ltr'><strong>diauouis</strong></span> <span class='ocrx_word' id='word_1_195' title='bbox 480 2839 632 2904; x_wconf 73' lang='lat' dir='ltr'><strong>Austoiie</strong></span> <span class='ocrx_word' id='word_1_196' title='bbox 652 2846 751 2922; x_wconf 85' lang='lat' dir='ltr'><strong>atquo</strong></span> <span class='ocrx_word' id='word_1_197' title='bbox 770 2837 945 2923; x_wconf 73' lang='lat' dir='ltr'><strong>Stephano,</strong></span> <span class='ocrx_word' id='word_1_198' title='bbox 968 2857 987 2904; x_wconf 89' lang='lat' dir='ltr'><strong>u</strong></span> <span class='ocrx_word' id='word_1_199' title='bbox 1009 2840 1099 2904; x_wconf 89' lang='lat' dir='ltr'><strong>uobis</strong></span> <span class='ocrx_word' id='word_1_200' title='bbox 1121 2838 1317 2922; x_wconf 85' lang='lat' dir='ltr'><strong>postulasti,</strong></span> <span class='ocrx_word' id='word_1_201' title='bbox 1340 2845 1376 2901; x_wconf 91' lang='lat' dir='ltr'><strong>ut</strong></span> <span class='ocrx_word' id='word_1_202' title='bbox 1392 2831 1424 2898; x_wconf 88' lang='lat' dir='ltr'><strong>si</strong></span> 
     </span>
     <span class='ocr_line' id='line_1_25' title="bbox 319 2937 1425 3024; baseline -0.008 -17"><span class='ocrx_word' id='word_1_203' title='bbox 319 2948 446 3024; x_wconf 86' lang='lat' dir='ltr'><strong>tempus</strong></span> <span class='ocrx_word' id='word_1_204' title='bbox 465 2959 526 3022; x_wconf 90' lang='lat' dir='ltr'><strong>pro</strong></span> <span class='ocrx_word' id='word_1_205' title='bbox 541 2941 704 3024; x_wconf 84' lang='lat' dir='ltr'><strong>implendo</strong></span> <span class='ocrx_word' id='word_1_206' title='bbox 717 2939 836 3018; x_wconf 84' lang='lat' dir='ltr'><strong>udicio,</strong></span> <span class='ocrx_word' id='word_1_207' title='bbox 857 2940 1036 3006; x_wconf 76' lang='lat' dir='ltr'><strong>absentium</strong></span> <span class='ocrx_word' id='word_1_208' title='bbox 1056 2940 1132 3004; x_wconf 90' lang='lat' dir='ltr'><strong>loeo</strong></span> <span class='ocrx_word' id='word_1_209' title='bbox 1145 2938 1320 3004; x_wconf 83' lang='lat' dir='ltr'><strong>diaconum</strong></span> <span class='ocrx_word' id='word_1_210' title='bbox 1341 2945 1371 3001; x_wconf 89' lang='lat' dir='ltr'><strong>te</strong></span> <span class='ocrx_word' id='word_1_211' title='bbox 1388 2937 1425 2998; x_wconf 91' lang='lat' dir='ltr'><strong>io·</strong></span> 
     </span>
     <span class='ocr_line' id='line_1_26' title="bbox 318 3040 1425 3125; baseline -0.009 -16"><span class='ocrx_word' id='word_1_212' title='bbox 318 3045 413 3109; x_wconf 88' lang='lat' dir='ltr'><strong>terim</strong></span> <span class='ocrx_word' id='word_1_213' title='bbox 435 3044 626 3110; x_wconf 87' lang='lat' dir='ltr'><strong>iseeremus.</strong></span> <span class='ocrx_word' id='word_1_214' title='bbox 649 3043 745 3121; x_wconf 84' lang='lat' dir='ltr'><strong>Quod</strong></span> <span class='ocrx_word' id='word_1_215' title='bbox 776 3042 850 3108; x_wconf 91' lang='lat' dir='ltr'><strong>ideo</strong></span> <span class='ocrx_word' id='word_1_216' title='bbox 871 3044 928 3109; x_wconf 91' lang='lat' dir='ltr'><strong>tibi</strong></span> <span class='ocrx_word' id='word_1_217' title='bbox 949 3042 990 3106; x_wconf 92' lang='grc' dir='ltr'><strong>ιι</strong></span> <span class='ocrx_word' id='word_1_218' title='bbox 1012 3059 1176 3125; x_wconf 73' lang='lat' dir='ltr'><strong>praeseus,</strong></span> <span class='ocrx_word' id='word_1_219' title='bbox 1196 3040 1343 3123; x_wconf 89' lang='lat' dir='ltr'><strong>speranti</strong></span> <span class='ocrx_word' id='word_1_220' title='bbox 1362 3053 1425 3102; x_wconf 89' lang='lat' dir='ltr'><strong>eon·</strong></span> 
     </span>
     <span class='ocr_line' id='line_1_27' title="bbox 315 3141 1425 3227; baseline -0.009 -15"><span class='ocrx_word' id='word_1_221' title='bbox 315 3146 484 3222; x_wconf 69' lang='lat' dir='ltr'><strong>emimus,</strong></span> <span class='ocrx_word' id='word_1_222' title='bbox 499 3149 575 3227; x_wconf 78' lang='lat' dir='ltr'><strong>uois</strong></span> <span class='ocrx_word' id='word_1_223' title='bbox 589 3153 664 3212; x_wconf 81' lang='lat' dir='ltr'><strong>oute</strong></span> <span class='ocrx_word' id='word_1_224' title='bbox 684 3141 920 3211; x_wconf 86' lang='lat' dir='ltr'><strong>ordinutiouem</strong></span> <span class='ocrx_word' id='word_1_225' title='bbox 942 3152 1031 3209; x_wconf 87' lang='lat' dir='ltr'><strong>tuum</strong></span> <span class='ocrx_word' id='word_1_226' title='bbox 1045 3147 1229 3210; x_wconf 78' lang='lat' dir='ltr'><strong>cautionem</strong></span> <span class='ocrx_word' id='word_1_227' title='bbox 1250 3143 1343 3208; x_wconf 90' lang='lat' dir='ltr'><strong>nobis</strong></span> <span class='ocrx_word' id='word_1_228' title='bbox 1363 3157 1425 3222; x_wconf 80' lang='lat' dir='ltr'><strong>pro</strong></span> 
     </span>
     <span class='ocr_line' id='line_1_28' title="bbox 319 3241 1426 3329; baseline -0.01 -19"><span class='ocrx_word' id='word_1_229' title='bbox 319 3247 389 3329; x_wconf 89' lang='lat' dir='ltr'><strong>pria</strong></span> <span class='ocrx_word' id='word_1_230' title='bbox 412 3248 579 3312; x_wconf 80' lang='lat' dir='ltr'><strong>voluntate</strong></span> <span class='ocrx_word' id='word_1_231' title='bbox 592 3248 734 3313; x_wconf 89' lang='lat' dir='ltr'><strong>emisisse</strong></span> <span class='ocrx_word' id='word_1_232' title='bbox 754 3245 884 3328; x_wconf 72' lang='lat' dir='ltr'><strong>ieperis,</strong></span> <span class='ocrx_word' id='word_1_233' title='bbox 899 3263 997 3327; x_wconf 85' lang='lat' dir='ltr'><strong>qoem</strong></span> <span class='ocrx_word' id='word_1_234' title='bbox 1014 3253 1047 3308; x_wconf 90' lang='lat' dir='ltr'><strong>et</strong></span> <span class='ocrx_word' id='word_1_235' title='bbox 1061 3247 1196 3310; x_wconf 86' lang='lat' dir='ltr'><strong>testibus</strong></span> <span class='ocrx_word' id='word_1_236' title='bbox 1212 3241 1381 3316; x_wconf 79' lang='lat' dir='ltr'><strong>roborasti,</strong></span> <span class='ocrx_word' id='word_1_237' title='bbox 1400 3245 1426 3300; x_wconf 86' lang='lat' dir='ltr'><strong>et</strong></span> 
     </span>
     <span class='ocr_line' id='line_1_29' title="bbox 319 3335 1425 3431; baseline -0.012 -18"><span class='ocrx_word' id='word_1_238' title='bbox 319 3347 413 3413; x_wconf 82' lang='lat' dir='ltr'><strong>tretis</strong></span> <span class='ocrx_word' id='word_1_239' title='bbox 429 3345 610 3430; x_wconf 72' lang='lat' dir='ltr'><strong>Evangeliis</strong></span> <span class='ocrx_word' id='word_1_240' title='bbox 619 3349 839 3431; x_wconf 73' lang='lat' dir='ltr'><strong>iuramentum</strong></span> <span class='ocrx_word' id='word_1_241' title='bbox 854 3347 1072 3430; x_wconf 87' lang='lat' dir='ltr'><strong>eorporsiiter</strong></span> <span class='ocrx_word' id='word_1_242' title='bbox 1085 3343 1282 3427; x_wconf 87' lang='lat' dir='ltr'><strong>praestitisti,</strong></span> <span class='ocrx_word' id='word_1_243' title='bbox 1297 3349 1335 3407; x_wconf 92' lang='lat' dir='ltr'><strong>ut</strong></span> <span class='ocrx_word' id='word_1_244' title='bbox 1346 3335 1425 3421; x_wconf 87' lang='lat' dir='ltr'><strong>quid·</strong></span> 
     </span>
     <span class='ocr_line' id='line_1_30' title="bbox 320 3443 1424 3531; baseline -0.01 -19"><span class='ocrx_word' id='word_1_245' title='bbox 320 3449 398 3531; x_wconf 84' lang='lat' dir='ltr'><strong>quid</strong></span> <span class='ocrx_word' id='word_1_246' title='bbox 421 3449 477 3512; x_wconf 86' lang='lat' dir='ltr'><strong>tibi</strong></span> <span class='ocrx_word' id='word_1_247' title='bbox 491 3466 509 3513; x_wconf 90' lang='grc' dir='ltr'><strong>ι</strong></span> <span class='ocrx_word' id='word_1_248' title='bbox 525 3451 617 3514; x_wconf 91' lang='lat' dir='ltr'><strong>nobis</strong></span> <span class='ocrx_word' id='word_1_249' title='bbox 637 3467 698 3529; x_wconf 90' lang='lat' dir='ltr'><strong>pro</strong></span> <span class='ocrx_word' id='word_1_250' title='bbox 718 3448 933 3514; x_wconf 72' lang='lat' dir='ltr'><strong>eeclesiastico</strong></span> <span class='ocrx_word' id='word_1_251' title='bbox 951 3447 1090 3512; x_wconf 76' lang='lat' dir='ltr'><strong>utilitate</strong></span> <span class='ocrx_word' id='word_1_252' title='bbox 1110 3447 1223 3510; x_wconf 86' lang='lat' dir='ltr'><strong>inisset</strong></span> <span class='ocrx_word' id='word_1_253' title='bbox 1243 3443 1424 3525; x_wconf 72' lang='lat' dir='ltr'><strong>iniunctum,</strong></span> 
     </span>
     <span class='ocr_line' id='line_1_31' title="bbox 320 3537 1423 3632; baseline -0.011 -20"><span class='ocrx_word' id='word_1_254' title='bbox 320 3547 461 3613; x_wconf 84' lang='lat' dir='ltr'><strong>ddeiiter</strong></span> <span class='ocrx_word' id='word_1_255' title='bbox 472 3555 505 3613; x_wconf 90' lang='lat' dir='ltr'><strong>et</strong></span> <span class='ocrx_word' id='word_1_256' title='bbox 517 3537 706 3632; x_wconf 64' lang='lat' dir='ltr'><strong>siue&#39;uiiqun</strong></span> <span class='ocrx_word' id='word_1_257' title='bbox 724 3549 839 3617; x_wconf 82' lang='lat' dir='ltr'><strong>tranis</strong></span> <span class='ocrx_word' id='word_1_258' title='bbox 854 3548 1046 3628; x_wconf 84' lang='lat' dir='ltr'><strong>compleres,</strong></span> <span class='ocrx_word' id='word_1_259' title='bbox 1061 3545 1205 3611; x_wconf 86' lang='lat' dir='ltr'><strong>otiieiuus</strong></span> <span class='ocrx_word' id='word_1_260' title='bbox 1221 3563 1301 3610; x_wconf 82' lang='lat' dir='ltr'><strong>rere</strong></span> <span class='ocrx_word' id='word_1_261' title='bbox 1311 3543 1423 3606; x_wconf 85' lang='lat' dir='ltr'><strong>ioeom·</strong></span> 
     </span>
     <span class='ocr_line' id='line_1_32' title="bbox 301 3639 1425 3732; baseline -0.008 -18"><span class='ocrx_word' id='word_1_262' title='bbox 301 3647 388 3731; x_wconf 70' lang='lat' dir='ltr'><strong>&#39;que</strong></span> <span class='ocrx_word' id='word_1_263' title='bbox 406 3649 532 3715; x_wconf 88' lang='lat' dir='ltr'><strong>diaconi</strong></span> <span class='ocrx_word' id='word_1_264' title='bbox 552 3652 621 3715; x_wconf 87' lang='lat' dir='ltr'><strong>sino</strong></span> <span class='ocrx_word' id='word_1_265' title='bbox 641 3652 754 3732; x_wconf 83' lang='lat' dir='ltr'><strong>atiquo</strong></span> <span class='ocrx_word' id='word_1_266' title='bbox 775 3652 865 3726; x_wconf 83' lang='lat' dir='ltr'><strong>sitio,</strong></span> <span class='ocrx_word' id='word_1_267' title='bbox 886 3651 954 3713; x_wconf 90' lang='lat' dir='ltr'><strong>siue</strong></span> <span class='ocrx_word' id='word_1_268' title='bbox 975 3649 1085 3730; x_wconf 79' lang='lat' dir='ltr'><strong>alique</strong></span> <span class='ocrx_word' id='word_1_269' title='bbox 1105 3647 1272 3728; x_wconf 86' lang='lat' dir='ltr'><strong>superbie,</strong></span> <span class='ocrx_word' id='word_1_270' title='bbox 1291 3645 1360 3709; x_wconf 85' lang='lat' dir='ltr'><strong>sins</strong></span> <span class='ocrx_word' id='word_1_271' title='bbox 1377 3639 1425 3703; x_wconf 87' lang='lat' dir='ltr'><strong>sii·</strong></span> 
     </span>
     <span class='ocr_line' id='line_1_33' title="bbox 321 3741 1426 3834; baseline -0.013 -18"><span class='ocrx_word' id='word_1_272' title='bbox 321 3768 389 3834; x_wconf 80' lang='lat' dir='ltr'><strong>ouo</strong></span> <span class='ocrx_word' id='word_1_273' title='bbox 400 3753 624 3833; x_wconf 66' lang='lat' dir='ltr'><strong>,uopieetuuun</strong></span> <span class='ocrx_word' id='word_1_274' title='bbox 637 3754 741 3817; x_wconf 89' lang='lat' dir='ltr'><strong>donee</strong></span> <span class='ocrx_word' id='word_1_275' title='bbox 763 3759 1008 3816; x_wconf 79' lang='lat' dir='ltr'><strong>reverterentur</strong></span> <span class='ocrx_word' id='word_1_276' title='bbox 1027 3750 1152 3813; x_wconf 87' lang='lat' dir='ltr'><strong>dinooui</strong></span> <span class='ocrx_word' id='word_1_277' title='bbox 1168 3748 1337 3811; x_wconf 87' lang='lat' dir='ltr'><strong>memorati</strong></span> <span class='ocrx_word' id='word_1_278' title='bbox 1347 3763 1359 3825; x_wconf 70' lang='lat'>5</span> <span class='ocrx_word' id='word_1_279' title='bbox 1377 3741 1426 3803; x_wconf 88' lang='lat' dir='ltr'><strong>sut</strong></span> 
     </span>
     <span class='ocr_line' id='line_1_34' title="bbox 321 3837 1426 3936; baseline -0.011 -18"><span class='ocrx_word' id='word_1_280' title='bbox 321 3861 445 3935; x_wconf 83' lang='lat' dir='ltr'><strong>qusuto</strong></span> <span class='ocrx_word' id='word_1_281' title='bbox 466 3863 497 3918; x_wconf 95' lang='lat' dir='ltr'><strong>ta</strong></span> <span class='ocrx_word' id='word_1_282' title='bbox 519 3861 664 3936; x_wconf 86' lang='lat' dir='ltr'><strong>tempore</strong></span> <span class='ocrx_word' id='word_1_283' title='bbox 678 3855 710 3916; x_wconf 94' lang='lat' dir='ltr'><strong>in</strong></span> <span class='ocrx_word' id='word_1_284' title='bbox 730 3837 907 3916; x_wconf 78' lang='lat' dir='ltr'><strong>levitarum</strong></span> <span class='ocrx_word' id='word_1_285' title='bbox 932 3852 1146 3916; x_wconf 83' lang='lat' dir='ltr'><strong>voluissemus</strong></span> <span class='ocrx_word' id='word_1_286' title='bbox 1160 3847 1360 3913; x_wconf 80' lang='lat' dir='ltr'><strong>ordinatione</strong></span> <span class='ocrx_word' id='word_1_287' title='bbox 1379 3839 1426 3906; x_wconf 86' lang='lat' dir='ltr'><strong>mi·</strong></span> 
     </span>
     <span class='ocr_line' id='line_1_35' title="bbox 321 3939 1425 4033; baseline -0.011 -15"><span class='ocrx_word' id='word_1_288' title='bbox 321 3955 473 4033; x_wconf 82' lang='lat' dir='ltr'><strong>nistrsre,</strong></span> <span class='ocrx_word' id='word_1_289' title='bbox 494 3971 571 4020; x_wconf 85' lang='lat' dir='ltr'><strong>oum</strong></span> <span class='ocrx_word' id='word_1_290' title='bbox 591 3957 678 4018; x_wconf 87' lang='lat' dir='ltr'><strong>omni</strong></span> <span class='ocrx_word' id='word_1_291' title='bbox 701 3953 883 4020; x_wconf 80' lang='lat' dir='ltr'><strong>humilitate</strong></span> <span class='ocrx_word' id='word_1_292' title='bbox 904 3961 937 4017; x_wconf 88' lang='lat' dir='ltr'><strong>et</strong></span> <span class='ocrx_word' id='word_1_293' title='bbox 956 3949 1146 4016; x_wconf 82' lang='lat' dir='ltr'><strong>studiosius</strong></span> <span class='ocrx_word' id='word_1_294' title='bbox 1167 3948 1315 4030; x_wconf 79' lang='lat' dir='ltr'><strong>uepieetu</strong></span> <span class='ocrx_word' id='word_1_295' title='bbox 1337 3939 1425 4008; x_wconf 74' lang='lat' dir='ltr'><strong>nudis</strong></span> 
     </span>
     <span class='ocr_line' id='line_1_36' title="bbox 321 4045 1424 4139; baseline -0.012 -20"><span class='ocrx_word' id='word_1_296' title='bbox 321 4057 472 4123; x_wconf 85' lang='lat' dir='ltr'><strong>omuibus</strong></span> <span class='ocrx_word' id='word_1_297' title='bbox 496 4056 720 4139; x_wconf 83' lang='lat' dir='ltr'><strong>impletorem.</strong></span> <span class='ocrx_word' id='word_1_298' title='bbox 753 4055 790 4120; x_wconf 92' lang='grc' dir='ltr'><strong>Ιιι</strong></span> <span class='ocrx_word' id='word_1_299' title='bbox 810 4055 924 4120; x_wconf 86' lang='lat' dir='ltr'><strong>eedem·</strong></span> <span class='ocrx_word' id='word_1_300' title='bbox 944 4055 1094 4120; x_wconf 78' lang='lat' dir='ltr'><strong>contione</strong></span> <span class='ocrx_word' id='word_1_301' title='bbox 1123 4068 1238 4118; x_wconf 83' lang='lat' dir='ltr'><strong>rursm</strong></span> <span class='ocrx_word' id='word_1_302' title='bbox 1263 4045 1424 4130; x_wconf 70' lang='lat' dir='ltr'><strong>adjieieuss</strong></span> 
     </span>
     <span class='ocr_line' id='line_1_37' title="bbox 320 4147 1425 4244; baseline -0.011 -22"><span class='ocrx_word' id='word_1_303' title='bbox 320 4156 408 4239; x_wconf 78' lang='lat' dir='ltr'><strong>quod</strong></span> <span class='ocrx_word' id='word_1_304' title='bbox 428 4153 456 4221; x_wconf 92' lang='lat' dir='ltr'><strong>si</strong></span> <span class='ocrx_word' id='word_1_305' title='bbox 476 4156 517 4221; x_wconf 89' lang='lat' dir='ltr'><strong>de</strong></span> <span class='ocrx_word' id='word_1_306' title='bbox 531 4147 582 4221; x_wconf 84' lang='lat' dir='ltr'><strong>isis</strong></span> <span class='ocrx_word' id='word_1_307' title='bbox 599 4157 760 4233; x_wconf 82' lang='lat' dir='ltr'><strong>omnibus,</strong></span> <span class='ocrx_word' id='word_1_308' title='bbox 781 4173 867 4244; x_wconf 84' lang='lat' dir='ltr'><strong>quae</strong></span> <span class='ocrx_word' id='word_1_309' title='bbox 881 4173 957 4220; x_wconf 89' lang='lat' dir='ltr'><strong>eom</strong></span> <span class='ocrx_word' id='word_1_310' title='bbox 977 4153 1196 4229; x_wconf 84' lang='lat' dir='ltr'><strong>saersm&#39;euto,</strong></span> <span class='ocrx_word' id='word_1_311' title='bbox 1212 4149 1303 4215; x_wconf 84' lang='lat' dir='ltr'><strong>tactis</strong></span> <span class='ocrx_word' id='word_1_312' title='bbox 1323 4161 1425 4226; x_wconf 67' lang='lat' dir='ltr'><strong>eorpus⁴</strong></span> 
     </span>
     <span class='ocr_line' id='line_1_38' title="bbox 325 4251 1424 4352; baseline -0.011 -31"><span class='ocrx_word' id='word_1_313' title='bbox 325 4251 653 4352; x_wconf 65' lang='grc' dir='ltr'><strong>ιιιιιιιἛιιιςιιιιι,Δ</strong></span> <span class='ocrx_word' id='word_1_314' title='bbox 663 4255 848 4341; x_wconf 86' lang='lat' dir='ltr'><strong>promisisti,</strong></span> <span class='ocrx_word' id='word_1_315' title='bbox 863 4254 985 4338; x_wconf 84' lang='lat' dir='ltr'><strong>siiquid</strong></span> <span class='ocrx_word' id='word_1_316' title='bbox 1006 4255 1111 4324; x_wconf 87' lang='lat' dir='ltr'><strong>miuus</strong></span> <span class='ocrx_word' id='word_1_317' title='bbox 1131 4253 1307 4338; x_wconf 86' lang='lat' dir='ltr'><strong>implesses,</strong></span> <span class='ocrx_word' id='word_1_318' title='bbox 1323 4256 1424 4314; x_wconf 87' lang='lat' dir='ltr'><strong>tunes</strong></span> 
     </span>
    </p>
   </div>
   <div class='ocr_carea' id='block_1_4' title="bbox 0 0 1512 4938">
    <p class='ocr_par' dir='ltr' id='par_1_5' title="bbox 0 0 1512 4938">
     <span class='ocr_line' id='line_1_39' title="bbox 0 0 1512 4938; baseline 0 0"><span class='ocrx_word' id='word_1_319' title='bbox 0 0 1512 4938; x_wconf 95' lang='lat' dir='ltr'><strong> </strong></span> 
     </span>
    </p>
   </div>
  </div>
 </body>
</html>
