2994 4938
331 365 372 436 1⁸
779 463 919 532 CAPUT
942 465 1000 530 lll.

330 667 494 734 Arouroto
515 664 699 733 instituitur
718 665 904 748 disquisitio
924 666 1013 732 cirea
1034 667 1201 748 praescius
1219 663 1358 748 sputolus
1373 683 1422 728 us·

369 789 438 832 sum
459 768 494 832 iu
507 767 565 844 iis,
578 787 659 850 quos
678 766 811 848 Vipilius
832 767 868 832 iu
885 767 1033 833 iudicato
1053 767 1191 831 decreuit
1209 769 1246 830 ds
1266 767 1359 830 tribus
1379 763 1422 830 du·

368 869 484 951 pilulis
498 891 518 935 o
530 891 587 934 suo
610 868 756 951 inpressu
775 869 813 934 iu
837 870 946 935 Urbem
965 868 1097 952 rapiam,
1114 869 1190 934 aliis
1209 865 1422 946 collutisiprius

369 969 479 1052 Papus
498 968 636 1052 epistolis
656 971 806 1035 aduersus
826 991 878 1048 co,
900 989 981 1052 quus
1001 970 1134 1036 istorum
1151 967 1371 1051 ·Copitulorusa
1386 969 1423 1030 de

369 1073 508 1152 ssusorss
521 1072 682 1138 uurimods
700 1067 902 1154 interpretati
920 1079 995 1138 suat
1014 1072 1051 1138 iu
1066 1072 1200 1155 ejusdem
1216 1066 1423 1156 Pontificislu·

372 1171 489 1238 diruto.

331 1415 458 1541 Plura
479 1494 555 1541 sane
575 1476 607 1540 in
628 1475 677 1540 his
697 1475 737 1540 ad
766 1475 940 1543 Rusticum
960 1484 993 1544 et
1013 1475 1238 1542 Sebastianum
1258 1473 1368 1538 litteris
1384 1487 1425 1534 uo

332 1587 433 1642 stram
455 1576 598 1659 flagitant
612 1577 887 1659 ponderationem.
905 1578 947 1645 Et
968 1580 1121 1661 primum,
1137 1576 1313 1642 summarie
1332 1573 1424 1637 ibidem

333 1677 535 1756 adstruitur,
557 1677 597 1742 de
618 1697 685 1760 quo
711 1682 860 1744 convenit
881 1678 1018 1760 vigilius
1038 1697 1114 1743 cnm
1133 1678 1252 1743 Menas
1275 1677 1427 1754 ceterisque

334 1781 491 1860 episeopis
513 1787 546 1844 et
566 1798 641 1844 cum
662 1780 844 1845 Iustiniana
864 1782 895 1842 in
919 1784 1017 1846 trium
1039 1779 1269 1860 Capitulorum
1284 1793 1380 1840 cauas.
1398 1771 1428 1836 u

332 1881 397 1946 boc
412 1881 560 1964 prolecto
575 1891 634 1959 est,
651 1882 738 1963 quod
753 1883 1040 1963 comprehenditur
1053 1880 1115 1945 sub
1127 1877 1273 1944 dudiouti
1285 1879 1350 1942 eisc
1369 1872 1428 1939 dou

297 1977 301 1982 ’
333 1979 439 2046 stituti
461 1981 637 2046 vocabulis.
655 1980 748 2060 Quae
766 1985 825 2047 etsi
839 1986 969 2048 nomine
983 1982 1235 2064 distinguantur,
1253 1988 1354 2046 tamen
1365 1976 1428 2039 iden

332 2091 448 2148 sonunt
460 2104 472 2163 3
495 2083 553 2146 uisi
577 2084 656 2148 velis
679 2084 741 2148 sub
760 2080 912 2164 ruricort,
927 2101 1005 2146 tore
1030 2083 1142 2145 stricte
1165 2080 1327 2144 Pontificio
1346 2079 1429 2140 diuers

331 2182 492 2266 judicium
515 2183 680 2263 prolatum
702 2183 742 2247 de
765 2185 869 2253 tribus
884 2175 1054 2264 Capitulis,
1077 2191 1110 2246 et
1129 2183 1190 2246 sub
1207 2179 1373 2246 Constituti
1391 2195 1429 2238 ro

334 2282 468 2359 cabulo,
490 2281 579 2363 quod
601 2284 632 2346 in
654 2302 693 2347 eo
711 2283 836 2365 judicio
861 2285 1073 2348 coustitutum
1096 2283 1203 2346 luerat
1217 2282 1368 2346 adsersus
1386 2277 1429 2340 tris

333 2381 486 2465 capitula
503 2381 605 2447 relate
626 2384 666 2446 ad
690 2383 809 2469 Synodi
827 2383 1089 2448 chalcedonensis
1104 2382 1331 2448 definitionem.
1345 2375 1431 2456 Quot·

336 2503 401 2564 que
423 2481 641 2550 Constitutum
663 2485 830 2550 diuersum
851 2485 1068 2565 reputandum
1090 2493 1175 2548 csta
1198 2479 1375 2550 Constituto
1391 2497 1431 2540 uo·

334 2585 465 2649 sissimo
487 2595 560 2668 post
576 2583 741 2676 Synodum
763 2583 803 2650 V.
826 2585 923 2650 edito.
946 2584 989 2650 Et
1015 2586 1155 2665 amplius
1175 2585 1216 2648 ab
1238 2587 1304 2649 alio
1324 2595 1432 2663 apocr]-

335 2685 401 2766 pho
417 2690 543 2767 penitus
564 2687 824 2767 secernendum
842 2687 895 2752 ubi
910 2687 1029 2768 scripta
1048 2697 1170 2750 tentum
1186 2685 1360 2751 nullimode
1374 2698 1431 2744 sero

209 2786 214 2794 “
335 2805 472 2868 persona
495 2787 658 2852 Theodori
679 2789 834 2864 dicuutur
854 2786 1007 2868 evigilio
1029 2790 1177 2850 damnata
1187 2808 1200 2868 3
1223 2795 1258 2852 et
1279 2787 1332 2850 nbi
1352 2781 1432 2848 assiu

337 2888 498 2969 falsasque
511 2893 670 2976 repereris
681 2890 961 2967 interpretationes
971 2896 1003 2954 et
1014 2890 1191 2954 additiones
1202 2906 1221 2951 a
1234 2890 1346 2970 priscis
1357 2887 1431 2948 trino

256 2979 259 2984 ’
336 2987 564 3069 Capitulorum
586 2991 809 3055 defensoribus
831 3009 891 3070 pro
910 3010 972 3055 suo
993 2991 1120 3072 iugenio
1141 2991 1325 3054 elaboratas
1343 2986 1433 3049 adscr-

336 3107 392 3154 sus
416 3087 576 3156 Pontistcis
610 3098 759 3156 mentem.
794 3088 884 3156 Unde
917 3094 1111 3156 recentiores
1143 3095 1174 3156 in
1202 3109 1348 3156 errorem
1372 3083 1433 3164 lapsi

338 3198 424 3268 suut,
450 3189 554 3272 Papae
575 3193 808 3276 adjudicantes,
830 3211 915 3273 quac
937 3211 996 3256 nec
1017 3194 1127 3268 sensit,
1150 3211 1209 3256 nec
1228 3192 1364 3273 scripsit.

420 3291 583 3370 Secundo,
598 3312 640 3358 ex
661 3293 774 3358 eadem
796 3293 931 3373 epistola
953 3302 1078 3358 constat
1092 3292 1200 3374 vigilis
1220 3294 1263 3358 da
1280 3293 1374 3356 tribus
1390 3285 1434 3350 c·-

186 3455 190 3474 ,
266 3375 268 3380 ’
339 3391 450 3475 pilulis
472 3412 595 3471 seusus,
617 3395 649 3456 iu
671 3413 737 3475 quo
758 3394 799 3456 ab
820 3412 903 3456 anno
924 3390 994 3460 547.
1017 3395 1187 3476 bucusque
1209 3393 1357 3475 perstitit,
1375 3381 1435 3450 nibil

339 3491 380 3556 de
400 3489 554 3558 lutt'cato
576 3503 716 3570 mutans,
733 3511 791 3556 uec
812 3493 908 3557 aliter
929 3493 1043 3558 deiude
1064 3513 1162 3575 quam
1177 3491 1365 3576 obsignarit,
1384 3501 1434 3548 ren

340 3592 581 3674 interpretatus.
604 3592 654 3657 dc
674 3597 805 3673 insuper
826 3593 899 3657 binc
920 3594 1111 3670 innotescit,
1133 3594 1223 3675 quali
1246 3588 1433 3659 eattstsottcu

340 3690 529 3756 iudicatum
549 3698 717 3773 acceptum
741 3692 840 3756 luerit
860 3710 923 3754 non
946 3692 1053 3756 solum
1075 3694 1116 3756 ab
1142 3695 1301 3774 episeopis
1321 3691 1433 3754 orienta-

341 3791 426 3858 libus
447 3793 501 3858 sed
524 3802 557 3857 et
577 3794 616 3856 ab
638 3793 903 3867 occidentalibus,
926 3795 982 3874 qui
1004 3793 1218 3874 cumvigilio
1240 3789 1434 3860 Constantino

341 3895 442 3977 polim
464 3903 682 3958 conuenerunt
703 3903 735 3958 et
757 3893 947 3974 praesertim
968 3913 986 3957 a
1008 3895 1150 3960 diaconis
1165 3895 1301 3960 Rustico
1321 3886 1435 3958 etsebs·

343 3996 460 4072 niano,
483 3997 540 4076 qui
562 4005 654 4058 autes
677 3994 878 4075 amplissimis
901 3994 1176 4060 testificationibus
1201 3991 1376 4077 pontificale
1396 3981 1436 4048 sl·

343 4114 456 4160 versus
478 4097 537 4160 triu
570 4093 720 4176 capitula
742 4096 909 4161 decretum
931 4095 1147 4161 celebrarunt.
1165 4093 1337 4160 Facundus
1355 4092 1383 4152 in
1399 4081 1436 4146 li·

341 4195 402 4261 bro
423 4203 533 4264 eontra
557 4195 743 4264 Mucianum
764 4197 832 4278 ait,
862 4196 1054 4279 priusquam
1084 4195 1219 4281 vigilius
1240 4189 1434 4266 Gomtsutine
