3138 4950
1182 409 1248 482 839

194 507 265 573 -lla
287 509 336 574 iris
356 525 433 573 saec
455 505 745 586 testificationibus,
767 513 887 593 quihus
907 513 1113 593 episcopatus
1134 514 1247 578 calbo·

131 611 217 673 licus
231 611 390 686 adhaesit,
407 619 471 674 tarn
487 629 547 693 pro
561 611 733 676 lastiniani
754 613 952 679 orthodoxia
967 613 1103 690 iaciunt,
1119 621 1155 679 nt
1169 633 1249 680 cua·

130 718 201 775 ctas
217 711 390 776 rideantur
411 730 565 776 amovere
584 716 615 774 in
637 713 742 792 ipsum
762 713 1015 790 criminationes,
1030 731 1093 777 non
1121 721 1246 780 tentum

133 811 342 892 delinquas
364 815 516 894 superins
530 815 655 893 egimus
675 815 707 877 in
730 815 829 878 trluan
845 812 1072 895 capitulorum
1096 816 1243 893 historia,

130 911 188 975 setl
203 912 300 976 etiam
324 914 411 993 qnod
438 913 584 978 retertur
597 914 635 978 ad
650 911 947 994 incorruptibilium
962 909 1135 991 baeresim,
1159 915 1246 999 eius·

130 1015 244 1094 quein
265 1011 377 1076 eastern
401 1014 565 1094 usquead
599 1023 736 1078 mortem
758 1015 986 1096 pervicaciam.
1010 1015 1125 1098 quue
1145 1021 1247 1100 magia

130 1114 222 1196 quod
243 1116 311 1196 ipse
326 1114 411 1195 Papa
436 1115 564 1194 Agatho
584 1117 746 1194 absolute,
767 1118 860 1181 nullo
880 1119 1028 1198 adposito
1048 1117 1244 1194 discrimine,

131 1216 321 1293 asseruerit,
336 1213 518 1280 Iustiniani
536 1217 759 1282 rectitudinem
775 1235 833 1298 par
853 1217 1080 1300 uupustt'rrimn
1099 1219 1167 1301 rius
1180 1219 1246 1284 eat·

131 1326 184 1380 eta
204 1326 268 1380 toto
291 1316 363 1379 orbs
382 1318 533 1400 diffusam
553 1317 694 1383 laudari.

214 1417 301 1483 istud
318 1437 417 1500 porro
432 1421 529 1485 sensit
543 1430 575 1483 et
589 1418 794 1502 Nicephorns
805 1423 836 1484 in
853 1419 950 1486 Libro
962 1418 1065 1486 xvii.
1076 1439 1106 1488 c.
1123 1419 1243 1489 XXXI.

131 1521 172 1584 ue
198 1529 404 1600 praesumpta
419 1521 545 1585 haeresi
566 1522 720 1586 locutos:
737 1545 754 1582 n
773 1521 942 1599 Nonnulli,
965 1524 1093 1600 asserit,
1115 1523 1246 1604 quidem

131 1621 179 1683 illi
202 1620 426 1700 (lustinla'no)
458 1623 810 1702 reniamconcerlun15
846 1640 951 1703 neque
982 1641 1058 1688 euna
1089 1631 1123 1688 ct
1146 1624 1243 1689 talem

132 1723 316 1802 opinionem
338 1723 463 1799 itidem,
481 1734 517 1788 nt
545 1726 693 1789 haereses
712 1725 794 1788 alias
813 1723 855 1787 ab
876 1723 1021 1789 Ecclesia
1043 1723 1246 1806 proscriben-

130 1827 210 1888 num
237 1843 307 1889 esso
326 1825 449 1891 dicunt.
478 1826 513 1890 ld
534 1845 575 1890 er
603 1826 804 1907 praefatione
835 1833 947 1889 sesne
972 1824 1092 1910 synodi
1116 1826 1240 1906 liqacts

129 1943 217 2009 qaae
236 1924 456 1992 lastinianum
479 1919 572 1991 beata
593 1927 705 2007 quiete
724 1926 879 2006 dignatur
903 1925 1009 1989 serbis
1033 1924 1242 2008 hujusmodis

130 2025 404 2108 Quandoquidem
435 2038 565 2093 sanctae
587 2039 619 2091 et
639 2027 867 2094 oecumenicae
898 2026 983 2092 dnae
1004 2026 1137 2112 Syooii,
1158 2045 1245 2108 quae

129 2127 161 2194 ln
176 2131 357 2208 insperante
379 2132 439 2195 hac
459 2139 492 2196 et
513 2127 663 2212 religiosa
680 2125 768 2194 Urbe
788 2132 921 2192 coactae
941 2134 1029 2206 sant,
1046 2128 1150 2192 altera
1172 2130 1246 2210 qui·

131 2231 206 2294 siem
228 2229 403 2294 iustiniani
433 2230 562 2296 «livinae
584 2233 761 2296 memoriae
794 2227 1007 2309 temporibus,
1036 2228 1244 2294 sltera'rero

128 2333 192 2397 snb
213 2331 284 2412 piae
305 2332 539 2398 recordationis
564 2332 770 2412 imperatoris
790 2334 892 2395 nostri
906 2327 1105 2395 Constantini
1121 2337 1245 2411 tempo·

129 2435 222 2497 sibus
242 2433 434 2498 clementiae
455 2442 531 2498 tuse
553 2435 693 2515 parentis
706 2479 813 2497 .....
826 2431 887 2498 Sed
909 2433 1086 2496 enimenta
1108 2448 1243 2512 quoqne

130 2535 205 2616 ejus
224 2533 373 2610 Concilii,
397 2553 499 2616 quoae
522 2536 642 2599 mentio
663 2534 734 2615 eius
757 2533 902 2599 iacienda
923 2541 983 2611 cst,
1013 2551 1142 2614 sempor
1161 2549 1243 2610 eum,

128 2633 187 2718 qui
200 2633 237 2698 in
249 2635 368 2699 sanetis
383 2645 440 2713 est,
455 2634 676 2710 lastinianum
690 2636 813 2700 dicunt.
833 2635 867 2699 ln
889 2636 1008 2715 quibus
1024 2644 1058 2698 et
1083 2635 1245 2699 scholium

128 2737 199 2801 sire
230 2737 361 2801 brevem
383 2737 622 2801 annotationem
649 2738 774 2816 ioueni3
797 2737 883 2816 qnod
906 2736 1045 2801 ioannes
1066 2734 1245 2801 Chalcedo-

129 2840 178 2904 nis
199 2839 298 2914 illius,
328 2856 431 2920 quum
453 2836 729 2919 Constantinopoli
754 2849 915 2918 praeesset
943 2839 1111 2914 ecclcsiae,
1135 2836 1244 2904 Alexii

130 2938 286 3006 Comneai
308 2948 426 3016 aetate,
449 2943 481 3004 in
502 2942 571 3023 ipso
585 2959 611 3004 s.
626 2939 766 3021 Sophiae
788 2941 909 3020 templo
929 2942 1101 3020 quotannis
1123 2939 1242 3019 megui-

128 3043 193 3108 tlee
214 3045 404 3108 memoriam
421 3043 493 3124 eius
514 3042 712 3118 celebraret,
735 3039 848 3121 populi
863 3041 1007 3104 universi
1027 3039 1181 3103 concione
1201 3037 1243 3101 acl

130 3161 201 3208 rem
222 3145 363 3209 divinam
385 3152 509 3209 coacta.
532 3141 690 3207 Memoria
712 3143 783 3223 ejus
805 3139 924 3221 Ephesi
945 3158 1078 3222 qnoque
1098 3142 1130 3202 in
1151 3139 1244 3204 delu-

130 3247 194 3308 bro
207 3244 363 3326 discipuli
380 3247 464 3330 ejus,
481 3247 538 3327 qni
558 3263 657 3326 supra
675 3253 788 3324 pectus
809 3243 989 3309 Salvatoris
1009 3241 1174 3318 recubuit,
1188 3260 1243 3305 co·

126 3347 227 3410 litor:
250 3347 338 3428 qnod
368 3345 544 3412 tlelabrnm'
566 3348 633 3428 ipse
663 3346 865 3410 lastinianus
886 3350 1127 3408 construxerat.
1149 3342 1242 3409 Cete-

130 3463 205 3508 rnra
236 3447 432 3524 moriturus,
452 3447 547 3511 sicuti
570 3444 664 3510 dirus
693 3443 919 3510 Constantinus
942 3443 1120 3518 Athanasii,
1143 3442 1187 3504 ita
1208 3449 1241 3505 ct

126 3547 181 3611 hic
204 3545 356 3630 Eutycbii
377 3549 613 3612 restitutionem
635 3550 666 3611 in
691 3551 883 3610 testamento
903 3542 1033 3609 Iustino
1053 3543 1234 3608 successori

127 3665 190 3712 suo
211 3648 387 3712 mandavit.
402 3668 420 3705 s
435 3648 645 3731 Quapropter
665 3647 838 3711 cardinalis
860 3643 1022 3709 llaronins
1042 3643 1163 3720 subdit,
1177 3641 1238 3710 Ju-

127 3749 302 3816 stioiannm
330 3751 362 3813 in
384 3748 527 3816 Ecclesia
551 3741 718 3814 Catholica
749 3757 930 3822 mortuum,
953 3755 1017 3809 tem
1039 3744 1124 3824 apud
1147 3761 1240 3824 qrae-

128 3869 184 3914 cos
205 3859 271 3914 tam
293 3853 380 3933 apud
400 3852 519 3915 latinos
549 3851 652 3931 larri3
674 3851 812 3932 ejusque
834 3849 1021 3912 memoriam
1048 3843 1099 3907 die
1120 3843 1150 3910 2.
1174 3843 1241 3909 Αιι·

128 3955 216 4034 posti
237 3954 268 4015 in
285 3953 427 4018 Menaeis
449 3971 643 4035 percorum
665 3952 790 4015 heberi.
805 3950 876 4015 Nee
895 3949 992 4012 aliter
1012 3953 1128 4029 putare
1148 3945 1238 4019 licet,

128 4071 205 4119 cnm
220 4055 292 4130 iste,
309 4055 467 4136 quamdin
488 4055 674 4136 imperarit,
696 4051 872 4116 sumntum
893 4051 1057 4116 studiosus
1080 4046 1179 4110 inerit
1199 4045 1240 4110 de

125 4153 201 4220 nnet
225 4157 347 4220 achate
369 4158 402 4220 in
418 4155 563 4221 Ecclesia
580 4153 753 4232 servande,
776 4159 808 4216 el
828 4153 868 4216 ad
883 4152 1136 4215 christianorum
1157 4147 1241 4211 schi-

122 4262 229 4319 smata
253 4256 394 4320 tollenda
421 4255 680 4320 sollertissimam
702 4253 897 4333 impenderit
926 4267 1073 4331 operam,
1096 4253 1134 4312 nt
1154 4245 1238 4310 idern

124 4357 251 4422 latetur
273 4355 464 4438 Procopius.
489 4355 531 4421 Et
552 4357 632 4421 baec
654 4355 751 4418 modo
773 4371 833 4436 pro
853 4352 1035 4418 lustinieno
1054 4346 1225 4412 sufficiant.
