3186 4946
337 502 477 566 dimisse:
498 520 573 566 nom
595 501 651 565 trbr'
668 500 773 565 idonci
792 507 821 564 rt
839 499 954 563 bobiics
978 498 1191 582 reperiuntur,
1213 497 1270 579 qui
1288 497 1443 580 frutribus

337 605 373 668 io
392 603 481 667 uerbo
502 602 559 668 tto·
578 603 756 686 adjumento
776 601 854 677 sint,
875 623 896 665 o
918 598 1035 664 rosetis
1055 600 1205 683 episcopis
1225 611 1445 683 supersternant

332 707 487 788 populum
506 705 542 769 itt
556 704 853 785 verboiutts'tttott13
867 704 950 768 rtem
964 702 1125 768 Lorottdt'r
1141 702 1271 784 ueetpir
1295 723 1317 768 u
1329 701 1445 780 Nauna,

333 807 439 873 tereti
461 807 622 873 Paetino
644 828 665 871 o
688 805 787 882 ceno,
806 817 835 871 ct
855 808 943 888 opud
963 803 1105 887 marum
1128 804 1302 870 Tbcodoms
1315 805 1449 870 obdttt'·

338 931 386 988 co,
408 909 467 991 qui
485 929 589 974 omncs
615 910 695 974 droti
721 918 749 972 et
766 909 815 989 pii
843 911 960 991 [ratres
988 919 1091 972 cruat.
1113 909 1161 974 Ac
1189 907 1358 972 verisimile
1378 917 1423 972 cst
1433 953 1448 984 ,

335 1012 480 1094 quumvis
500 1011 586 1075 nobis
607 1011 769 1076 obscurum
794 1023 823 1076 st
849 1011 977 1076 minime
996 1010 1155 1092 copadium
1170 1010 1233 1085 sit,
1256 1010 1339 1073 iiten
1359 1010 1442 1074 r'dc'm

238 1164 242 1175 .
338 1113 375 1177 r'o
388 1114 462 1178 eliis
477 1114 551 1178 iocis
570 1113 649 1196 ficri.
672 1115 745 1191 itte,
761 1135 856 1198 qoem
872 1133 931 1197 ego
944 1117 1027 1192 dico,
1043 1113 1199 1194 Origenes
1213 1113 1318 1177 adhuc
1333 1115 1443 1178 adoic·

337 1235 439 1292 scens,
462 1237 524 1282 nou
545 1219 638 1282 modo
653 1220 693 1281 ab
707 1219 873 1300 episcopis,
890 1218 1081 1299 quibuscum
1097 1217 1347 1295 lumiliaritatem
1368 1231 1444 1278 cnu-

340 1329 496 1397 traxerat,
518 1322 572 1385 sed
594 1339 611 1384 a
634 1323 821 1401 peregrinis,
844 1323 899 1400 qui
920 1320 1012 1384 illum
1034 1337 1135 1400 propa
1160 1319 1361 1398 ignorabant,
1383 1319 1445 1381 isto

338 1423 435 1485 modo
456 1423 488 1484 iu
512 1439 627 1502 magno
649 1423 770 1485 bonore
794 1422 920 1486 babitus
940 1421 1011 1485 luit.
1035 1421 1232 1497 Quinimmo,
1250 1421 1304 1486 ubi
1333 1418 1447 1483 ileme-

340 1523 422 1586 ttius
443 1529 475 1585 et
495 1539 553 1602 per
575 1524 699 1586 litteras
719 1541 793 1586 eum
815 1524 1040 1596 accersiverat,
1061 1532 1092 1584 et
1106 1541 1165 1604 per
1180 1522 1328 1585 diaconos
1342 1520 1446 1584 eccle·

337 1625 403 1688 siue
424 1635 462 1688 ut
481 1635 606 1690 mature
621 1627 742 1690 rediret
756 1625 983 1688 Alexandriam
1000 1627 1148 1688 hortatus
1163 1632 1254 1703 erat;
1271 1624 1325 1686 ilie
1340 1641 1379 1686 eo
1394 1639 1445 1686 re—

341 1745 467 1804 remus,
485 1737 636 1791 consueta
650 1729 753 1792 studia
768 1737 800 1792 et
815 1727 1058 1791 exercitationes
1071 1727 1176 1790 denno
1191 1727 1281 1789 obire
1296 1725 1411 1806 coepit.
1426 1745 1445 1784 a

418 1827 455 1890 ln
477 1829 524 1892 bis
546 1831 654 1910 itaque
676 1838 763 1907 patet
778 1830 988 1910 usquemodo
1002 1829 1078 1890 oibil
1100 1829 1130 1889 in
1145 1827 1315 1907 Origeuem
1336 1836 1445 1890 actutu
1543 1883 1547 1889 .

341 1945 409 1994 esse
420 1951 432 2010 3
456 1933 502 1994 uti
523 1949 628 2011 neque
650 1934 813 2013 reperitur
833 1932 917 2013 quod
940 1934 971 1994 iu
992 1930 1188 2012 professione
1210 1931 1393 2003 christiana,
1406 1931 1448 1990 ei-

340 2033 407 2094 cuti
428 2033 459 2093 in
480 2033 708 2096 istitutiouibns
729 2033 936 2107 scholasticis,
959 2051 995 2095 ac
1018 2035 1047 2092 in
1063 2031 1209 2093 fidelium
1225 2031 1444 2104 concionibus,

340 2132 481 2213 dogmati
503 2134 662 2197 catholico
679 2137 839 2197 contraire
857 2134 1031 2196 rideretur.
1049 2131 1248 2209 Quinimmo,
1263 2151 1303 2194 ex
1321 2150 1387 2213 quo
1403 2132 1446 2192 ibi

341 2236 438 2297 tradit
459 2231 631 2308 Eusebius,
653 2253 711 2316 per
730 2236 854 2298 litteras
875 2253 893 2297 a
909 2234 1071 2299 Demetrio
1090 2234 1322 2297 Alexandriam
1336 2251 1448 2296 acuer-

340 2334 451 2409 siinm,
463 2342 501 2398 ut
515 2344 684 2399 consuetas
698 2336 802 2399 obiret
816 2337 1072 2412 exercitationes,
1085 2341 1184 2416 magis
1195 2345 1281 2416 patet
1292 2355 1330 2398 eo
1344 2353 1448 2415 usque

340 2444 428 2500 recte
448 2452 485 2500 uc
506 2437 644 2501 fideliter
664 2457 697 2501 se
718 2440 749 2501 iu
771 2441 832 2502 boc
852 2457 944 2504 sacro
966 2441 1096 2519 gessisse
1118 2440 1314 2514 ministeri03
1330 2457 1446 2502 acam·

341 2537 426 2620 plius
446 2543 617 2616 nemiuem,
639 2541 698 2604 uisi
719 2544 836 2622 ipsum,
859 2542 920 2605 boc
941 2560 1058 2606 munus
1080 2541 1235 2622 perlicere
1256 2559 1358 2622 posse.

424 2639 548 2704 interea
568 2647 767 2724 propositum
781 2645 873 2708 valde
885 2637 1012 2727 jurant,
1028 2661 1111 2725 quae
1123 2643 1282 2707 Eusebius
1296 2645 1362 2724 ipse
1377 2659 1451 2705 uar-

342 2750 395 2806 rat
406 2743 437 2805 in
455 2761 495 2808 so
511 2743 608 2808 Libro
628 2743 940 2811 militinensem
955 2747 1102 2828 Origenis
1117 2746 1315 2828 proiectione
1330 2745 1371 2808 ab
1382 2744 1446 2808 be·

343 2854 451 2927 gypto.
475 2844 582 2927 lnquit
602 2849 707 2911 euim:
732 2869 748 2909 tr
765 2845 813 2913 Eo
834 2857 978 2930 tempore
1000 2851 1084 2912 circa
1114 2867 1230 2911 anuum
1245 2842 1315 2914 230.
1338 2865 1446 2910 neces·

341 2948 435 3010 situle
459 2950 574 3029 negotii
604 2949 771 3031 cuiusdam
799 2951 1005 3014 ecclesiastici
1033 2951 1171 3015 abeundi
1202 2949 1385 3031 tlagitante,
1414 2950 1446 3010 io

343 3047 511 3112 Graeciam
534 3069 592 3131 per
613 3048 822 3116 Palaestinam
844 3053 906 3116 iter
928 3053 1025 3132 lecit;
1048 3060 1080 3115 et
1100 3034 1276 3116 Caesareae
1302 3069 1360 3131 per
1381 3068 1447 3112 tna·

343 3166 444 3212 nuum
466 3151 697 3229 impositionem
719 3155 955 3235 episcoporum,
978 3154 1033 3234 qui
1053 3155 1085 3216 iu
1106 3152 1170 3218 illis
1192 3151 1335 3232 partibus
1354 3169 1449 3213 rexe-

343 3259 419 3314 runi
440 3249 629 3329 Ecclesium,
652 3273 767 3318 munus
787 3256 927 3335 suscepit
948 3256 1147 3338 presbyterii.
1170 3253 1234 3331 Qui
1256 3271 1334 3338 sero
1359 3253 1445 3315 dein·

344 3369 418 3432 ceps
439 3353 558 3417 luerint
580 3353 619 3418 de
640 3355 697 3418 illo
720 3356 880 3418 tumultus
901 3362 933 3418 et
950 3355 1130 3418 discordiae
1145 3357 1343 3418 concitatae:
1360 3370 1445 3434 quae

343 3453 383 3516 de
403 3455 520 3520 eisdem
542 3458 584 3519 itu
606 3458 772 3522 commotis
793 3458 832 3520 ab
853 3457 1020 3538 episcopis,
1037 3457 1092 3538 qui
1107 3457 1248 3520 ecclesiis
1262 3463 1444 3537 praeerant,

284 3626 286 3632 ,
344 3555 494 3620 decreta:
520 3559 657 3639 deinque
686 3577 770 3640 qnae
798 3559 1019 3635 incommoda,
1043 3577 1117 3621 uum
1139 3559 1170 3619 in
1196 3557 1285 3620 verbi
1310 3554 1367 3619 Dei
1389 3573 1446 3619 ax·

346 3657 516 3737 plicatione
537 3678 750 3727 summanum
773 3662 869 3724 laude
891 3659 1033 3736 lloreret,
1048 3659 1230 3742 pertulerit,
1247 3675 1444 3739 quamquam

344 3769 527 3841 separatum
549 3780 629 3843 opus
650 3764 688 3826 ad
714 3764 840 3843 plenam
865 3781 980 3828 eorum
1007 3763 1253 3844 explicationem
1281 3761 1447 3841 postulare

346 3859 518 3941 videntut3
542 3871 645 3926 tameo
666 3865 696 3925 in
716 3864 857 3928 secundo
872 3864 1048 3945 Apologiae
1066 3863 1163 3940 libro,
1189 3879 1285 3942 quam
1301 3881 1360 3943 pro
1376 3861 1446 3941 ejus

340 3961 528 4026 detonsione
547 3963 716 4041 edidimus,
739 3966 846 4045 aliqua
869 3983 909 4028 ex
924 3971 1015 4045 parta
1030 3964 1198 4044 (quantum
1215 3963 1329 4042 ingenii
1344 3963 1444 4025 nostri

345 4064 528 4144 patiebatur
548 4067 695 4144 tenuitas)
717 4067 756 4130 de
777 4066 895 4129 eisdem
918 4065 1171 4128 disseruimus.»

425 4163 653 4229 Verumtamen
675 4167 792 4231 borum
807 4166 1020 4244 tumultuum,
1035 4166 1092 4247 qui
1106 4164 1261 4228 adversus
1274 4161 1446 4244 origenem

344 4263 561 4332 Alexandriae
580 4275 613 4330 et
633 4283 692 4347 per
712 4264 896 4351 Aegyptum
917 4266 1174 4340 commotisunt,
1195 4265 1308 4345 quales
1325 4264 1446 4328 luerint
