3028 4942
1124 403 1183 479 ldl

151 505 253 575 Porro
275 529 338 576 non
358 511 464 577 solnm
499 512 601 578 donec
623 514 654 576 in
679 515 759 577 vivis
780 513 867 595 degit
889 511 1060 591 lluiiinns,
1082 513 1184 595 ipsius

73 608 149 673 ides
171 613 347 678 universim
362 615 402 693 (si
417 615 654 700 Hieronymum
668 616 823 696 excipias)
839 615 1038 678 conclamata
1061 625 1110 678 est
1120 617 1184 680 sin·

75 728 144 774 cera
155 733 167 791 3
188 713 244 776 sed
273 721 307 778 et
327 722 400 795 post
419 715 543 779 obitum
565 723 680 778 nactus
700 723 772 792 est,
797 717 854 795 qui
876 715 955 777 tales
975 733 1052 778 snos
1072 733 1184 780 sensns

74 813 233 892 probaret.
257 810 442 878 Gennadius
461 833 602 896 namque
623 814 790 878 Ecclesiae
811 813 993 894 Scriptores
1015 833 1183 881 recensens

73 913 146 977 baec
167 913 267 978 tradit
286 911 328 978 de
349 915 504 981 liullinns
527 937 545 976 a
567 917 785 998 Aquileiensis
818 915 983 980 Ecclesiae
1012 917 1183 1003 presbyter

73 1033 129 1074 nou
150 1015 281 1078 minima
304 1035 380 1096 pars
402 1017 465 1080 init
494 1013 673 1082 Doctorum
698 1016 886 1098 Ecclesiae;
908 1025 941 1080 et
962 1017 1183 1098 transferendo

72 1115 107 1177 de
126 1133 244 1194 graeco
258 1119 292 1181 in
313 1118 451 1182 latinum
473 1119 603 1198 elegans
623 1119 785 1198 ingenium
804 1119 927 1181 babuit.
949 1116 1095 1199 Denique
1116 1137 1182 1182 ma-

74 1217 183 1278 simam
199 1225 329 1298 partem
344 1237 538 1298 graecorum
556 1220 770 1285 bibliothecae
783 1219 890 1281 latinis
910 1217 1080 1293 exhibuit,
1098 1217 1184 1281 Rasi-

74 1313 103 1374 iii
121 1315 243 1380 scilicet
267 1319 475 1383 caesariensis
505 1318 726 1400 Cappadociae
758 1321 924 1400 episcopi,
958 1319 1108 1398 Gregorii
1130 1335 1184 1380 na·

75 1414 206 1476 niaureni
227 1416 485 1497 eloquentissimi
508 1419 658 1493 bominis,
681 1419 854 1484 Clementis
876 1419 1013 1482 Romani
1030 1415 1183 1498 discoperi·

75 1513 186 1576 tionum
215 1515 345 1591 libres,
378 1517 508 1582 Eusebii
528 1521 735 1583 caesariensis
757 1519 958 1584 Palaestinae
980 1518 1182 1582 Ecclesiasti-

74 1631 135 1674 csm
151 1613 342 1691 Historiam,
362 1615 444 1680 Xisti
466 1619 799 1700 sententies,·Eragrii
820 1623 1004 1683 sententies.
1021 1619 1182 1698 interpre-

76 1722 150 1777 tetus
170 1725 219 1778 est
233 1733 369 1797 quoque
389 1723 564 1784 sententias
586 1720 747 1801 Pamphili
765 1723 919 1806 martyris
939 1721 1096 1783 adsersus
1112 1718 1181 1781 lla·

76 1815 267 1880 thematiccs.
291 1817 418 1882 llurum
449 1823 594 1884 omnium
625 1839 872 1902 quaecumque,
899 1823 1080 1902 praemissis
1106 1838 1180 1901 pro·

76 1916 170 1998 logis,
193 1939 211 1984 s
233 1922 343 1985 latinis
365 1924 531 2002 leguntur,
554 1941 571 1984 a
593 1921 724 1986 Rollinn
747 1926 956 2003 interpretata
978 1931 1063 1986 suut.
1087 1921 1179 1998 Quae

77 2029 173 2082 notem
193 2023 264 2086 siue
281 2023 416 2102 prnlogo
438 2023 479 2085 ab
500 2023 565 2085 alio
589 2023 741 2086 translata
764 2033 851 2100 suut,
867 2025 923 2103 qni
939 2024 1110 2102 pr'clngum
1133 2023 1178 2084 la·

77 2137 141 2184 cere
161 2123 287 2186 noluit:
310 2122 459 2203 Origcuis
474 2133 583 2188 autern
605 2143 669 2188 nnn
690 2125 809 2198 omnia,
825 2127 901 2204 quie
913 2133 945 2188 et
960 2122 1179 2208 Hieronymus

78 2224 234 2287 transtulit
249 2224 429 2304 aliquanta,
444 2243 529 2306 onan
549 2226 611 2288 snb
632 2227 771 2306 prologo
784 2225 1024 2290 discernuntur.
1042 2224 1180 2302 Proprie

77 2331 174 2385 summ
195 2324 330 2402 labore,
352 2326 451 2388 immo
473 2327 596 2405 gratiae
617 2323 675 2388 Dei
695 2325 781 2389 dono
803 2329 953 2406 esposuit
973 2326 1058 2390 idem
1079 2325 1181 2389 Runi-

78 2419 338 2502 edessenorum,
366 2433 404 2487 nt
424 2425 456 2486 in
476 2425 547 2506 ejus
568 2427 810 2506 comparatione
831 2427 884 2487 alii
907 2441 970 2490 nou
990 2427 1178 2504 exposuisse

78 2523 253 2586 credantur.
274 2523 435 2588 llisseruit
466 2535 499 2588 et
520 2523 773 2588 Benedictionrm
793 2521 888 2587 chnb
917 2543 1017 2605 super
1037 2525 1179 2588 Patriar·

79 2619 146 2683 ebes
167 2624 299 2704 triplici,
321 2625 403 2686 idest
424 2625 591 2701 historico,
614 2627 743 2700 morali,
765 2633 797 2688 et
812 2626 947 2705 mystico
967 2643 1073 2688 sensu.
1090 2622 1179 2688 Scri·

78 2723 132 2798 psit
158 2731 191 2786 et
222 2727 375 2805 epistolas
396 2726 435 2787 ad
460 2728 606 2790 timerem
639 2725 696 2789 llei
720 2727 916 2789 bortatnrias
938 2725 1071 2798 multas,
1095 2725 1180 2788 inter
1233 2737 1236 2746 ¹

77 2839 148 2899 quas
168 2829 395 2905 praevenirent
416 2827 503 2903 illae,
523 2846 605 2908 quas
625 2827 665 2888 ad
690 2826 827 2890 Probum
849 2825 945 2888 dedit.
964 2823 1125 2888 llisturiae
1145 2844 1178 2888 e·

80 2922 145 2983 tiam
165 2923 341 3001 Ecclesiae,
364 2944 462 3007 qnam
484 2928 526 2989 ab
546 2927 689 2990 Eusebio
708 2927 909 3006 scriptumst
930 2925 971 2986 ab
991 2925 1061 3004 ipsc
1082 2925 1179 2988 inter·

79 3032 225 3099 pretatnm
248 3027 412 3102 diximus,
434 3026 556 3090 addidit
575 3028 735 3091 decimum
758 3035 790 3089 et
817 3025 1021 3088 undecimum
1045 3023 1176 3086 librum.

78 3119 130 3183 Sed
150 3134 183 3186 et
200 3125 412 3190 obtrectatori
435 3126 683 3210 (Hieronymo)
705 3127 940 3208 opusculorum
971 3137 1107 3188 snorum
1129 3142 1180 3187 re-

78 3224 193 3298 spondit
214 3226 341 3294 duobus
364 3227 604 3303 voluminibus,
627 3245 766 3307 arguens
787 3235 820 3288 et
840 3225 1043 3295 convincens,
1065 3242 1099 3286 se
1120 3221 1178 3286 Dei

79 3320 198 3401 intuitu,
219 3333 253 3388 et
273 3324 439 3390 Ecclesiae
461 3329 615 3404 utilitate,
638 3327 817 3390 ausiliante
841 3323 991 3398 Domino,
1014 3323 1177 3402 ingenium

80 3422 220 3498 agitasse:
237 3426 332 3489 illum
350 3445 428 3489 reru
450 3428 675 3492 aemulationis
700 3426 833 3490 stimulo
851 3426 1018 3487 incitatum
1033 3423 1071 3484 ad
1086 3423 1179 3486 oblo-

81 3523 231 3598 quendum
251 3526 364 3588 stilum
387 3529 567 3591 vertisse.»

152 3623 335 3691 Gennadius
350 3629 460 3708 itaque
473 3647 548 3692 cnm
564 3629 607 3692 ita
623 3629 793 3707 nonaginta
810 3625 878 3688 iere
899 3643 996 3687 auuos
1013 3630 1084 3703 post
1098 3621 1179 3684 ttnt·

82 3715 128 3778 dni
149 3725 295 3801 nbitum,
329 3727 391 3789 boc
413 3727 518 3790 eidem
540 3731 724 3792 encomium
747 3731 869 3818 intexat
882 3717 898 3802 ,⁸
915 3727 1005 3788 nobis
1025 3723 1180 3788 satisiacit

82 3817 109 3877 in
125 3839 173 3898 eo,
193 3827 279 3905 quod
302 3847 361 3907 per
381 3829 465 3891 istud
490 3830 643 3909 temporis
663 3831 802 3909 spatium
826 3829 908 3890 lama
925 3827 1047 3890 Rnliini
1070 3825 1176 3887 lauste

82 3925 289 3993 literebnerit
303 3930 335 3990 in
351 3927 493 3992 Ecclesia
519 3939 582 3992 tarn
598 3949 639 3991 cx
656 3929 826 3991 traditione
843 3928 938 4004 crali,
955 3937 1019 3989 tam
1035 3945 1076 3988 ea
1091 3925 1177 4006 ejus·

82 4013 142 4080 dem
161 4021 259 4100 libris,
276 4045 357 4106 quos
372 4026 557 4091 Gennadius
579 4031 752 4103 recensuit,
770 4029 956 4110 reperitque
971 4026 1175 4104 irrepreben-

82 4113 185 4182 sibilcs.
208 4123 380 4188 l’raeterca
402 4127 577 4190 notandum
593 4135 641 4190 est
656 4126 857 4190 Gennadium
873 4126 924 4204 (de
945 4143 1012 4204 qun
1027 4122 1173 4194 inierios)

82 4210 156 4279 inter
170 4226 402 4386 ιιὲιῗῑοῖιιίτοε
423 4227 464 4288 ab
486 4227 629 4291 Adriano
653 4225 736 4308 Papa
760 4225 784 4290 l.
807 4234 1029 4388 nuncupialtnm
1052 4223 1170 4287 fuisses

211 4339 251 4382 o.
313 4323 338 4388 1,
381 4329 386 4340 ’
953 4338 956 4348 ’
