2982 4934
336 467 420 520 strae
438 466 484 521 est
503 455 666 522 sammitis.
682 455 829 538 Oripessis
843 457 913 541 iaia
933 456 1028 522 tidros
1046 457 1240 522 contumuit
1258 454 1358 540 (erim
1374 453 1419 520 te
1485 449 1486 486 ³

332 575 407 623 ram
433 555 516 622 esim
537 556 666 623 lectione
686 559 798 624 diserte
819 558 945 642 quidem
964 558 1159 642 loquentiam
1178 556 1327 622 menits·
1340 558 1419 622 reele-
1485 551 1486 590 l

335 658 457 724 montio
476 679 517 722 ec
527 661 678 726 diametro
692 671 817 726 austros
831 659 1000 724 seatsmts'ce
1013 658 1198 742 opimantur.
1215 658 1255 722 ld
1273 657 1420 740 elimarit,
1485 655 1486 660 ’

335 760 493 840 continget
512 770 549 823 at
561 781 584 824 o
596 759 685 826 uobis
705 772 841 842 eapeetes
854 779 937 842 qaae,
955 760 1049 842 impie
1062 769 1188 841 agentes
1208 771 1237 822 et
1253 759 1313 822 ileo
1325 757 1380 840 ipsi
1386 778 1421 822 rs·
1485 761 1487 796 '¹

330 869 511 940 pugnantes
523 861 711 926 tola-orast.
735 861 784 925 hd
800 863 879 926 haee
893 859 1110 942 Theophilus:
1129 857 1280 942 Bceqacr
1291 857 1422 940 quidquid
1486 857 1487 874 ¹

297 1033 303 1044 ,
335 979 391 1024 oos
410 961 472 1041 ipsi
499 961 681 1043 faciendam
711 961 909 1026 censueritis.
942 959 987 1026 Ne
1007 980 1122 1040 quaeso
1153 961 1317 1024 moeream
1335 979 1375 1023 ms
1390 959 1422 1022 ad

332 1061 417 1124 tace
432 1065 558 1127 modam
577 1063 629 1127 iro
642 1063 888 1128 eeccadescnts's.
910 1062 1037 1145 iussisse
1050 1061 1206 1144 siquidem
1219 1061 1273 1125 odi
1285 1060 1375 1124 iibsus
1392 1059 1423 1123 0·

334 1164 453 1245 rigeus's
473 1175 501 1227 et
515 1164 570 1227 isos
589 1165 738 1246 improba,
754 1166 848 1228 simsd
861 1175 890 1228 et
902 1183 963 1241 eos,
979 1163 1037 1246 poi
1049 1163 1191 1244 legendos
1204 1163 1423 1244 amplectamur.

404 1266 513 1332 «Sane
524 1267 655 1347 quidem
669 1285 724 1330 eos
740 1268 911 1332 monachos
926 1268 1012 1330 bisce
1028 1265 1133 1330 serbis
1147 1265 1300 1330 amolitus
1313 1283 1330 1328 a
1344 1283 1374 1327 se
1385 1263 1425 1326 de·

337 1367 420 1449 pulit
441 1377 474 1432 et
492 1367 667 1450 ablegavit.
681 1367 752 1434 liae
772 1369 812 1432 de
834 1387 870 1434 re
890 1369 916 1432 si
934 1369 1042 1433 iorsan
1062 1369 1211 1450 quaestio
1233 1386 1274 1432 eo
1287 1385 1384 1448 usqne
1400 1383 1424 1428 s·

336 1470 455 1546 hiissat,
478 1471 593 1552 atique
612 1487 676 1536 aon
696 1471 878 1552 contigisset
901 1472 1004 1534 altera
1026 1480 1058 1534 et
1079 1469 1232 1550 perplexa
1255 1471 1354 1550 mapa
1373 1485 1424 1530 no
1487 1473 1488 1476 ’

208 1651 225 1668 .
336 1571 428 1634 lestis
444 1573 520 1636 buis
533 1573 664 1654 quidem
677 1573 834 1638 assimilis.
858 1571 927 1638 Viri
948 1573 1048 1648 euim,
1065 1571 1167 1654 quiin
1191 1571 1338 1656 Aegypto
1352 1587 1425 1652 prae

337 1671 482 1736 sideham
496 1673 709 1748 monasteriis,
725 1673 767 1754 pii
783 1673 850 1736 iilic
865 1671 1054 1750 Dioscorus,
1071 1671 1261 1736 Ammonias
1278 1673 1362 1746 item,
1376 1667 1426 1732 liu·

335 1773 442 1836 sebius
463 1782 496 1836 et
517 1773 724 1838 Enthimiass
756 1774 812 1855 qui
833 1774 964 1856 quidem
985 1774 1102 1836 fraires
1123 1782 1235 1848 eraut,
1258 1791 1279 1836 a
1300 1768 1425 1851 eorporis

316 1875 532 1954 'proceritate
558 1875 664 1940 sortiti
690 1876 966 1939 nomenclaturam
991 1875 1090 1955 teupi.
1113 1875 1282 1944 Sedenim
1309 1876 1424 1938 hieran
1488 1903 1489 1912 .

339 1977 421 2038 inmo
435 1977 515 2040 mire
528 1977 752 2042 increbruerat
765 1976 991 2050 Alexandriae,
1003 1975 1090 2058 quod
1105 1984 1139 2038 et
1152 1993 1302 2038 sermone
1315 1985 1345 2037 et
1360 1975 1425 2036 sitae
1488 1987 1489 1996 ¹

335 2079 530 2143 ornamentis
551 2079 786 2142 inclaruisseut.
810 2076 1008 2159 Theophilus
1031 2077 1249 2144 Alexandriae
1281 2079 1427 2160 episeopus

336 2196 413 2243 saus
434 2195 532 2260 qaam
553 2180 704 2260 diligebat
724 2189 758 2244 et
771 2182 926 2244 bonorem
947 2179 1114 2244 deierehat
1134 2179 1312 2254 monachis,
1334 2193 1427 2242 coron

336 2281 467 2360 quidem
487 2299 603 2356 annm,
626 2299 739 2360 nempe
754 2277 948 2346 Dioscarnm
968 2281 1009 2344 ab
1030 2299 1140 2346 eremo
1160 2280 1313 2346 nsulsum
1333 2275 1427 2344 cousti-

337 2381 401 2446 iaii
422 2380 657 2462 llermopoieos
671 2385 867 2464 episcopum.
883 2383 974 2448 Alios
994 2383 1186 2450 adhortatus
1200 2391 1262 2458 est,
1284 2399 1388 2447 secam
1401 2385 1427 2442 ut
1480 2410 1483 2419 ·

336 2491 568 2564 morareutnr3
592 2486 712 2566 risque
733 2485 860 2550 taudem
881 2485 1041 2566 personuit
1051 2505 1064 2565 3
1080 2491 1305 2548 verumtamen
1326 2493 1361 2548 ut
1377 2479 1427 2562 epi·
1489 2495 1490 2522 ³

337 2601 455 2666 scopus
476 2584 515 2646 ad
537 2585 567 2647 id
589 2601 644 2648 eos
664 2585 794 2667 adegit,
816 2591 849 2650 oi
869 2585 1065 2650 clericorum
1086 2585 1239 2666 dignitate
1259 2584 1429 2648 cohonesta-
1489 2599 1490 2606 ¹

338 2685 378 2748 tis
398 2686 655 2750 communionem
677 2687 832 2752 ecclesiae
854 2687 918 2750 illis
939 2686 1146 2752 concredidit.
1169 2686 1221 2751 lili
1241 2687 1370 2767 quitiam
1388 2700 1427 2746 ne·
1489 2717 1490 2724 .

337 2786 485 2850 cessitate
505 2787 610 2852 adacti
632 2789 820 2861 manebant,
854 2791 914 2853 rite
935 2788 995 2852 sibi
1015 2789 1203 2852 commissae
1229 2782 1427 2852 communioni

338 2885 567 2951 incumbentes.
592 2887 802 2968 Augebantur
825 2906 903 2954 sero
921 2889 1027 2952 auimo
1050 2889 1269 2964 vehementer,
1284 2887 1428 2970 qnodnos

340 3003 400 3067 pro
413 3005 471 3050 sna
487 2987 652 3051 vuluntate
665 2989 849 3053 sinerentur
867 2989 1100 3072 philosophari,
1116 2997 1152 3055 at
1167 2996 1374 3053 assueverant
1390 3003 1429 3048 ae

339 3088 507 3167 quiescere
529 3089 721 3153 monasticae
742 3089 949 3155 meditationi.

419 3209 436 3248 e
459 3190 634 3270 Progressa
655 3201 764 3255 autem
788 3192 952 3273 temporis,
968 3210 1070 3273 quam
1094 3190 1312 3270 intelligerent
1328 3189 1429 3253 animas

338 3303 414 3350 snos
428 3289 604 3367 plurimam
620 3308 724 3355 noxae
738 3311 776 3354 sc
791 3292 972 3356 detrimenti
986 3292 1191 3370 contrahere;
1201 3299 1365 3354 cernentes
1378 3285 1429 3365 epi·

336 3405 471 3470 scopum
485 3391 581 3453 sitam
604 3401 822 3468 exerceaiem,
843 3396 986 3473 pecnmh
1004 3394 1148 3473 undique
1167 3391 1371 3458 corradeudis
1387 3385 1430 3449 si·

340 3487 470 3566 diotam;
486 3508 524 3554 ac
538 3492 714 3571 plurimum
734 3494 831 3557 studii
846 3494 1079 3574 impendentem
1093 3494 1313 3572 congerendae
1328 3503 1430 3574 posses·

339 3591 437 3654 sionis
458 3591 662 3670 laenitatem,
679 3603 781 3674 utque
795 3597 826 3658 iu
847 3595 1021 3676 proverbio
1034 3603 1094 3670 est,
1110 3595 1152 3658 ob
1174 3596 1235 3657 boc
1257 3612 1355 3658 unam
1373 3586 1430 3652 nal·

195 3709 198 3714 ·
337 3690 407 3754 lam
423 3709 486 3755 nou
508 3703 688 3758 moventem
701 3695 853 3776 lapidem,
876 3713 1078 3760 communem
1093 3714 1168 3760 cam
1183 3695 1253 3776 ipso
1267 3712 1306 3760 ac
1321 3695 1429 3756 diotae

342 3796 465 3858 adorem
479 3810 603 3858 moram
618 3795 779 3877 deprecati
793 3807 879 3872 suut,
896 3799 1033 3878 ingenae
1054 3797 1201 3878 protessi,
1216 3815 1251 3860 se
1265 3812 1372 3858 amara
1389 3805 1429 3854 so·

339 3893 521 3972 iitudiuem,
543 3912 581 3959 sc
596 3896 740 3961 urbanae
755 3898 839 3961 vitae
860 3917 930 3962 eam
945 3901 1152 3979 anteponere.
1168 3897 1212 3961 ht
1227 3897 1283 3961 ilie
1298 3911 1357 3959 nou
1375 3891 1429 3973 pis
1489 3927 1490 3930 =

340 4013 380 4060 aa
401 4006 535 4061 noverat
555 4015 625 4062 eam
648 3997 793 4062 manendi
813 4017 959 4064 canaam
975 4017 1086 4066 veram
1107 4018 1198 4080 esse;
1219 4016 1322 4081 qnare
1343 4001 1376 4060 nt
1391 4007 1429 4054 se

342 4111 416 4162 eam
433 4106 685 4178 perseverarent,
698 4117 753 4164 eos
766 4099 1011 4181 deprecabatur.
1024 4100 1127 4166 Simul
1141 4108 1250 4164 antem
1265 4107 1360 4179 atque
1373 4107 1429 4156 cer·

342 4207 376 4264 to
395 4203 526 4281 agnovit
546 4201 624 4282 qnid
645 4201 729 4267 inter
747 4219 782 4267 ss
795 4219 830 4267 ss
850 4200 1078 4281 decrevissent,
1101 4201 1214 4284 plenas
1233 4193 1429 4282 indignatione
