3028 4942
321 372 363 446 Ol

399 477 535 564 lmnper
555 481 640 546 cirea
672 479 789 544 tamam
809 477 958 560 origenis
988 476 1074 558 apud
1095 491 1229 558 graecos
1256 477 1286 541 in
1309 493 1424 558 magno

318 582 425 662 pretio
446 582 609 659 babilam,
641 583 830 664 priusquam
851 579 1020 660 Theophili
1042 597 1140 659 opera
1162 587 1194 643 et
1222 577 1424 664 Hieronymi,

320 683 420 764 ipsius
440 683 616 748 ederentur
646 701 797 758 errores,
819 682 913 745 iidem
934 680 1012 744 iacit
1040 679 1203 744 Hacariaa
1232 679 1424 756 Monachus,

320 785 377 865 qui
398 784 554 865 opuscula
577 785 732 850 adversus
753 783 869 848 Fatum
891 784 1095 862 compingens
1122 793 1215 863 regat
1235 779 1424 854 Hudlnnm,

319 893 358 950 ut
377 885 436 952 sibi
458 886 577 950 indicet
598 885 674 967 quid
697 887 729 949 iu
751 888 810 950 bac
831 886 1019 966 quaestione
1037 885 1172 948 sentiret
1192 867 1427 946 Adamantius:

323 983 441 1062 «Quid
458 1003 558 1066 porro
572 983 728 1066 Origenes
744 987 865 1065 (scribit
882 984 1026 1048 liuldnus
1042 989 1073 1050 in
1087 981 1185 1047 Libro
1202 981 1226 1046 l.
1242 1000 1272 1045 a.
1290 979 1326 1049 9.
1341 979 1430 1046 loos·

320 1088 478 1151 eticorum
500 1087 656 1152 adsersus
671 1085 917 1170 Hieronymum)
933 1087 1010 1168 quid
1032 1103 1131 1166 porro
1148 1083 1317 1164 Origenes,
1334 1099 1429 1166 quem

321 1189 578 1268 opinatissimum
593 1189 678 1269 apud
695 1205 827 1269 graecos
837 1188 998 1264 andierat,
1013 1187 1195 1250 sentiretis
1210 1185 1343 1261 talibus,
1360 1202 1431 1265 per·

323 1297 518 1369 cunctatur3
548 1289 755 1371 breviterque
776 1289 834 1354 sibi
855 1289 926 1371 ejus
954 1307 993 1353 ac
1022 1291 1063 1352 do
1082 1288 1216 1370 singulis
1240 1287 1429 1369 quibusque

319 1393 493 1455 sententies
522 1399 614 1471 rogat
633 1393 762 1472 exponi.
779 1410 796 1452 a
812 1391 854 1456 Et
873 1393 967 1457 sicuti
987 1393 1073 1472 apud
1095 1410 1227 1473 graecos
1248 1392 1279 1453 in
1295 1387 1431 1453 Oriente

323 1501 401 1556 tunc
422 1492 505 1555 larua
534 1492 573 1556 do
593 1493 740 1574 Origenis
767 1495 911 1560 sensibus
941 1512 979 1558 ac
1003 1496 1120 1576 pietate
1141 1493 1340 1574 pervadebat
1361 1489 1433 1554 illu·

319 1594 394 1657 stris
405 1613 416 1674 3
441 1596 517 1658 item
539 1594 570 1656 in
590 1591 765 1658 Occidente
787 1593 943 1676 usquead
960 1595 1163 1659 Anastasium
1185 1592 1306 1674 Papam
1323 1589 1432 1655 ddeles

321 1703 353 1758 et
375 1695 514 1758 maxime
544 1695 684 1775 episcopi
704 1695 765 1776 fids
784 1693 936 1776 simplici,
967 1697 1013 1759 ait
1031 1715 1057 1760 s.
1080 1693 1310 1780 Hieronymus,
1334 1693 1431 1774 ipsius

321 1796 440 1876 scripta
464 1797 708 1875 percurrebant,
722 1797 851 1862 nullum
872 1801 904 1862 in
919 1798 993 1879 ipsis
1013 1797 1303 1862 animadvertentes
1326 1793 1432 1876 sphal-

322 1915 387 1974 ma,
412 1897 497 1960 nude
518 1899 750 1979 corriperetur.
1176 1965 1179 1974 Δ

404 1995 475 2062 Hoc
505 2007 613 2062 autem
634 1999 678 2060 ita
698 2016 734 2061 se
764 1999 883 2064 babere
909 1998 1048 2080 amplios
1080 2005 1204 2064 constat
1225 1998 1430 2061 firmatnma

219 2107 224 2116 “
320 2097 445 2164 Ioanne
460 2097 763 2182 Hierosolymorum
783 2102 933 2181 episcopo
953 2108 986 2165 et
1007 2101 1047 2164 ab
1068 2098 1205 2180 lsidore,
1227 2115 1374 2182 qnorum
1391 2105 1432 2160 te·

321 2200 507 2264 stimonium
522 2199 668 2282 obsignat
688 2197 906 2284 Hieronymus
920 2203 951 2264 in
963 2200 1060 2267 Libro
1081 2211 1192 2266 eontra
1215 2202 1314 2284 ipsius
1336 2199 1432 2266 toan·

322 2301 371 2378 nis
394 2300 598 2381 apologiam,
620 2319 719 2383 quarn
740 2304 766 2366 is
778 2320 839 2383 pro
859 2304 998 2383 suipsius
1016 2321 1054 2368 ac
1075 2302 1222 2385 Origeais
1241 2302 1304 2365 fide
1326 2299 1432 2366 elabo-

323 2402 419 2466 ravit.
445 2401 480 2465 ln
501 2420 538 2465 ea
560 2403 643 2468 euim
665 2404 760 2468 ambo
779 2403 919 2470 loannes
940 2412 974 2468 et
1002 2402 1146 2470 lsidorns
1167 2405 1295 2484 (inquit
1319 2399 1432 2466 Hiero·

321 2505 480 2588 nymuslr
498 2523 514 2564 a
531 2523 593 2568 nou
614 2506 734 2582 semel,
757 2524 819 2571 noo
844 2507 957 2582 tertio,
983 2506 1038 2571 sed
1061 2505 1319 2588 frequentissime
1344 2504 1433 2587 jnra-

324 2613 422 2681 rnnt,
443 2624 479 2670 se
499 2623 575 2670 enm
595 2605 792 2687 (Origenem)
814 2609 853 2672 de
868 2629 934 2691 qno
953 2610 1101 2691 quaestio
1121 2615 1205 2684 erat,
1219 2609 1302 2672 scire
1322 2607 1434 2670 ortbo·

324 2705 461 2780 donum,
479 2724 537 2770 nec
553 2726 695 2787 unqnaut
709 2711 742 2772 iu
755 2711 935 2790 suspicione
949 2709 1098 2774 babuisse
1114 2710 1294 2774 haereseos.
1308 2727 1328 2767 a
1345 2705 1434 2784 Quae

325 2807 496 2872 obtestatio
519 2809 571 2872 alx
594 2810 625 2872 in
646 2821 787 2892 utroque
808 2811 874 2876 sine
890 2812 1054 2876 mauiiesta
1071 2811 1260 2877 temeritatis
1275 2817 1437 2873 uotacon·

276 2955 281 2974 .
325 2909 388 2990 cipi
409 2917 527 2991 posset,
548 2913 574 2975 si
597 2929 710 2976 revera
732 2918 781 2976 tot
799 2913 896 2994 impia
918 2915 1066 2996 dogmata
1088 2916 1296 2994 congessisset
1326 2910 1437 2990 Orlga·

323 3029 390 3076 nes.
419 3007 488 3077 Cur
515 3031 615 3093 porro
646 3014 864 3104 Hieronymus
894 3016 976 3082 hanc
1006 3017 1178 3098 utriusque
1206 3015 1435 3080 confessionem

322 3121 465 3195 opertum
485 3121 514 3176 et
533 3112 728 3196 impudicum
747 3113 943 3181 mendacium
962 3116 1093 3195 dixerit,
1112 3118 1189 3200 iure
1209 3135 1249 3180 ne
1269 3132 1310 3179 an
1328 3115 1434 3178 imma·

324 3215 403 3294 rito,
425 3214 508 3280 laira
531 3215 736 3283 decernetur.

404 3314 575 3381 Praeterea
596 3317 658 3382 hoc
679 3317 762 3382 idem
783 3319 823 3382 ad
845 3318 1087 3384 Pammaolslnm
1107 3327 1140 3384 et
1155 3318 1350 3384 Marcellam
1364 3314 1435 3381 Hia-

325 3433 480 3502 rouymns
493 3418 634 3482 scribens
650 3419 682 3482 in
701 3418 843 3502 Epistola
858 3418 908 3487 at.
924 3441 955 3485 n.
970 3421 1001 3488 H
1018 3423 1141 3486 notarit
1155 3423 1195 3486 de
1208 3419 1358 3502 Origenis
1372 3419 1437 3483 lau·

219 3527 225 3542 ·
327 3520 465 3594 toribus,
487 3536 561 3582 curn
581 3518 737 3597 dicerent,
759 3519 919 3585 audiuisse
937 3539 968 3584 sc
987 3529 1064 3585 tane
1079 3520 1232 3603 primata,
1250 3539 1332 3602 quoe
1342 3515 1436 3598 arogi·

323 3629 426 3686 suum
444 3620 547 3685 dicere
566 3630 639 3685 oute
658 3621 837 3688 nescierint.
855 3623 897 3688 Et
910 3625 972 3688 boc
985 3626 1062 3688 ltem
1075 3624 1266 3705 stgntucastt
1280 3617 1436 3703 Tbeoplrl·

324 3723 378 3790 lns
398 3723 430 3786 in
451 3721 595 3804 Epistola
617 3721 763 3790 Pascbali
785 3725 810 3790 l.
832 3727 917 3807 apud
937 3726 1120 3807 praelatum
1135 3723 1371 3808 Hieronymum
1389 3715 1434 3787 Oi

326 3841 359 3888 n.
381 3821 425 3892 dr
442 3841 459 3884 a
478 3821 637 3903 anldam
657 3826 741 3890 seire
761 3843 824 3890 noa
845 3845 987 3904 possum,
1004 3845 1069 3909 qna
1086 3829 1267 3892 temeritate
1286 3823 1436 3906 Origenes

323 3929 411 3988 unta
426 3923 621 4004 contingens,
636 3933 669 3992 et
682 3943 744 3990 non
759 3925 1002 4008 scripturarum
1018 3929 1259 4004 auctoritatem,
1273 3925 1329 3990 aad
1345 3935 1436 3989 snum

322 4041 461 4107 aequem
481 4043 641 4106 errorem,
663 4044 762 4094 ausos
783 4030 825 4093 sit
844 4031 968 4095 cunetis
987 4031 1020 4094 in
1040 4031 1183 4095 medium
1204 4031 1353 4094 nocitura
1366 4039 1434 4108 pro·

326 4123 432 4206 darre,
453 4143 513 4192 nec
532 4125 711 4194 aestimarit
730 4128 837 4192 ullum
857 4129 1019 4194 bominem
1040 4132 1111 4196 tore
1126 4147 1283 4212 uuquam,
1305 4121 1436 4209 quisuis

327 4225 555 4294 assertionibus
577 4229 755 4294 contrairet
774 4236 838 4296 cto.
855 4249 872 4292 ι
888 4227 1026 4298 Nullum
1045 4247 1134 4310 sane,
1156 4231 1228 4315 dico
1249 4247 1309 4311 ego
1330 4227 1432 4298 lutee
