3028 4942
273 387 333 462 tut

351 489 473 556 Verum
490 494 515 558 si
534 492 634 574 ipsios
655 491 813 573 Pamphili
832 492 929 558 labor
943 511 1133 576 prosperum
1155 495 1297 574 attigerit
1319 503 1387 558 ter·

272 596 395 659 minum
406 615 418 675 3
440 595 578 678 eiusque
598 603 787 675 argumenta
809 598 953 677 apprime
974 598 1249 662 obtrectatoribus
1269 597 1389 677 Orige-

274 697 323 758 nis
344 697 520 760 restiterint
531 716 542 775 5
565 704 665 775 atque
686 695 777 759 istius
798 697 918 777 scripta
938 698 999 762 sub
1019 699 1118 760 saneti
1142 698 1201 760 viri
1225 701 1383 760 tutamine

274 797 408 880 probata
425 799 545 878 ubique
561 807 593 862 et
613 807 744 876 accepta
761 799 948 877 legerentur
966 818 982 861 a
1000 800 1160 875 lidelibus,
1183 819 1224 864 ex
1245 819 1311 880 quo
1328 818 1386 862 re·

274 901 378 963 ritatis
399 908 542 964 assertor
561 908 593 962 el
614 916 677 962 non
690 899 846 963 mendacii
868 909 1017 980 repertus
1038 901 1158 976 luerat,
1174 909 1207 963 el
1227 900 1257 962 id
1277 917 1383 979 usque

274 1001 314 1065 ad
335 1001 436 1064 seculi
458 998 513 1062 tv.
537 1000 644 1079 doem3
667 1001 806 1064 ulterius
829 1008 1017 1064 tamennon
1039 1003 1157 1082 prodiit
1177 1001 1287 1064 eadem
1309 1000 1382 1081 opi·

275 1104 340 1180 nio,
358 1101 436 1182 quin
452 1103 518 1182 ipsa
533 1103 639 1165 denuo
654 1103 686 1164 in
700 1119 815 1182 magno
831 1101 1011 1166 discrimine
1028 1111 1236 1182 versaretur3
1252 1119 1290 1164 ac
1306 1119 1386 1166 rur·
1511 1153 1512 1174 ,

273 1221 329 1268 sus
350 1203 494 1284 procella
515 1209 548 1267 et
568 1199 697 1282 quidem
721 1203 941 1265 vehementior
960 1211 1072 1266 contra
1091 1202 1239 1283 Origenis
1259 1203 1383 1282 scripta

274 1306 495 1386 irrumperet:
531 1305 688 1384 lierotqne
709 1313 745 1366 ut
766 1305 908 1367 omnium
937 1304 1006 1368 lero
1026 1323 1084 1369 ore
1107 1313 1258 1385 tanquam
1280 1303 1380 1384 impia

274 1407 507 1470 damnarentur
527 1405 625 1488 ipsios
646 1405 814 1487 dogmats3
843 1413 941 1486 atque
961 1407 992 1468 in
1013 1407 1165 1491 abyssum
1185 1407 1308 1488 dejecta
1334 1405 1385 1468 ia·

273 1525 326 1572 ma
347 1507 448 1584 illios,
469 1508 511 1570 ibi
533 1509 703 1589 bucusque
722 1516 876 1572 maneret.
897 1505 957 1572 Sed
975 1509 1133 1572 undenam
1154 1510 1212 1577 ists
1233 1526 1384 1574 commu·

275 1610 355 1673 latio
378 1611 530 1672 mentium
553 1618 626 1690 post
646 1619 774 1673 eentum
802 1611 1032 1690 qninquaginta
1054 1629 1164 1686 annos,
1188 1618 1235 1684 ol,
1251 1613 1307 1690 qni
1329 1608 1384 1672 cir

241 1743 244 1752 v
273 1709 462 1792 apostolicus
476 1721 504 1776 ct
521 1709 722 1776 ecclesiarum
735 1710 885 1792 mapistcr
904 1711 1074 1776 dicebatur
1088 1720 1120 1776 et
1141 1713 1173 1774 ln
1193 1720 1384 1776 sanctorum

156 1877 159 1884 ,
277 1813 413 1878 Petrum
436 1822 565 1878 coelum
585 1817 761 1878 accersitus
782 1814 902 1888 luerat,
924 1820 987 1877 tam
1010 1823 1140 1894 repente
1162 1831 1316 1878 conversa
1339 1815 1383 1876 sit

277 1915 365 1978 illius
385 1932 468 1990 sors,
490 1915 572 1978 adeo
585 1921 624 1979 nl
642 1917 772 1978 arianae
786 1915 926 1978 baeresis
943 1916 1102 1998 princeps,
1119 1917 1264 1996 variique
1285 1933 1384 1996 qene-

276 2018 322 2081 ris
343 2018 544 2097 impietatum
567 2016 744 2080 baberetur
763 2013 899 2097 opifex?

355 2115 498 2194 Utinam,
515 2117 592 2180 mibi
607 2119 728 2182 interea
739 2117 839 2182 liceat
853 2117 1050 2194 exclamare,
1063 2137 1080 2180 a
1095 2118 1290 2198 quaestionis
1302 2123 1383 2182 ortu

273 2217 358 2281 inter
390 2217 556 2282 Rnffinum
578 2225 611 2282 et
631 2215 865 2299 Hieronymum
895 2219 996 2297 prisca
1019 2219 1157 2284 amicilia
1178 2225 1328 2294 serrata,
1353 2221 1385 2283 in
1502 2300 1508 2313 .

275 2336 378 2384 noum
394 2319 614 2384 convenissent
634 2319 673 2382 de
687 2319 835 2398 Origenis
852 2319 997 2382 doctrina
1013 2322 1193 2384 consulturi
1202 2341 1214 2400 3
1229 2328 1263 2384 et
1277 2323 1386 2401 prins·

278 2421 568 2502 qoamntriusque
578 2421 675 2484 animi
689 2422 810 2484 mutuis
825 2422 1107 2485 contestationibus
1121 2422 1385 2498 exardescerent,

276 2523 401 2586 utinam
422 2531 536 2603 pacate
555 2539 594 2586 ac
614 2530 729 2585 mutuo
751 2523 896 2594 consilio,
922 2522 1100 2602 solertique
1127 2523 1234 2586 studio
1251 2540 1387 2602 graecos

276 2624 432 2687 Auctoris
448 2624 575 2688 codices
597 2623 790 2703 perscrutati
813 2641 886 2688 eum
911 2623 961 2696 iis,
977 2641 1059 2702 quos
1080 2641 1159 2702 prae
1180 2624 1324 2688 manibus
1349 2645 1386 2688 n·

280 2733 396 2805 terque
419 2725 544 2800 babuit,
568 2723 669 2804 probe
689 2719 917 2786 contulissent!
939 2715 1030 2786 Tunc
1051 2724 1132 2785 enim
1153 2743 1229 2788 sane
1242 2725 1382 2805 sponde·

280 2845 363 2902 rem,
379 2826 508 2889 eosdem
529 2841 627 2905 quam
642 2825 789 2886 maximis
811 2825 843 2884 in
855 2823 972 2888 eisdem
994 2824 1157 2888 codicibus
1173 2826 1305 2888 detectis
1327 2844 1386 2888 va·

276 2926 458 3002 rietatibus,
481 2932 513 2987 et
534 2925 606 2988 binc
627 2941 739 2988 earnm
763 2925 956 2988 varietatum
987 2923 1107 2988 iontem
1131 2926 1275 3000 rimatos,
1296 2927 1387 2988 cala·

277 3045 366 3090 mum
388 3027 631 3090 iraudulentum
651 3027 778 3107 scriptis
799 3024 945 3104 Oriqnuis
969 3025 1067 3088 luisse
1086 3026 1384 3104 animadversuros,

277 3128 363 3193 nude
378 3128 617 3192 celebratissimi
641 3128 702 3191 riri
724 3145 846 3221 nomen,
859 3127 1069 3190 obscuratum
1085 3136 1143 3190 est.
1160 3127 1208 3190 Ac
1223 3129 1264 3191 ita
1287 3137 1386 3194 eruto

276 3230 374 3294 simul
389 3229 568 3293 incedentes
583 3229 690 3308 ambo,
707 3235 822 3292 mutuo
842 3247 940 3309 opere
962 3229 1130 3308 praestito,
1147 3229 1386 3310 discooperuis-

276 3339 347 3395 sent
369 3331 495 3394 lacilins
518 3337 672 3394 venenata
693 3329 855 3410 dogmata,
882 3347 966 3408 qnae
987 3329 1117 3394 lucrant
1139 3332 1283 3410 genuinis
1303 3334 1386 3396 scri·

275 3434 337 3514 ptis
359 3441 526 3509 conserta,
558 3438 591 3494 et
611 3430 642 3494 io
665 3432 782 3512 vulgus
802 3450 863 3513 per
881 3431 1009 3494 libellos
1041 3432 1203 3512 publicata
1224 3432 1285 3494 snb
1305 3433 1386 3498 Ori·

275 3537 362 3614 genis
383 3535 522 3596 nomine.
545 3532 750 3612 Proindeque
765 3535 866 3598 lolius
883 3533 1003 3614 junctis
1018 3535 1128 3608 armis,
1144 3534 1250 3596 animo
1273 3534 1387 3598 loede-

276 3643 360 3710 rato,
383 3653 445 3696 non
465 3641 578 3697 contra
599 3630 771 3713 Origenem
792 3639 1005 3714 pugnassent,
1026 3634 1080 3696 sed
1104 3634 1191 3698 illius
1212 3637 1314 3714 qratia
1335 3637 1385 3698 ir·

277 3738 440 3818 rupissent
461 3737 493 3797 in
514 3735 672 3811 falsarios,
689 3736 805 3800 borum
826 3736 989 3800 diruentes
1013 3735 1170 3798 officinam
1193 3736 1304 3800 dolose
1325 3756 1386 3802 ex·

276 3845 437 3916 tructnm3
468 3837 523 3901 nbi
551 3837 674 3900 sincera
703 3835 857 3901 doctoris
878 3837 955 3900 ildes
985 3837 1079 3899 sinoti
1112 3845 1144 3900 et
1164 3838 1383 3903 ecelesiastica

276 3938 424 4016 dogmsta
445 3936 583 4001 fideliter
603 3947 805 4020 propugnata
825 3939 866 4000 ab
887 3937 970 4019 ipso,
985 3939 1142 4002 subversa
1162 3945 1238 4002 sont
1260 3939 1292 4003 in
1306 3939 1388 4006 lide-

275 4039 356 4104 lium
372 4040 571 4116 scandalum,
587 4041 696 4120 piique
719 4038 779 4102 viri
797 4039 946 4104 dedecus.

355 4142 504 4205 Attamen
526 4140 690 4205 Rudinum
713 4141 766 4218 (in
782 4141 852 4222 ejus
873 4143 1003 4206 laudem
1017 4143 1186 4206 dicendum
1203 4143 1273 4220 est)
1295 4141 1385 4206 istud

275 4243 418 4307 studium
432 4243 675 4325 prudentissime
689 4241 877 4328 llieronpmi
897 4245 1007 4311 amicis
1021 4263 1059 4311 sc
1073 4244 1250 4328 discipulis,
1267 4263 1384 4328 quarn·
