3042 4940
89 464 182 534 mm
207 465 342 552 Versa,
365 472 423 538 boc
443 483 488 538 est
512 471 671 540 Cbrietuat
690 495 755 540 csse
785 495 885 542 auom
905 371 1202 554 mtdnsmtrffl

86 590 178 636 mors
191 589 358 654 personam
371 583 400 638 st
418 593 518 640 unam
536 579 759 658 operationem.
782 576 871 643 llaec
892 581 1102 660 cognovimus
1119 597 1200 660 qus-

88 673 285 740 madmodnm
299 683 332 738 ct
344 675 516 756 airmant,
537 679 593 760 qui
609 680 650 742 ab
665 679 850 761 Apostolica
863 679 945 746 Sede
960 685 1113 764 antiquae
1131 681 1196 748 lio«

87 793 152 842 mae
170 786 256 854 sunu
278 795 384 860 neque
399 779 495 857 iacta,
517 797 623 862 neque
643 784 762 864 scripta
784 783 882 848 inisse
905 783 937 846 in
959 791 1107 864 tempora
1125 803 1197 849 san-

86 880 125 942 cti
144 877 245 960 quinti
265 877 423 961 Concilil3
455 881 627 963 inquibus
650 883 790 951 babetur
820 884 940 965 oratio,
971 903 1057 966 qnae
1078 885 1198 954 dicitur

87 974 259 1043 bonose.»

157 1075 214 1144 llis
234 1083 373 1163 comptu
402 1100 561 1166 perquam
581 1085 714 1150 sinceris
744 1086 784 1153 de
805 1088 896 1154 dctis
927 1089 1058 1172 quintae
1078 1086 1198 1171 Synodl

86 1177 356 1262 obtestationibus,
368 1183 456 1250 baud
472 1195 596 1252 mutum
618 1195 777 1266 consuat,
792 1207 874 1269 quas
895 1197 972 1255 tnnc
989 1191 1066 1273 jure
1085 1207 1197 1254 mono·

86 1281 199 1349 ibelitis
217 1285 409 1367 objecerunt
435 1288 606 1371 synodales
628 1288 753 1366 Patres,
784 1290 967 1356 inlsationes
988 1289 1133 1356 Concilio
1154 1287 1195 1354 v,

84 1385 195 1450 inlatae
210 1385 455 1454 fraudulento-s
472 1408 585 1456 rernm
600 1393 696 1454 etiam
711 1391 798 1472 qnod
816 1392 910 1456 valde
924 1401 1032 1456 nostra
1050 1392 1196 1469 interest,

85 1506 123 1552 cx
135 1489 285 1570 praelatis
298 1490 465 1571 colligitur
477 1491 761 1569 declarationibus,
779 1501 842 1558 mm
858 1493 898 1558 de
911 1492 1115 1572 Origenismo
1130 1499 1196 1558 tam

85 1588 121 1654 de
139 1592 342 1656 anstbcmats
370 1594 551 1674 origenistis
580 1593 712 1670 indicto,
735 1596 780 1658 nil
811 1595 1009 1676 disputatum
1044 1595 1143 1660 inisse
1162 1595 1196 1660 in

85 1691 188 1756 eadetn
210 1691 476 1776 Synodoquinta.
496 1694 578 1761 Cum
595 1697 679 1760 eninr
694 1716 736 1762 ex
757 1697 924 1762 codicibus
940 1696 1111 1761 venerandi
1134 1695 1194 1762 Pa·

86 1790 222 1858 triarcbii
243 1793 371 1873 prolata
393 1794 514 1858 inerint
529 1804 601 1858 acta
621 1797 777 1876 septimae
792 1793 947 1862 Sessionis
968 1796 1113 1879 ejusdem
1135 1794 1194 1880 Sy·

84 1894 164 1970 nudi,
186 1902 286 1976 atque
307 1895 378 1960 aliis
401 1897 565 1976 corruptis
584 1897 717 1974 collata,
739 1907 888 1978 repertae
913 1898 957 1961 ibi
979 1898 1103 1962 luerint
1137 1897 1194 1962 atl-

85 1991 212 2059 ditionas
232 1995 365 2075 (quibus
395 1996 536 2061 baereais
557 1997 749 2062 firmabatur
770 1998 1067 2077 monothelitarum)
1088 1998 1120 2060 in
1144 2016 1198 2062 vc·

86 2097 171 2160 tnstis
191 2115 271 2162 vero
286 2107 319 2162 ct
338 2100 483 2179 genuinis
503 2100 668 2164 codicibus
688 2099 901 2174 desideratae,
923 2099 1006 2162 adso
1018 2099 1138 2183 Synodi
1152 2095 1193 2162 V.

84 2214 192 2279 scopus
212 2200 401 2265 luculenter
420 2207 520 2282 patet,
543 2208 580 2265 ut
594 2200 793 2285 excludatur
814 2201 885 2264 inde
906 2203 1041 2282 qnaeris
1061 2201 1101 2266 de
1121 2199 1197 2264 Ori·

85 2316 157 2379 gene
176 2303 341 2382 quaestio,
361 2311 394 2368 et
414 2303 586 2368 dumtaxat
600 2303 844 2384 probeturtria
866 2302 1016 2383 Capitale
1030 2302 1074 2366 ibi
1095 2301 1195 2368 tuisse

85 2400 236 2466 damnata.
1229 2405 1233 2414 ’

156 2503 196 2570 lit
215 2523 294 2570 sane
307 2523 382 2570 cuns
404 2504 520 2570 ibidem
544 2505 675 2585 legitur:
697 2525 737 2570 ec
756 2505 870 2588 quibas
892 2503 1006 2570 libellis
1028 2504 1132 2570 cisum
1152 2514 1198 2570 cst

85 2601 124 2665 cis
140 2604 409 2692 nnntbcmotircrc
427 2616 456 2669 st
473 2603 669 2670 Tbsodorum
690 2605 868 2687 episcopum
890 2615 1151 2687 mopsuestenam,
1170 2613 1199 2673 ci

85 2701 162 2784 stoc,
179 2709 261 2789 qtt'oc
281 2705 413 2785 dicitur,
436 2706 627 2788 Epistulam,
647 2717 676 2772 ct
696 2705 822 2789 Scripta
845 2703 1028 2773 Tbcedcrcti
1045 2709 1197 2772 adversm

85 2806 236 2872 duodecim
247 2806 356 2890 capito
368 2811 475 2872 sancti
493 2807 607 2888 cyrilti
620 2808 826 2874 alexandrini
837 2807 985 2890 episcopi,
1002 2809 1081 2872 baec
1099 2809 1198 2875 rerba
1223 2809 1229 2824 '

85 2909 128 2972 nti
146 2911 373 2991 consequentia
389 2917 596 2988 reputantur,
612 2927 650 2976 ac
663 2910 860 2989 quaestionis
880 2917 1041 2989 postrema
1063 2907 1196 2973 conclu·

84 3009 138 3086 sio,
159 3029 217 3092 per
237 3027 337 3092 quam
357 3009 490 3074 adunati
509 3018 585 3074 sunt
606 3008 731 3086 Patres,
754 3011 975 3090 indictumque
998 3007 1193 3088 Concilium

85 3113 156 3190 qnin
169 3113 208 3176 de
230 3112 367 3192 reliquis
380 3111 678 3176 animadverterent
699 3113 913 3192 praesumptis
935 3110 1082 3190 Origeois
1104 3127 1195 3173 erro·

84 3213 180 3291 ribus,
201 3232 347 3296 qnorum
368 3213 487 3277 mentio
507 3213 669 3277 omittitur
688 3214 720 3276 in
743 3213 923 3277 testimonio
944 3211 1088 3293 ejusdem
1110 3209 1193 3276 Cen·

84 3313 179 3380 ciliis
200 3313 375 3397 praedictis
395 3314 532 3377 vetustis
551 3311 715 3379 codicibus
737 3313 885 3404 repetito.

156 3413 251 3492 Quod
273 3422 383 3481 autcm
397 3415 519 3481 dictum
540 3421 589 3479 est
609 3413 649 3477 ds
671 3413 840 3489 varietata,
857 3429 942 3492 qnae
964 3409 1052 3474 botis
1075 3406 1195 3494 Synedi

83 3523 187 3582 sextos
206 3517 340 3597 contigit
353 3518 386 3580 in
405 3515 531 3580 citanda
553 3513 687 3582 Concilii
703 3515 808 3595 quinti
823 3512 1020 3590 delinitione,
1036 3511 1099 3574 boc
1119 3510 1195 3576 ilem

84 3624 113 3680 st
130 3619 268 3699 amplius
283 3616 452 3682 revelatur
467 3619 499 3680 in
512 3614 643 3699 Synodo
666 3616 813 3696 septima.
835 3611 872 3676 ln
893 3614 953 3677 bac
966 3614 1050 3676 enim
1065 3611 1195 3695 Synodo

84 3715 211 3786 Patrem
232 3720 379 3786 nonnulli
399 3717 533 3785 Consilii
557 3716 593 3780 V.
616 3723 797 3800 repetentes
816 3723 952 3792 statuta,
973 3713 1193 3791 solummodo,

85 3815 140 3882 boc
160 3829 323 3884 temtum
344 3837 412 3884 esso
434 3825 590 3901 putarunt
604 3819 635 3881 in
656 3818 842 3883 damnandis
862 3816 1023 3898 Origenis,
1046 3813 1195 3894 Evagrii,

85 3935 119 3982 ae
138 3920 264 4007 Didymi
285 3922 478 4004 portentosis
499 3921 764 3999 fabulationibus,
786 3920 901 4001 quavis
922 3918 1056 4000 exclusa
1077 3915 1118 3978 de
1140 3916 1196 3982 tri·

85 4019 139 4084 bns
158 4019 316 4102 Capitalis
336 4025 525 4105 quaestione
543 4040 582 4086 ac
595 4021 809 4086 damnatione.
832 4018 941 4101 lnquit
963 4015 1137 4080 Therasins
1159 4015 1192 4077 in

85 4118 213 4188 dctiona
235 4123 293 4188 lll.
310 4126 491 4204 praemissis
505 4130 649 4206 quatuor
663 4120 862 4200 Consiliisjsu
883 4117 1029 4200 Denique
1049 4119 1081 4180 in
1102 4116 1195 4196 quin·

87 4229 116 4286 tc
134 4223 274 4310 Synedo,
295 4243 380 4309 qaae
406 4229 491 4294 sicut
512 4227 683 4302 macbaera
703 4226 843 4308 spiritus·
859 4223 890 4290 in
921 4219 1092 4305 superficie
1113 4236 1195 4300 qno·
