3066 4950
343 467 479 532 mutatio
502 469 649 548 primum'
666 467 726 530 trit
748 464 898 548 Capitale
921 465 1112 541 damnantis,
1135 463 1249 563 deipde
1270 463 1375 527 statim
1394 461 1439 525 de

343 567 512 646 tendentis,
525 586 563 634 ac
580 586 695 646 rursus
717 568 904 648 paulopost
927 586 985 651 per
1007 571 1147 647 seipsum
1169 565 1439 648 promittentium

341 689 495 754 sponsum
516 673 673 753 praebere
694 671 844 736 Patribus
864 671 1073 756 synodalibus
1095 671 1266 735 decadem
1289 670 1443 751 Capitnlo·

342 789 416 836 rum
438 773 652 839 damnatione.
686 772 729 838 Et
748 774 888 854 amplios
913 775 1045 850 mirum,
1076 773 1163 855 qnod
1187 772 1322 838 concilii
1346 771 1442 836 Patres

343 873 427 938 bane
448 875 676 956 praeterierint
695 876 824 940 silentio
840 876 871 939 in
891 878 961 940 suis
979 875 1231 938 discussionibus
1247 873 1354 955 vigilii
1376 873 1445 955 pali·

342 976 482 1040 nodiam.
515 975 668 1041 Ceterum
691 985 828 1053 constat,
861 986 996 1057 excepta
1018 978 1080 1040 bac
1108 976 1282 1042 iustiniani
1306 977 1443 1059 epistola,

338 1094 398 1141 nuc
419 1079 452 1141 in
474 1077 741 1158 praecedentibus
762 1077 1013 1153 collationibus,
1030 1097 1090 1142 nee
1111 1079 1143 1142 iu
1161 1087 1323 1159 postrema
1346 1078 1442 1142 ultan

339 1181 479 1261 reperiri
499 1199 558 1244 nec
589 1181 811 1261 perplexitatis
841 1181 1023 1260 vestigium,
1047 1199 1106 1245 uec
1134 1180 1396 1246 contradictionis
1414 1202 1443 1245 o·

339 1281 467 1346 mnibus
482 1283 512 1345 iu
535 1283 601 1363 ipsa
616 1281 745 1367 Synodo
767 1283 873 1361 gestis,
891 1283 979 1362 qnod
995 1283 1140 1364 ejusdem
1155 1281 1263 1364 Vigilii
1284 1285 1442 1349 imminuat

340 1386 581 1449 anctoritatem.
654 1388 656 1398 '

420 1483 567 1567 lienique
580 1488 606 1550 si
628 1488 746 1550 citatae
761 1487 917 1566 epistolae
942 1485 1040 1549 dictio
1056 1493 1272 1567 componetur
1295 1484 1390 1549 alteri
1404 1503 1447 1566 ye-

338 1589 470 1664 nuinae‚
486 1608 584 1670 quam
606 1589 650 1652 ab
669 1590 761 1653 initio
779 1586 899 1672 Synodi
923 1591 1034 1652 scribit
1055 1589 1256 1654 iustinisnns
1277 1589 1317 1652 ad
1340 1590 1449 1670 spiere·

340 1709 400 1772 pos
421 1701 645 1772 congregatos,
677 1692 835 1771 quaedam
858 1690 898 1754 ab
926 1689 1062 1755 invicem
1092 1692 1319 1756 manifestator
1338 1693 1447 1756 discre-

342 1793 460 1876 pantio.
495 1793 530 1856 ln
553 1795 613 1857 bac
634 1797 718 1857 enim
742 1794 925 1874 imperaror
956 1794 1143 1873 profitetur,
1164 1813 1199 1858 se
1220 1803 1252 1858 et
1272 1811 1444 1858 sermonen

343 1913 441 1960 snum
464 1895 609 1979 synodali
631 1895 808 1958 detinitioni
830 1895 1015 1976 subjicere,
1045 1913 1105 1960 neo
1125 1896 1233 1960 nilum
1258 1896 1343 1960 reite
1364 1897 1444 1962 ubso-

341 1998 453 2060 lutnm
468 1995 617 2078 prolerre
628 1996 805 2079 judicium,
821 1997 862 2059 ab
884 1997 1039 2079 episcopis
1060 2007 1232 2079 expectans
1252 1999 1443 2064 sententian.

340 2097 379 2162 ln
401 2099 503 2163 altera
530 2117 609 2162 vero
631 2097 832 2178 supposititia
861 2097 1063 2164 iustiniauns
1085 2107 1237 2181 unquam
1269 2108 1445 2165 autocratet
1527 2149 1528 2164 ι

341 2201 374 2264 iu
387 2199 533 2265 Ecclesia
548 2210 581 2264 et
600 2202 827 2283 episcoporum
849 2204 980 2268 antistes
995 2203 1151 2282 definirit3
1173 2202 1402 2286 mandavitque
1413 2209 1446 2268 ut

340 2301 469 2367 delinita
497 2303 723 2384 acciperentur
743 2304 900 2366 servanda
923 2323 940 2367 o
962 2303 1101 2388 Synodo.
1125 2304 1331 2387 Proindeqne
1351 2307 1445 2387 prius-

339 2421 437 2484 quam
459 2402 620 2487 Synodus,
644 2403 753 2484 (quod
775 2405 824 2468 snt
844 2404 928 2484 y‘uris
949 2407 1039 2484 erat)
1062 2405 1101 2468 de
1124 2405 1185 2468 bac
1206 2421 1244 2468 re
1263 2407 1446 2470 conveniret

341 2504 540 2577 discussura,
567 2506 635 2586 ipse
666 2523 707 2568 ex
737 2500 867 2585 propria
902 2508 1097 2572 auctoritate
1119 2510 1234 2571 statuit
1254 2506 1444 2586 Imperator,

344 2603 453 2684 vigilii
476 2623 590 2670 nomen
612 2623 628 2666 a
652 2606 751 2670 sacris
773 2599 931 2691 diptychis
954 2603 1283 2685 absterrerentur
1308 2607 1446 2690 ejusden

339 2706 453 2770 inlorri
476 2707 664 2770 memoriam
688 2707 719 2772 in
740 2709 966 2774 communione
986 2719 1184 2774 sauctorum.

427 2803 553 2884 Quibus
581 2807 728 2872 omnibns
753 2810 919 2890 expositis,
949 2812 1157 2877 concluditur
1187 2812 1250 2876 boc
1280 2811 1444 2875 decretum

336 2907 508 2974 iustiniani
523 2905 739 2976 commentum
756 2911 867 2974 baberi
888 2929 985 2992 supra
1002 2913 1142 2992 prodens
1157 2910 1265 2993 vtgtttt
1280 2911 1446 2976 eonstttnn

335 3015 655 3090 constructumque
675 3009 701 3074 is
712 3011 824 3075 abnuit
846 3011 978 3094 Syundo
998 3029 1073 3076 enm
1090 3014 1206 3077 ceteris
1226 3015 1387 3093 episcopis
1406 3012 1449 3071 in-

337 3117 471 3185 teresse,
496 3111 597 3174 veluti
620 3112 651 3175 in
685 3113 911 3192 superioribus
933 3121 1042 3178 aetum
1073 3113 1253 3192 estosed
1282 3114 1449 3178 consilinm
1527 3145 1528 3154 ι

334 3229 514 3298 anonymus
535 3213 753 3294 interpolator
767 3231 826 3292 pro
847 3215 984 3280 arbitrio
1005 3218 1251 3296 interpretatos,
1272 3216 1358 3278 banc
1378 3229 1447 3279 eon

335 3313 475 3380 ciooarit
506 3314 701 3396 scripturam
723 3316 784 3378 snb
805 3314 978 3380 iustiniani
1000 3320 1140 3394 nomine,
1162 3317 1247 3380 dieta
1274 3329 1448 3396 congerens

333 3422 367 3478 et
387 3434 550 3496 exponens
574 3417 719 3499 ejusdem
735 3417 925 3482 Collationis
940 3417 1014 3482 vlt.
1032 3421 1089 3484 ubi
1108 3420 1248 3500 legitur:
1266 3439 1284 3480 ιι
1300 3418 1450 3484 Constan-

332 3513 423 3580 tiuns'
440 3519 554 3582 missus
569 3513 616 3581 'nb
643 3513 843 3598 imperatore
863 3519 903 3582 ud
926 3517 1091 3602 Synodnm
1123 3522 1228 3585 disits
1252 3527 1382 3584 certum
1404 3523 1450 3580 est
1527 3599 1528 3602 Ἴ

237 3639 242 3646 ·
332 3625 462 3684 restrae
482 3619 671 3684 beatitudini
693 3629 851 3701 qnantum
883 3640 1011 3702 semper
1038 3623 1181 3686 studium
1203 3620 1321 3687 Victor
1342 3619 1452 3685 babnit
1527 3617 1528 3620 ’

330 3715 535 3799 imperator.
550 3765 558 3782 .
575 3767 582 3784 .
597 3765 605 3782 .
619 3720 663 3785 Et
677 3718 830 3800 vigilium
855 3739 933 3786 vero
955 3723 1235 3803 religiosissimum
1258 3723 1449 3785 adbortstus

330 3828 393 3896 est,
416 3840 481 3888 nna
504 3823 670 3888 nobiscnm
686 3826 882 3904 convenirey
902 3831 935 3888 et
949 3825 1088 3890 istorum
1106 3824 1335 3906 capitulorum
1352 3839 1449 3906 qnae·
1527 3823 1528 3874 t

328 3926 425 3991 stioui
447 3934 555 3989 rectae
585 3925 658 3990 tidoi
681 3927 922 3990 convenientem
945 3927 1040 3990 tinem
1070 3928 1248 4007 imponere.
1289 3927 1347 3990 tlte
1370 3941 1445 3985 rero
1527 3945 1528 3968 ι

329 4017 458 4108 saepius
488 4028 521 4090 in
540 4029 711 4106 seripturis
731 4044 823 4090 suam
854 4028 1069 4093 manifestarit
1091 4029 1305 4102 volontatem,
1331 4023 1444 4090 conde·

329 4143 441 4192 mouns
466 4127 528 4190 tris
559 4126 643 4193 diota
665 4119 813 4209 Capitula
836 4136 898 4191 ote.
923 4149 939 4186 ιι
967 4117 1061 4206 Quae
1090 4127 1263 4193 Justioisnl
1289 4123 1441 4206 expositio

328 4243 389 4310 per
402 4225 646 4298 Constantinum
660 4229 790 4315 Synodo
811 4231 992 4310 commisso,
1010 4231 1133 4311 pertide
1158 4241 1335 4296 transversa
1348 4234 1393 4291 est
1407 4225 1437 4284 in
