3048 4946
324 367 385 438 182

323 479 393 549 tur,
415 478 489 554 post
508 472 655 557 ejusdem
677 475 885 545 reiectionem
918 493 980 544 non
1000 475 1204 555 subdidisset,
1225 473 1264 542 nd
1284 477 1335 544 bis
1354 496 1432 560 psas

323 570 402 638 mibi
422 573 518 639 illoto
531 584 606 641 suot
620 577 651 639 in
672 577 722 643 his
736 578 856 643 censita
877 577 995 644 littoris
1014 577 1054 643 ad
1070 576 1188 644 biarim
1200 581 1344 660 scriptis,
1368 587 1432 644 tau·

322 691 422 754 quam
444 675 605 740 haeretica
619 675 745 758 sibique
766 680 935 758 imputata.
958 677 1082 744 Verum
1097 678 1138 744 de
1159 680 1208 744 bis
1222 678 1319 744 intra.
1334 678 1433 746 biodo

321 775 429 856 potins
443 775 659 858 disquiratur,
672 795 735 842 cur
744 776 880 860 vigilius
895 778 982 860 Paps
999 780 1030 842 in
1039 777 1235 857 Constituto,
1247 781 1297 844 uti
1311 780 1433 846 dictura

322 882 391 950 est,
405 874 577 938 obscuram
599 875 681 938 banc
701 875 874 959 appellarit
893 878 1113 943 locutionem:
1130 876 1344 944 rassermis·
1360 877 1435 960 Epi·

320 975 403 1040 stnlo
422 973 537 1055 ipsius,
553 976 739 1058 opponimus
751 995 828 1042 ,cnm
848 996 912 1042 csse
931 979 1150 1044 nrtbodoxrsas

401 1075 489 1142 Talis
511 1096 591 1143 roro
610 1079 804 1156 obscuritas,
819 1087 858 1144 ut
872 1081 1029 1158 arbitror,
1052 1089 1223 1150 eranmcat
1236 1084 1435 1164 primumsi

322 1176 400 1244 bnic
419 1177 604 1243 Paschasini
635 1185 668 1243 et
688 1177 834 1246 Lucentii
854 1181 1083 1263 subscriptioni
1114 1186 1185 1248 siro
1206 1183 1433 1262 declarationi,

320 1278 459 1344 aiteram
480 1279 729 1354 contulerimus,
744 1298 843 1361 quam
865 1279 1032 1349 Maximus
1056 1285 1227 1364 episcopus
1250 1284 1434 1362 subtexuit,

321 1378 487 1460 inquiens:
504 1400 521 1440 r
538 1377 590 1444 Ex
609 1380 659 1458 iis,
674 1400 760 1462 quaa
778 1381 876 1447 ruodo
898 1383 1020 1448 relecta
1041 1391 1130 1464 sunt,
1145 1385 1354 1452 manifestum
1374 1393 1435 1463 est,

320 1482 397 1562 quis
418 1481 461 1543 ab
478 1481 626 1544 omuibus
641 1482 672 1546 ei
694 1482 804 1560 illatis,
822 1483 1103 1550 reverentissimus
1118 1485 1191 1551 ibas
1209 1487 1364 1554 innocens
1386 1495 1435 1554 est

319 1588 482 1660 repertus.
504 1579 548 1646 Et
568 1599 611 1645 ex
631 1581 757 1648 relecto
776 1584 958 1665 exemplari
980 1584 1137 1666 epistolas
1156 1587 1306 1668 prolatae
1331 1605 1353 1651 a
1373 1605 1436 1652 suo

318 1679 520 1758 adversario,
533 1680 602 1760 (qni
614 1683 832 1748 nestorianum
849 1671 1016 1750 accusavit
1029 1683 1130 1764 ibam)
1141 1687 1324 1754 ortnndosa
1340 1684 1435 1782 ἅφθη

316 1775 416 1852 dorio
439 1776 601 1882 innpopr'nr
614 1782 832 1847 demonstrata
853 1792 902 1848 ost
914 1785 986 1867 ejus
1002 1786 1179 1868 responsio:
1196 1809 1213 1848 s
1228 1788 1309 1855 idest
1322 1791 1437 1856 Men·

317 1881 368 1946 sio
389 1883 485 1946 unius
506 1883 606 1962 (ibae)
627 1883 784 1950 adversus
804 1883 1005 1990 κατηγορέων
1024 1891 1259 1956 arcuationem
1278 1891 1434 1958 atterius.

319 1979 365 2046 Et
384 1999 462 2048 saue
482 1983 514 2047 id
542 1984 602 2048 sibi
625 1984 697 2050 snit
722 1987 919 2053 vocabulum
941 1982 1122 2094 cinotpopr‘n3
1144 1993 1231 2074 quod
1254 1992 1435 2060 trauntur

319 2080 471 2162 ignorans
490 2102 525 2148 se
538 2102 682 2167 suosque
702 2085 864 2168 dejecitin
884 2101 1103 2173 concremet
1122 2087 1191 2174 ipse
1210 2094 1326 2158 inscius
1348 2092 1437 2158 slin-

318 2184 527 2266 runrsrguit
557 2187 724 2255 inscitiam.
747 2186 924 2291 Yoapopie
942 2209 1082 2274 nemque
1111 2193 1242 2276 propria
1259 2193 1436 2275 loquendo

317 2299 381 2351 nnn
401 2283 521 2350 dicture
540 2287 710 2369 significat,
723 2290 778 2354 sed
800 2289 895 2356 dictis
915 2291 1055 2376 aiicujus
1072 2294 1216 2372 rcbdm,
1228 2297 1435 2376 umnam,

313 2385 479 2466 proposito
499 2388 694 2468 quaestione,
703 2409 764 2472 per
777 2409 949 2458 cumomni
963 2395 1011 2458 osi
1029 2393 1201 2478 scriptum
1216 2399 1262 2463 uti
1275 2400 1343 2479 epit
1359 2395 1438 2466 ibas

317 2499 354 2550 aa
373 2503 409 2550 so
429 2486 601 2554 defendens
621 2488 663 2554 ab
683 2491 853 2557 baereseos
875 2493 1122 2562 insimulatione.
1144 2495 1190 2562 Et
1216 2498 1278 2562 bnc
1302 2497 1433 2584 ibidem

316 2585 437 2652 iudicat
457 2587 635 2668 Maximus,
656 2595 920 2674 protestationem
941 2596 1089 2674 intuitus,
1102 2616 1201 2680 quatu
1221 2597 1292 2664 lbas
1307 2617 1435 2666 coram

317 2683 470 2852 Psgiibus
496 2690 802 2761 chalcedonensibus
826 2695 932 2762 emisit
958 2697 991 2760 in
1005 2697 1143 2766 notium
1166 2698 1223 2768 tx.
1246 2700 1347 2784 buius
1369 2700 1435 2786 Sp·

318 2803 341 2852 ῃ
397 2834 405 2851 ,
452 2827 455 2836 ,

399 2911 417 2951 n
434 2889 613 2974 anrncor,
628 2896 731 2980 inquit
748 2897 832 2978 ibas,
854 2901 955 2982 igitur
971 2921 1040 2980 ros,
1056 2909 1093 2970 nt
1113 2903 1319 2986 cognoscatis,
1342 2924 1435 2988 qun·

318 2988 404 3054 uiam
421 2990 534 3057 falsam
549 3001 788 3066 accusationem
803 3004 925 3083 pertuli
938 3012 970 3068 et
984 3005 1179 3070 columniam
1193 3021 1212 3068 a
1228 3005 1434 3087 quibusdam

315 3086 455 3154 clericis.
476 3091 598 3162 iubete
619 3115 670 3176 en,
697 3119 783 3182 quae
807 3103 953 3184 judicata
977 3112 1054 3170 sunt
1077 3123 1096 3169 a
1117 3105 1235 3172 Photin
1255 3113 1288 3172 et
1308 3105 1436 3176 Eusta-

317 3187 388 3255 tbio
408 3193 527 3260 revisis
562 3198 720 3282 episcopis
753 3203 866 3284 relegi.
898 3203 1040 3272 Uraniua
1058 3207 1144 3272 enirn
1177 3211 1348 3290 episcopus
1373 3209 1435 3278 nt-

318 3305 487 3358 naercrum
508 3297 540 3360 in
560 3302 699 3378 gratiam
714 3301 870 3385 Eutychis
892 3307 1000 3370 omnin
1016 3325 1129 3388 agens,
1145 3309 1369 3390 praepararit,
1394 3315 1434 3378 ut

317 3390 449 3470 quidam
465 3394 576 3462 clerici
592 3412 783 3468 accusarent
803 3423 865 3482 ure,
879 3410 911 3470 et
927 3405 1088 3488 judicium
1109 3409 1169 3473 sibi
1184 3409 1434 3494 praedictisque

317 3495 616 3563 transmitteretur=
648 3508 683 3578 et
711 3503 860 3570 inventus
879 3523 952 3570 sum
984 3510 1173 3574 innocense
1204 3509 1431 3592 blasphemiis,

317 3608 403 3672 quae
423 3596 502 3660 mibi
524 3598 644 3664 allatae
662 3612 750 3680 suut,
773 3613 806 3670 et
822 3604 1005 3687 judicatum
1027 3608 1139 3674 datum
1161 3617 1210 3676 est
1229 3629 1248 3675 n
1268 3601 1432 3693 praetatis

314 3699 581 3778 reverentissimis
595 3702 764 3784 episcopis,
786 3708 1008 3774 accusationes
1019 3710 1150 3791 quidem
1170 3712 1345 3778 adremum
1370 3734 1428 3780 ne

315 3810 377 3876 per
396 3797 574 3866 calumnias
598 3803 698 3870 iactas
717 3823 870 3888 repuens,
887 3809 1058 3879 testidonns
1077 3819 1188 3878 autem
1210 3831 1262 3880 me
1280 3833 1352 3880 esse
1373 3835 1433 3882 ca·

319 3895 489 3964 tbniicum.
511 3900 631 3971 tunore
661 3905 761 3987 igitur
781 3911 900 3988 omnia,
920 3929 1008 3991 quae
1028 3911 1088 3994 p'or
1110 3915 1293 3986 ,absentiam
1314 3935 1429 3984 meam

316 3995 350 4059 in
371 3995 500 4081 preac
520 4003 582 4068 snb
602 4003 759 4074 Dioscoro
789 4021 878 4092 gesta
898 4015 988 4088 sunt,
1007 4017 1178 4093 evacuari,
1210 4024 1243 4082 ot
1258 4017 1428 4097 justitian

315 4096 395 4162 mibi
416 4105 541 4168 merari
574 4109 650 4188 (qui
673 4109 705 4173 iu
725 4110 819 4176 nulio
849 4111 1023 4194 culpabilis
1042 4115 1138 4194 sum)
1170 4125 1203 4181 et
1223 4116 1312 4182 reddi
1342 4120 1428 4182 usibi

313 4198 534 4286 episcopatum
548 4215 582 4279 et
602 4211 781 4282 ancletum.
800 4210 884 4282 Nam
900 4222 932 4282 at
944 4233 1054 4284 omues
1078 4217 1189 4284 uterini
1201 4217 1346 4288 stenem
1363 4235 1428 4302 per
