3066 4950
332 487 554 553 thomntisrns.
578 485 648 554 iiuc
667 492 777 554 sutem
798 492 874 555 uois
895 489 1012 557 omisso
1034 509 1051 556 u
1075 489 1223 570 Victore,
1244 507 1331 574 quse
1351 491 1444 557 nutis

332 589 460 655 rstiono
474 589 650 656 omittendo
671 599 743 656 erut
754 592 876 674 quippe
889 611 951 658 suo
967 595 1134 676 proposito
1151 595 1244 658 rnidc
1258 593 1442 676 proiiciens,

327 689 447 755 inierss
468 690 546 770 qnid
573 692 751 773 putendum
766 695 807 758 sii
826 693 867 758 de
893 695 955 760 hoc
975 693 1172 773 Constituto,
1193 695 1262 758 sire
1282 695 1324 758 de
1344 696 1442 757 instr-

326 792 453 857 isiitintc
474 790 582 874 vigilii
604 794 636 858 iu
657 795 718 858 hnc
738 795 937 875 qusesiione.
961 795 1002 861 Ei
1023 815 1085 861 nou
1105 798 1212 862 sotum
1233 793 1362 870 Victor,
1385 793 1442 858 sed

327 900 361 958 ot
378 891 548 958 Facundus
561 894 631 976 puri
654 895 726 960 seio
740 895 856 962 urdcm
878 915 940 978 pro
963 897 1066 962 tribus
1087 895 1257 979 Gspitniis,
1279 895 1441 970 inlibris,

326 1013 410 1077 quos
439 995 567 1076 scripsit
586 1004 660 1076 posi
690 997 899 1062 mrtssimum
921 1006 954 1062 et
984 999 1117 1081 quidem
1143 999 1307 1063 sincerum
1330 995 1441 1078 vigilii

327 1093 547 1162 Constitutum
561 1115 622 1178 pro
636 1096 757 1184 Synodi
778 1100 1007 1166 oecumenicae
1019 1103 1196 1179 eductione,
1212 1101 1332 1165 dehoc
1347 1115 1440 1182 prse-

326 1207 460 1281 sumpto
480 1199 664 1266 Constituto
685 1198 760 1265 silet
780 1201 922 1266 omniuo.

408 1300 502 1378 item,
524 1302 581 1382 qui
602 1308 736 1367 cunctus
763 1303 909 1369 studiose
929 1303 1028 1386 hujus
1058 1301 1230 1369 Constituti
1251 1308 1363 1384 peries
1382 1320 1440 1366 ex·

326 1400 449 1482 pendit,
475 1401 582 1483 Pnpne
599 1401 759 1484 judicium
787 1405 1056 1487 repraesentantis
1077 1405 1117 1470 de
1144 1397 1311 1488 proposito
1341 1421 1439 1484 quse-

325 1501 442 1577 stinnc,
466 1504 633 1568 vsmdrnm
656 1506 916 1571 testimoniorum
944 1505 1127 1588 rspsodinm
1148 1507 1347 1586 compererit
1367 1505 1440 1568 irinc
1526 1527 1527 1578 t

328 1602 402 1669 indo
422 1603 664 1686 decerptorum.
682 1606 733 1670 Ab
746 1607 839 1672 initio
860 1606 945 1672 enim
959 1608 1083 1689 iegitur
1103 1605 1312 1689 proicssionis
1332 1623 1440 1670 esem·
1526 1593 1527 1634 ¹

328 1705 401 1788 pisr
415 1725 433 1768 s
449 1705 565 1772 Menon
586 1707 724 1790 aliisquo
738 1709 896 1792 episcopis
917 1713 1062 1776 emissus.
1078 1707 1198 1775 Deinde
1212 1709 1277 1772 siis
1291 1707 1440 1788 seqnitur
1526 1767 1527 1788 ,

328 1803 484 1893 Eutychii
515 1815 549 1872 ot
568 1807 710 1874 eliorum
739 1809 886 1892 eiusdem
907 1811 1043 1892 generis.
1068 1807 1130 1876 Scd
1153 1811 1295 1875 msxime
1324 1810 1357 1871 iu
1377 1807 1438 1871 hoc
1526 1797 1527 1818 ³

331 1910 481 1989 proderit
501 1907 642 1976 Coiintio
657 1909 695 1978 V.
716 1912 861 1995 ejusdem
876 1911 1025 1992 Couciiii,
1047 1931 1132 1995 unse
1155 1919 1306 1978 remotus
1327 1913 1358 1975 in
1379 1911 1439 1973 dss-

328 2013 501 2095 quisiiione
524 2025 672 2082 soterum
699 2017 969 2083 documentorum
999 2015 1040 2080 de
1067 2010 1230 2079 Theodori
1260 2013 1337 2090 hdo,
1363 2010 1440 2074 idest

329 2133 416 2199 quse
436 2117 546 2198 sensit,
561 2128 594 2184 et
607 2137 692 2202 qusc
712 2120 837 2198 docuit,
858 2127 892 2186 et
905 2120 937 2182 in
959 2119 1079 2201 quihus
1093 2118 1317 2200 perseveravit
1338 2133 1439 2196 nsque

328 2219 369 2284 ud
387 2218 471 2285 sitne
487 2221 682 2286 terminum:
697 2239 801 2304 querc
814 2221 963 2309 Synodus
978 2223 1079 2304 ipsius
1093 2219 1331 2285 dnmnstionem
1346 2219 1437 2282 etism

328 2330 403 2402 post
422 2321 546 2388 obitum
569 2323 776 2390 subscribere
795 2323 934 2406 putarit.
966 2320 1163 2403 Huiusmodi
1184 2321 1336 2402 quscstin
1356 2335 1439 2382 men

329 2424 405 2489 dntu
427 2432 475 2489 cst
495 2443 513 2489 s
534 2423 717 2491 instiuisno
738 2443 822 2491 suno
841 2423 893 2498 id.
917 2425 1056 2507 imperii,
1087 2432 1125 2487 ut
1144 2421 1302 2488 consultis
1322 2420 1439 2502 opisco·

212 2573 217 2578 -
327 2527 431 2608 pisci
459 2528 586 2594 olorinis
608 2529 747 2594 civitatis
769 2527 987 2607 hiopsuesiisc
1015 2526 1056 2592 de
1085 2523 1259 2590 Theodoro
1279 2521 1438 2605 quondum

328 2629 421 2695 iilius
442 2630 534 2696 urbis
555 2633 710 2708 antistite,
734 2630 904 2714 psicderet
924 2629 1001 2711 quid
1023 2628 1064 2694 de
1083 2646 1123 2692 eo
1144 2625 1373 2691 srsntttendum
1392 2641 1438 2686 es·

330 2741 389 2796 sei.
412 2729 536 2796 Exsctn
558 2732 794 2813 disquisitione,
810 2730 1047 2814 responderunt
1067 2727 1204 2808 praeisti
1220 2725 1282 2789 siri
1304 2725 1439 2806 impers-

238 2885 242 2896 .
331 2834 408 2909 tori,
432 2835 555 2899 nulium
577 2838 767 2900 memorium
782 2835 814 2896 iu
835 2835 936 2897 succis
956 2833 1116 2916 diptychis
1141 2830 1279 2913 reperiri
1300 2828 1341 2894 do
1363 2825 1439 2890 The

333 2935 460 3012 odoro;
487 2954 629 3017 cumque
649 2936 690 3000 nb
716 2936 856 3017 untiqnis
884 2935 1084 3014 temporibus
1112 2941 1205 2997 exire
1232 2931 1438 3013 prucdicsiio·
1526 2999 1527 3006 y

330 3051 405 3100 nem
427 3035 524 3101 divini
546 3040 690 3119 mysterii
714 3044 745 3102 ct
766 3055 783 3098 u
806 3037 906 3100 sacris
928 3035 1087 3120 diptychis
1108 3035 1249 3116 ejectum
1271 3051 1352 3098 esse.
1526 3025 1527 3038 ¹

413 3137 474 3202 Ex.
498 3157 527 3218 g.
550 3137 731 3226 Martyrius
752 3138 855 3203 dixit:
876 3135 986 3202 «Sum
1008 3155 1166 3202 annorum
1189 3137 1350 3218 octoginta
1373 3133 1439 3218 pim
1526 3143 1527 3212 1

333 3237 459 3308 minues
486 3240 589 3305 huben
612 3247 722 3305 nutem
743 3242 776 3303 in
797 3239 889 3304 ciero
909 3238 1076 3302 ordiuntur
1096 3241 1262 3318 sexaginta
1286 3239 1371 3320 pius:
1392 3255 1440 3298 nc·
1526 3311 1527 3314 Ἴ

334 3361 400 3423 qne
420 3343 499 3420 scio,
521 3359 628 3424 nequo
650 3342 775 3416 rudivi,
797 3337 888 3423 quod
920 3337 1075 3406 reciistns
1095 3343 1137 3406 sit
1157 3337 1351 3405 Theodorus
1370 3339 1440 3403 oiim

333 3443 439 3508 iactus
460 3445 552 3509 istius
580 3443 719 3508 cisitsiis
748 3444 921 3524 episcopus
943 3443 974 3504 in
994 3441 1094 3506 sncris
1114 3441 1287 3525 dyptichis.
1308 3439 1369 3506 Sed
1388 3455 1440 3502 nu·

333 3543 399 3608 disi
414 3543 501 3624 qnod
522 3551 652 3608 cunctus
668 3541 811 3627 Gyrihus
838 3541 1058 3612 Atcxandrtse
1074 3559 1208 3623 megnse
1222 3543 1362 3607 cisitstis
1380 3540 1440 3618 epi·
1526 3557 1527 3616 y

333 3663 452 3727 scopus
474 3646 590 3721 iscius,
613 3662 675 3726 pro
697 3641 872 3710 Theodoro
894 3651 1022 3708 insutus
1043 3650 1094 3708 cst
1113 3645 1145 3708 in
1166 3643 1350 3729 diptychis3
1373 3641 1438 3722 qui·

334 3747 395 3813 hus
416 3748 559 3829 inscripti
589 3755 665 3813 suni
687 3746 875 3811 sanctissimi
907 3745 1059 3827 episcopi.
1077 3745 1198 3810 sidem
1219 3745 1321 3810 ceteri
1342 3743 1437 3808 icstsii

334 3849 489 3931 episcopi,
520 3849 577 3930 qui
600 3847 835 3929 Mopsuestism
869 3847 1008 3926 proiecti
1028 3854 1105 3911 sunt
1135 3845 1324 3912 consulendi
1350 3857 1438 3908 csuss
1526 3891 1527 3926 ,

338 3949 525 4016 traditiones
546 3958 580 4014 et
603 3950 723 4030 scriptu
744 3949 835 4013 iliius
856 3948 947 4013 urbis
960 3970 969 4012 r
984 3947 1108 4030 quique
1127 3947 1243 4013 deinde
1263 3963 1370 4012 rursm
1389 3941 1436 4002 tt·
1526 3945 1527 3968 ³

337 4049 416 4131 giiiu
437 4051 587 4114 obtestati
607 4055 684 4113 suni
704 4048 744 4112 de
763 4046 928 4113 Theodori
949 4048 1078 4111 nomine
1098 4065 1117 4112 s
1137 4048 1299 4133 diptychis
1318 4045 1431 4126 ejecto:

336 4151 396 4214 nisi
415 4150 503 4231 quod
525 4147 718 4220 rddiderint,
747 4148 850 4213 stium
872 4145 1083 4213 Theodorum
1103 4146 1144 4210 do
1166 4145 1307 4222 Gsiutis,
1335 4137 1432 4205 inscri-

335 4260 426 4334 ptum
448 4245 578 4334 quidem
603 4250 762 4337 diptychis
781 4257 857 4318 nuic
880 4259 946 4318 trcs
966 4267 1065 4316 runos
1086 4247 1286 4317 dsiuuotum.
1302 4243 1340 4312 iii
1357 4244 1430 4309 hren·
