3042 4940
326 379 402 566 ἔξω
415 481 564 565 origenis
583 480 780 546 damnationi
801 479 908 547 obstat
927 481 1023 546 etiam
1044 481 1077 544 tn
1098 478 1160 544 hoc
1181 477 1332 561 peculiari
1357 493 1417 540 ann·

327 593 441 663 ventu,
464 587 586 668 petitur
599 584 641 648 nh
654 583 799 667 ejusdem
821 582 985 650 Pontificio
1006 583 1169 656 mandato,
1184 583 1240 664 qui
1261 599 1331 645 euna
1350 583 1418 644 inre·

326 689 426 754 nhset
445 689 638 756 concitatam
661 685 853 752 discordiam
875 687 960 750 inter
980 687 1146 766 episcopos
1168 682 1208 748 de
1230 685 1328 750 trihus
1346 680 1418 762 Capi·

327 791 420 868 tuiis,
445 791 512 870 ipse
533 790 572 854 de
593 789 864 870 persentiretur,
887 789 1035 852 adunatis
1058 788 1186 869 triginta
1207 787 1368 869 episcopia,
1384 791 1419 850 ait

325 888 509 970 Batonius,
531 893 643 956 statuit
662 898 701 955 nt
721 891 966 972 quaecuuque
985 891 1132 964 sentiret.
1149 899 1181 954 et
1201 889 1329 969 quihus,
1343 905 1420 968 quan

325 1000 526 1075 proponeret
539 993 729 1058 sententiam
744 991 992 1065 defendentem.
1009 993 1188 1057 ratiouihns
1203 992 1420 1074 comprobaret,

325 1095 455 1177 seriptis
476 1093 653 1175 proderei3
671 1093 790 1175 queris
809 1094 870 1156 alia
893 1112 912 1157 a
934 1091 1053 1174 vigilio
1073 1103 1196 1159 semota
1217 1094 1400 1176 quaestione.

329 1279 331 1288 Ι
413 1196 476 1262 Sed
499 1197 732 1277 praetermissis
753 1196 1030 1278 superintulistis
1053 1198 1241 1260 testimoniis
1253 1198 1293 1260 de
1312 1197 1366 1258 hae
1381 1211 1419 1268 re.

329 1298 463 1364 satisfiat
485 1296 629 1363 Facundi
650 1296 880 1362 documentum
892 1317 908 1377 ς
935 1299 991 1378 qni
1013 1297 1053 1360 ad
1075 1297 1295 1364 lastinianum
1314 1298 1422 1360 incntna

326 1400 475 1482 quamvis
489 1408 578 1464 uniet
590 1398 763 1480 origenem
780 1416 895 1462 noram
915 1399 1050 1462 subiisse
1070 1399 1320 1474 damnationem,
1336 1407 1421 1461 tanen

325 1500 434 1583 paiens
450 1502 577 1578 asserit,
595 1510 669 1565 ante
684 1499 768 1565 istud
782 1517 915 1577 aerum,
926 1502 995 1564 sire
1011 1503 1200 1582 prinsquam
1215 1503 1279 1566 hoo
1290 1501 1327 1564 de
1341 1501 1425 1564 trihus

328 1603 480 1684 capitulis
501 1608 740 1666 convocaretur
760 1600 954 1680 Concilium,
970 1603 1063 1666 iiinrn
1080 1602 1179 1667 inisse
1199 1604 1425 1666 anathemathe

326 1711 417 1770 tumr
440 1706 618 1787 quinimmo
633 1705 728 1769 dccet
748 1703 790 1766 oh
806 1705 887 1766 hanc
907 1704 1056 1784 Origenis
1077 1705 1313 1769 damnationem
1326 1703 1424 1769 exeita·

324 1812 391 1871 tam
407 1804 504 1870 inisse
518 1807 550 1870 in
565 1805 707 1871 Ecclesia
725 1805 827 1868 trium
840 1804 1070 1886 Cepitntnrnm
1086 1807 1318 1886 quaestionem.
1331 1802 1354 1868 li
1368 1803 1424 1884 qni·

323 1905 386 1972 hur
400 1908 550 1972 omnihus
570 1908 795 1989 consequitur,
810 1908 1031 1992 apocrypham
1050 1905 1265 1989 repetandam
1286 1923 1351 1970 esse
1363 1907 1424 1969 cita·

325 2017 391 2072 tam
416 2010 601 2090 pericopen
613 2028 629 2088 ς
651 2025 711 2070 nec
732 2007 855 2071 ioetnrn
882 2009 994 2072 haberi
1025 2011 1199 2089 genuinum
1221 2007 1363 2082 Petrum,
1380 2006 1425 2085 qni

324 2109 404 2174 huic
423 2109 554 2193 Synndo
573 2109 748 2186 adstitere,
775 2109 830 2174 sed
859 2110 1028 2193 cujusdam
1048 2109 1195 2188 Origenie
1224 2109 1323 2173 hostis
1345 2109 1423 2172 inter·

324 2211 521 2292 potationem
533 2231 545 2291 3
568 2212 709 2292 ideoque
738 2211 823 2275 inter
850 2211 923 2276 iiias
949 2211 1181 2274 amandandum
1203 2211 1425 2291 glossandum

325 2331 345 2376 a
360 2311 494 2380 Conciiii
510 2315 594 2378 serti
615 2314 815 2404 oecumenici
828 2329 910 2376 aero
930 2313 1062 2376 sinceris
1075 2313 1155 2378 antis
1169 2311 1289 2396 Synodi
1303 2311 1425 2392 quintae

323 2415 448 2480 inritae
469 2416 630 2478 insertas:
659 2416 707 2479 nti
728 2416 931 2496 apertissime
952 2414 1109 2478 adversus
1134 2415 1315 2478 haereticos
1334 2427 1423 2476 meno

323 2513 454 2580 theiitas
475 2514 710 2579 contenderunt
725 2513 848 2579 Petrus.
872 2513 958 2578 Huic
971 2532 1104 2594 numne
1119 2514 1320 2594 sniiragatur
1335 2528 1424 2576 renen

324 2617 446 2681 tiorum
466 2616 609 2680 studium
625 2619 840 2697 criticorum
858 2619 915 2698 qui
930 2616 1064 2682 Genciiii
1087 2616 1195 2696 quinti
1209 2626 1281 2682 acta
1298 2629 1425 2697 perscru-

324 2720 395 2798 tati,
411 2722 496 2784 inter
514 2737 548 2782 se
561 2737 599 2782 ee
620 2719 804 2800 discrepare
824 2727 1054 2799 compererunt
1073 2719 1116 2782 nh
1138 2719 1226 2794 iiiaa,
1250 2711 1424 2800 qnasststni

324 2819 445 2902 pinosus
466 2819 621 2900 genuinae
644 2821 744 2900 ipsius
766 2819 921 2884 historiae
941 2826 1107 2884 consertas
1129 2839 1172 2884 ex
1193 2822 1294 2884 trinua
1314 2817 1424 2898 Capita·

322 2921 434 2986 iorum
456 2921 661 2986 detentorum
685 2920 821 2984 tortasse
841 2912 958 3002 opera,
979 2940 1036 2986 seu
1059 2921 1102 2984 oh
1122 2921 1330 2985 hostiiitatem
1348 2919 1375 2981 in
1391 2915 1425 2980 ii·

323 3021 466 3103 rigenem
487 3031 587 3105 atque
608 3025 641 3087 in
662 3023 807 3105 ejusdem
829 3032 984 3102 patronos
1004 3021 1214 3104 aThenpisiii
1231 3017 1427 3092 alexandrinis

324 3130 429 3188 aetate
450 3129 483 3186 et
503 3141 562 3204 per
582 3140 657 3188 enm
678 3123 907 3189 inianstissirne
924 3133 1085 3189 exortans.

406 3223 488 3290 Cum
510 3235 620 3304 autem
634 3227 666 3290 in
686 3228 825 3307 quadam
847 3226 1067 3292 sollicitudine
1081 3225 1124 3290 oh
1145 3227 1203 3291 hae
1226 3221 1427 3308 interpetatio-

196 3315 202 3326 ⁸
318 3343 430 3392 neser
444 3326 652 3392 ostensorum
673 3330 773 3393 trium
789 3327 1016 3408 Capitnicrum
1037 3329 1161 3404 studio,
1185 3328 1324 3410 amptius
1338 3339 1426 3390 versa·

321 3446 391 3506 rer,
406 3428 513 3493 denuo
534 3430 668 3507 instans,
688 3429 819 3493 tandem
837 3431 993 3510 comperi,
1024 3429 1112 3510 quod
1134 3429 1234 3494 chiis
1254 3429 1370 3493 iactum
1387 3428 1426 3488 eri

322 3529 355 3593 in
369 3545 491 3594 canuno
505 3526 563 3593 Xi.
581 3529 729 3611 ejusdem
741 3527 875 3614 synodi,
900 3531 982 3594 item
996 3530 1159 3594 malitiose
1171 3545 1210 3594 ae
1223 3529 1321 3594 simni
1334 3529 1425 3592 taran

320 3636 355 3695 te
375 3630 539 3696 admisisse
554 3635 586 3696 in
607 3631 669 3698 hnc
688 3631 789 3712 loco;
803 3647 861 3710 per
882 3633 964 3714 hanc
985 3631 1113 3696 settieet
1125 3634 1310 3714 pericopen
1322 3643 1426 3694 sermo·

319 3731 369 3796 nis
389 3734 534 3799 ordinem
555 3740 649 3799 extra
663 3741 893 3816 argumentum
919 3733 1084 3798 trahentes
1091 3749 1226 3813 cneque
1245 3731 1427 3796 attendentes

320 3834 378 3898 uhi
392 3839 576 3915 opportuno
596 3834 732 3898 tortasse
746 3851 784 3897 ea
806 3833 922 3900 misni
942 3833 1121 3900 inserenda.
1137 3832 1211 3900 dien
1231 3836 1314 3899 enirn
1334 3833 1383 3906 ihi,
1395 3833 1425 3892 nt

319 3936 536 4017 praesumpsit
551 3935 700 4011 iaisatnr,
721 3936 944 4016 quaerebatur
964 3935 1004 4000 de
1026 3943 1254 4018 postmortem
1273 3931 1425 4004 damnalia

320 4053 395 4100 enm
423 4036 454 4099 tn
482 4036 750 4118 praecedentibus
772 4036 813 4102 de
837 4037 1015 4104 hisacium
1037 4047 1142 4118 ssset;
1164 4038 1225 4104 uhi
1241 4037 1351 4104 Patras
1367 4031 1424 4096 Aa·

320 4133 439 4216 guerini
458 4143 491 4200 et
509 4138 651 4203 alinmm
668 4137 850 4204 testimonio
863 4138 1079 4216 inhaerentes,
1100 4147 1296 4215 statuerunt,
1309 4133 1422 4201 anahe

319 4243 406 4303 mate
427 4241 559 4320 percuti
574 4255 668 4322 porra
693 4245 922 4342 postmortem
944 4241 1136 4310 haereticos.
1160 4237 1211 4308 ita
1229 4255 1340 4306 rerem
1356 4251 1421 4318 pao
