3042 4940
342 353 476 525 {souin
497 469 526 524 et
544 454 803 536 condemnatione
821 461 859 524 ia
879 457 1046 526 tamenn
1072 459 1121 524 ool
1139 455 1312 542 impietates
1329 475 1431 536 ιιιιιιι,

345 561 399 625 aed
419 569 448 623 ιι
468 571 579 626 contro
599 581 662 640 eos,
677 561 734 646 pai
754 563 914 644 defoedare
927 571 1208 644 praesumpserunt
1220 571 1279 626 cat
1296 562 1436 646 mat

340 661 508 743 praedicto
532 661 599 728 trio
624 661 789 746 Capitale,
801 675 860 730 out
876 674 1063 746 permulcent
1075 663 1113 728 in
1129 662 1264 746 proprio
1284 681 1378 728 mvnvs
1391 671 1434 726 stc.

345 766 401 832 uhi
424 767 503 829 nihil
524 765 564 830 dc
584 766 725 848 Origene
746 784 806 848 por
827 768 909 832 hauc
929 766 1096 850 synodum
1117 767 1269 832 damnato
1290 767 1435 846 reperitur.

424 867 595 932 Praeterea
619 869 649 930 io
670 865 785 932 eodem
807 867 991 935 secretario
1020 871 1143 952 legitur
1162 868 1312 953 synodus
1330 867 1435 944 liunus,

343 986 383 1034 ac
404 968 564 1034 Martinus
589 969 673 1050 Papa
695 971 873 1036 mandasse:
887 993 904 1032 ιι
920 971 1062 1049 ldcnnne
1083 980 1212 1054 oportet
1233 973 1351 1035 iterum
1369 969 1435 1033 dete

345 1088 421 1151 gere
436 1073 610 1153 opprobria
627 1082 914 1156 praesumptorum
928 1081 1003 1137 ante
1017 1073 1132 1138 taciem
1148 1073 1296 1148 illorum,
1312 1078 1347 1137 nt
1358 1069 1436 1136 onni-

341 1172 402 1237 hns
420 1175 616 1254 aperiamus,
638 1193 783 1255 qnorum
804 1176 1044 1240 haereticorum
1064 1173 1301 1240 immunditiem
1315 1175 1436 1238 insauc-

342 1276 433 1356 lipsio
454 1292 514 1355 per
536 1293 628 1339 snam
651 1277 826 1340 novitatem
846 1278 964 1342 sanctis
981 1276 1130 1341 Patribus
1150 1285 1182 1340 et
1202 1276 1351 1341 omnihus
1366 1275 1438 1356 qnia·

342 1391 409 1455 qne
422 1373 573 1440 Conciliis
586 1376 616 1438 io
632 1376 852 1458 deceptionem
866 1379 1101 1461 simpliciorum
1115 1394 1150 1442 so
1161 1375 1361 1442 concordare
1372 1391 1438 1438 nan

341 1475 393 1538 titi
413 1482 500 1538 svtnt.
533 1473 743 1540 Deducantnr
763 1493 841 1558 crgo
863 1477 895 1540 lu
916 1478 1062 1542 madium
1094 1477 1186 1542 nohis
1206 1476 1334 1543 codices
1353 1474 1439 1538 iride·

340 1575 422 1640 lium
447 1575 699 1655 haereticorum,
716 1577 797 1644 idest
818 1597 933 1645 eornm
956 1579 1150 1656 testimonla,
1167 1593 1226 1662 per
1245 1595 1304 1643 eus
1322 1593 1438 1660 gnorau

343 1677 478 1740 interest
490 1675 531 1738 ad
546 1678 796 1742 convincendam
819 1678 990 1744 haereseos
1010 1677 1148 1744 illorum
1170 1680 1337 1742 insaniam.
1356 1697 1371 1736 a
1389 1674 1439 1742 llo

342 1780 428 1844 mina
452 1766 709 1855 vendicionem,
739 1798 882 1860 quornm
913 1780 1054 1862 dogmati
1080 1780 1314 1845 monothelitae
1343 1777 1438 1858 raperti

341 1887 419 1946 sunl
446 1880 627 1960 inhaerere,
643 1890 747 1959 erant,
771 1881 892 1947 Luctus
906 1884 1051 1958 arianus,
1067 1880 1280 1963 Apollinaris,
1300 1880 1436 1955 Polemon,

261 2005 264 2012 ’
343 1979 912 2061 Severus,Themistins,Ccllnthns,
923 1983 1106 2061 Nestorius,
1116 1980 1309 2051 Theodorus
1319 1997 1440 2060 mopsus·

343 2091 468 2161 stcnus,
490 2081 702 2160 Theodosius,
720 2084 894 2162 lliodnrns,
916 2083 1118 2162 Theodulus,
1135 2083 1258 2150 Paulas
1279 2099 1379 2166 parva,
1395 2078 1439 2144 ln·

341 2177 458 2250 llanns.
473 2185 579 2266 Super
599 2187 657 2250 hos
683 2187 875 2263 haereticos,
891 2187 1027 2252 excluso
1048 2187 1201 2268 Origene,
1214 2201 1389 2265 commune
1404 2181 1439 2242 di·

343 2293 442 2363 cteta,
464 2288 509 2350 ait
530 2285 703 2365 llnrttnns,
724 2286 843 2372 Cyrus,
863 2285 1010 2370 Sergius,
1033 2285 1170 2373 l’prrna,
1192 2294 1226 2352 et
1249 2285 1367 2351 l'aulns
1382 2298 1439 2348 suos

344 2385 517 2452 lirmarunt
537 2404 677 2452 errores.

427 2485 552 2564 Quibus
574 2491 692 2552 notatis
712 2487 822 2554 snhdit
846 2488 946 2572 Papa:
963 2509 980 2552 ιι
996 2488 1046 2554 lix
1068 2489 1130 2567 his,
1151 2489 1208 2572 qui
1229 2488 1352 2554 dudum
1371 2483 1439 2548 oolla

346 2588 483 2670 perlecti
498 2598 584 2666 sunt,
597 2591 836 2656 haereticorum
850 2590 1064 2667 sermonlhns,
1078 2607 1161 2671 quos
1175 2588 1282 2675 Cyrus
1296 2585 1440 2666 etSergluv

347 2687 473 2770 Pyrrus
489 2698 520 2752 et
536 2688 654 2754 Paulus
675 2700 888 2755 consonanter
904 2691 1044 2773 amplexi
1064 2701 1152 2766 sont,
1167 2701 1200 2754 ct
1219 2689 1439 2754 conflrmarmo

348 2790 492 2872 apertius
512 2789 568 2854 illa
590 2789 856 2872 dogmatizantes,
878 2810 963 2872 qnae
985 2793 1017 2856 in
1038 2810 1153 2856 eornm
1180 2790 1367 2870 conscriptis
1382 2785 1442 2865 legi

347 2907 432 2966 mna,
457 2891 752 2971 reprehenduntur,
769 2894 857 2968 licet,
875 2903 911 2958 ut
922 2894 1045 2959 dictum
1066 2902 1127 2969 cst,
1144 2893 1176 2956 in
1193 2892 1375 2974 deceptione
1385 2891 1442 2952 sin

349 2992 536 3074 pliciornm,
559 2993 639 3058 hacc
659 2995 813 3059 ‹linornnt
828 3013 896 3060 esse
920 2997 1048 3075 pietatis
1068 2995 1220 3076 dogmata
1240 3001 1303 3060 etc.
1318 3010 1336 3050 a
1350 2989 1442 3058 Coun

348 3101 486 3174 quenter
500 3096 610 3176 itaque
626 3093 787 3161 hlartinns
803 3096 940 3178 Papa-in
951 3097 1103 3178 ¹Epistola
1127 3095 1292 3180 encyclica
1307 3093 1344 3157 ad
1356 3105 1442 3154 omne

352 3193 471 3260 Christi
494 3195 603 3260 lidelea
626 3196 782 3263 adversus
805 3199 1044 3277 monothelitas,
1060 3197 1196 3264 statuit:
1213 3218 1231 3258 a
1248 3195 1409 3278 Proptcrsn
1418 3193 1443 3250 ιι

343 3313 419 3374 noe,
437 3305 473 3361 ιι
496 3296 617 3362 dictum
631 3306 693 3375 est,
709 3298 886 3366 secundnm
908 3300 1075 3367 indivisam
1096 3299 1353 3367 communionum
1369 3291 1443 3373 spiri·

345 3403 402 3464 ‚tua
423 3399 455 3461 in
478 3398 615 3480 idipsum
637 3401 875 3479 convenientes,
890 3403 1139 3482 properavimus
1155 3417 1216 3482 per
1235 3406 1392 3480 gestorum
1405 3407 1443 3454 sc

350 3499 432 3564 riam
453 3504 725 3582 comparationem
741 3503 782 3586 ad
803 3504 953 3580 invicem,
966 3521 1026 3584 par
1044 3502 1280 3568 distinctionem
1294 3499 1442 3564 tomeun

352 3598 480 3666 edicere
496 3609 561 3666 tam
583 3611 768 3686 sanctornm
790 3602 938 3682 Petrum,
954 3611 988 3669 et
1001 3603 1235 3669 universalium
1256 3591 1444 3682 quinques]-

345 3700 512 3765 nodorum
536 3719 645 3766 sacras
666 3704 942 3785 promulgationes
972 3711 1006 3769 ιι
1028 3703 1181 3785 dogmata
1194 3700 1365 3765 iuhdoliura
1385 3695 1442 3756 hae

353 3803 531 3869 reticornm
554 3812 619 3868 tam
643 3806 856 3880 anteriorum,
878 3819 976 3885 quam
1000 3821 1085 3868 nunc
1105 3800 1336 3882 emergentium
1353 3797 1443 3858 conltl

352 3903 449 3969 ddem
464 3922 538 3968 cum
554 3903 651 3984 impin
674 3924 788 3970 corum
804 3904 949 3982 Eethcsi,
971 3921 1030 3970 nec
1043 3923 1106 3974 nou
1127 3903 1313 3985 impiissimo
1332 3893 1442 3978 lym»

431 4003 463 4068 Si
485 4009 647 4070 antemio
669 4023 789 4072 conone
811 4004 931 4072 xvlll.
953 4008 1053 4090 hujus
1068 4003 1188 4088 Spnodi
1209 4007 1336 4084 practer
1353 3997 1443 4061 ιιιιιι·

355 4107 494 4170 ticornm
509 4107 636 4171 nomina
653 4127 716 4173 nou
738 4115 770 4174 ιι
783 4110 894 4175 eudem
916 4127 992 4176 cnm
1014 4105 1234 4173 monothelitis
1253 4097 1441 4170 molientium,

352 4207 568 4291 snbjiciuntur
588 4227 721 4293 qnoque
741 4211 909 4296 Origenes,
933 4211 1092 4296 livagrins
1116 4215 1150 4276 et
1168 4205 1344 4292 ntupum,
1362 4196 1442 4266 rnen
