2994 4938
330 484 445 551 timia
465 483 524 551 Dei
545 531 553 549 .
571 533 579 551 .
597 535 604 550 .
622 534 629 551 .
647 535 654 552 .
672 537 680 555 .
701 539 707 562 ,
727 490 775 555 Ad
799 492 873 570 hoc,
896 487 1051 568 Rustico,
1073 485 1193 556 matitia
1218 495 1274 554 tua
1295 487 1428 570 perducta

326 597 390 666 cst,
414 599 450 656 ut
471 599 580 656 nostre
603 592 820 660 admonitione
841 601 1037 676 contempte,
1060 594 1091 656 iu
1113 594 1222 657 odium
1246 595 1350 674 potius
1370 613 1428 673 pre·

328 691 457 756 sitires:
480 700 513 757 et
533 686 733 760 occasionem
756 715 954 778 quaereres,
984 704 1143 778 quatenus
1164 713 1260 758 censa
1284 694 1430 776 Capituio·

328 811 417 869 rum,
439 794 521 858 idest
540 796 579 859 de
601 796 692 860 dietis
707 795 869 862 Theodori
893 797 1107 880 mopsuesteni
1128 797 1265 878 ejusque
1288 813 1427 877 persona,

326 894 384 992 sed
407 903 439 960 et
460 895 628 978 Epistola,
650 919 735 982 queo
755 899 796 964 eb
818 897 871 964 iba
895 901 936 964 eti
965 900 1084 964 Marim
1097 899 1237 962 Persem
1259 899 1429 978 perhibetur

327 997 459 1079 scripta,
482 1017 541 1064 uec
561 1017 624 1065 nou
639 1010 671 1064 et
691 999 854 1066 dictorum
869 999 1070 1077 Theodortti,
1086 1017 1170 1081 quae
1192 1007 1306 1063 contra
1327 1007 1428 1062 recten

326 1095 437 1177 iidem,
459 1109 492 1164 et
514 1101 691 1182 Epistulam
712 1103 825 1168 beeteo
855 1103 1088 1168 recordationis
1119 1099 1234 1187 Cyrtiii
1261 1101 1429 1185 synodicam

327 1199 368 1264 sd
384 1199 570 1266 Nestorium
592 1222 667 1268 cum
682 1205 852 1270 duodecim
874 1205 1036 1287 capitulis,
1052 1221 1150 1285 quam
1171 1215 1204 1267 et
1223 1212 1334 1268 saucia
1348 1201 1431 1286 Syno-

327 1297 390 1365 dus
410 1305 560 1383 ephesius
583 1305 686 1386 prims
715 1309 877 1387 suscepit,
900 1315 932 1370 et
953 1307 1044 1368 beata
1066 1305 1330 1368 chalcedonensis
1348 1301 1431 1387 sue

326 1403 389 1466 dus
408 1404 448 1466 sd
466 1405 698 1470 convincendus
722 1403 862 1472 Nestorii
879 1408 1022 1473 resanius
1046 1408 1077 1469 iu
1103 1406 1289 1469 defiuitione
1311 1403 1380 1467 oret
1396 1403 1431 1465 ie

326 1504 418 1584 gitur
437 1508 602 1587 posuisse:
619 1525 717 1588 quae,
741 1515 771 1572 tc
792 1509 888 1572 etiem
909 1509 1059 1582 instante,
1075 1517 1202 1571 certem
1224 1515 1274 1570 cat
1295 1503 1430 1585 ilaritate,

329 1607 372 1669 ita
395 1614 432 1672 ut
452 1607 525 1672 tiliis
546 1610 663 1674 uestris
685 1607 803 1690 Sepato
823 1617 857 1674 et
879 1608 983 1673 Paulo
1003 1609 1157 1682 diaconis,
1178 1607 1233 1670 aed
1255 1614 1291 1670 et
1311 1605 1431 1695 Suram·

329 1706 374 1772 tio
396 1707 600 1773 notariorum
624 1700 809 1790 primicerio
830 1701 1026 1786 clamitares,
1042 1710 1164 1785 dicens,
1185 1724 1250 1772 uon
1264 1708 1370 1772 aoiuu
1388 1724 1430 1770 uo·

327 1827 400 1873 meu
421 1817 455 1874 et
473 1810 593 1892 scripte
614 1809 778 1876 Theodori
793 1812 1016 1892 'mopsuesteni
1032 1828 1050 1873 u
1064 1811 1158 1874 nobis
1178 1809 1301 1874 debere
1321 1807 1430 1871 ‹tauns-

328 1912 370 1986 ri,
391 1911 446 1975 sed
468 1919 502 1977 ot
517 1916 720 1979 territorium
742 1915 813 1997 ejus
835 1914 952 1996 ipsum,
969 1913 1025 1978 ubi
1046 1912 1170 1992 pesitus
1190 1919 1262 1990 est,
1285 1910 1357 1974 etsi
1375 1925 1431 1972 osse

327 2011 399 2093 ejus
419 2015 531 2078 eruise
559 2015 732 2098 quicquum
753 2016 793 2080 tie
812 2015 988 2097 sepulchre
1009 2015 1162 2096 ejiceret,
1184 2020 1217 2076 et
1237 2027 1317 2076 oum
1336 2009 1430 2074 eoieu

327 2115 495 2180 territorio
519 2116 718 2196 incenderet,
742 2125 909 2198 gratentur
929 2117 1103 2196 acciperes.

407 2216 568 2282 «Etcum
583 2209 711 2289 necesse
733 2228 817 2284 esset
839 2227 876 2284 ut
897 2219 1061 2298 negotium
1078 2217 1165 2298 quod
1180 2216 1294 2281 iuerat
1314 2212 1431 2282 insuit
1493 2191 1494 2198 ἵ

326 2315 378 2378 cio
399 2326 510 2406 nostro
525 2319 733 2398 perrectum,
752 2328 781 2383 te
796 2321 891 2383 etiam
906 2337 1004 2400 quam
1028 2319 1167 2381 muaime
1184 2317 1271 2380 inter
1283 2315 1362 2380 aiios
1381 2323 1430 2376 tau

325 2417 444 2479 eacrati
460 2418 592 2496 ordinis,
609 2438 707 2502 quarn
729 2421 892 2501 sequentis
914 2420 1143 2493 consentiente,
1164 2419 1324 2482 sententie
1344 2415 1430 2478 iiuirc·

327 2525 395 2590 tur,
417 2519 503 2597 quoti
527 2530 651 2586 constet
672 2521 846 2585 eiiectums
879 2529 912 2584 ct
932 2520 1008 2602 quii
1031 2520 1071 2582 tie
1091 2497 1204 2582 eoticm
1225 2516 1380 2582 iuttmto
1397 2512 1431 2575 ie·

328 2615 431 2680 ceris:
453 2621 618 2698 quomodo
639 2623 734 2686 etiam
764 2625 795 2687 in
816 2623 958 2702 palutio,
990 2627 1026 2682 ut
1048 2620 1141 2683 irutri
1162 2626 1276 2682 nostro
1299 2615 1429 2682 nonnae.

327 2716 367 2778 nd
388 2737 485 2799 quem
506 2725 751 2803 scripseramus,
773 2724 925 2788 celeriter
947 2721 1154 2796 truderetur,
1177 2719 1345 2792 institeris,
1365 2713 1430 2778 uuili

326 2819 468 2886 hebetur
488 2824 645 2890 incertum
657 2847 669 2908 3
701 2826 745 2890 ita
767 2835 805 2890 et
824 2825 892 2889 tilio
914 2831 1025 2888 nostro
1055 2821 1227 2902 surgentio
1259 2817 1429 2901 primicerio

329 2925 448 3005 petenti
468 2925 620 2990 schedam
641 2928 741 3009 ipsam
762 2927 904 2994 ludicati
925 2917 1048 3001 nestri,
1071 2930 1108 2987 ut
1127 2921 1212 3004 spui
1235 2939 1272 2986 se
1295 2939 1354 3002 pro
1372 2919 1431 2982 tou

278 3015 283 3030 '
327 3045 390 3090 suo
403 3029 581 3092 secundum
603 3030 867 3094 consuetudinem
884 3031 1050 3107 retineret,
1073 3023 1268 3106 permultos
1284 3023 1351 3086 dies
1369 3021 1431 3082 iare

327 3131 458 3208 penitus
478 3130 648 3208 uoluisses,
665 3132 766 3196 donec
781 3131 980 3212 exemplaria
1002 3147 1062 3210 per
1082 3127 1243 3208 plurimos
1262 3123 1430 3189 sacerdotes

328 3245 367 3292 ac
387 3229 499 3306 laicos,
515 3232 569 3294 sed
584 3238 617 3295 ct
637 3249 696 3312 per
716 3233 894 3313 gloriosum
917 3232 1026 3294 virum
1046 3227 1235 3314 Tyrannum
1257 3227 1430 3307 magistrun

327 3329 481 3407 miiitum,
494 3332 642 3414 aliosque
662 3333 762 3398 inicos
780 3337 812 3398 in
838 3333 1015 3397 eiricouam
1035 3330 1235 3411 provinciam
1257 3327 1430 3394 destinares,

329 3431 419 3510 qued
441 3435 475 3518 in·
493 3434 627 3498 ecclesie
650 3444 758 3498 nostra
779 3452 797 3497 a
820 3434 955 3499 diacono
975 3447 1140 3510 nunquam
1168 3429 1294 3491 iactum
1319 3435 1384 3502 est,
1401 3435 1431 3484 tt

329 3531 422 3596 uobis
444 3534 540 3596 etiem
568 3519 796 3613 nescientibus,
825 3536 896 3616 ejus
926 3533 1126 3613 exemplaria
1149 3530 1339 3592 destinares.
1364 3523 1431 3590 stan

329 3641 362 3698 et
383 3632 522 3700 &obsto
543 3645 665 3712 tenete,
688 3655 754 3717 quo
777 3639 880 3714 ipsum
905 3646 947 3710 te,
969 3637 1053 3699 sicut
1075 3630 1211 3713 percieti
1233 3647 1365 3704 sumus,
1385 3625 1430 3688 iu·

330 3735 494 3812 minente,
521 3737 716 3818 protulimus
737 3735 949 3811 iudicatum,
972 3737 1003 3797 in
1031 3733 1200 3799 ecetesiam
1226 3747 1352 3794 sessum
1370 3741 1431 3810 pro·

329 3835 473 3912 cessisse,
489 3845 522 3900 et
542 3841 857 3928 communicassem
878 3837 1019 3901 officium
1043 3845 1135 3898 tuum
1157 3831 1317 3910 implesse·
1330 3841 1430 3908 cogno·

330 3937 441 4001 sceris.
457 3933 539 4004 Nam
560 3946 594 4002 et
612 3939 726 4003 codem
749 3940 800 4002 die
823 3949 989 4004 revertens
1010 3937 1051 3999 ab
1072 3935 1231 4008 ecclesie,
1253 3931 1430 4010 coepiscopo

331 4044 456 4116 uestro,
472 4047 630 4121 quantum
653 4040 811 4121 perhibet,
824 4038 957 4104 iuliano
978 4033 1310 4113 bececionemque
1331 4027 1430 4096 uetus

333 4137 404 4204 iieri
425 4157 488 4203 uon
509 4141 626 4220 potuit,
650 4159 747 4223 quem
769 4141 857 4223 quod
879 4141 1001 4206 tectum
1022 4147 1071 4203 cst
1091 4137 1280 4202 iudicatum
1286 4153 1299 4213 3
1318 4138 1350 4196 st
1368 4129 1430 4192 iter·

335 4239 451 4306 toneris
475 4249 523 4305 ut*
540 4239 627 4308 [icus
648 4253 801 4311 oraretur
821 4261 883 4324 ue,
906 4243 994 4326 quot
1022 4237 1144 4308 iectum
1171 4245 1238 4316 est,
1260 4233 1427 4301 toliercter.
