2994 4938
1135 345 1176 414 et

82 461 266 528 demuationo
287 461 387 538 triam
409 457 652 540 capitulorum,
667 462 701 522 et
717 473 775 539 per
795 457 937 539 plurime
957 452 1020 519 elia
1037 451 1181 518 declara·

81 567 133 640 ιιι,
152 574 182 628 et
201 581 257 643 per
281 563 579 629 condemnationem
609 559 736 626 Rustici
756 572 790 625 et
809 559 985 626 Sebastiani
1007 557 1182 639 aliqnando

80 665 275 730 diaconorum
297 665 493 746 antiquioris
515 661 650 728 Romae.
681 661 747 738 Qut
767 680 843 728 cum
865 663 1005 741 primum
1026 661 1184 739 suscepis-

79 776 142 830 sent
161 767 277 830 iactum
290 767 332 830 ab
355 765 617 840 eodndicatum,
634 766 665 828 in
679 781 746 845 qno
767 763 1050 827 anathematizavit
1070 761 1182 824 eadem

79 871 167 948 impia
181 868 340 948 Cupitum,
356 877 467 950 postea
487 874 702 950 susceperunt
715 876 748 931 et
761 864 975 930 defenderunt
988 881 1103 928 eornm
1125 863 1183 927 im·

79 970 231 1046 pietatem.
259 967 321 1033 Sed
344 970 441 1032 etiam
462 968 686 1034 Valentiniano
707 967 857 1048 episcopo
878 964 1040 1048 Scythiae,
1062 970 1096 1026 et
1116 962 1184 1026 Aa·

79 1069 193 1134 reliano
207 1069 347 1145 Areiati,
359 1088 446 1150 qnae
467 1080 515 1134 est
530 1070 632 1149 prima
654 1069 926 1134 sanctissimarum
942 1062 1067 1128 Galliae
1081 1063 1185 1127 cocio·

77 1170 189 1235 siarum
209 1172 339 1252 scripsit
352 1182 387 1235 et
401 1172 618 1235 manifestavit
637 1171 678 1234 de
698 1169 962 1234 condemnatione
977 1168 1114 1230 istorum
1126 1163 1185 1230 Ca·

79 1271 261 1351 pitniorum.
284 1271 329 1336 Et
347 1275 514 1353 praecepit
527 1273 573 1336 eis
586 1271 667 1336 nihil
681 1269 846 1348 suscipere
859 1266 946 1348 quod
961 1284 979 1329 a
995 1267 1186 1330 condemua-

78 1374 113 1436 ιιι
131 1372 269 1442 diacoma
284 1374 439 1438 redditur
452 1375 655 1438 eontrarium
670 1373 836 1452 praedicto
855 1369 1019 1434 iudicato.
1036 1367 1078 1432 Et
1099 1383 1187 1432 oum·

76 1473 218 1552 pendiosc
235 1475 358 1551 dicere,
379 1493 509 1555 semper
522 1476 552 1538 tu
566 1476 678 1538 eadem
702 1473 876 1536 voluntate
891 1470 1121 1550 perseverarit.
1146 1469 1186 1533 iit

76 1573 276 1638 haecomnia
299 1593 358 1652 per
378 1593 474 1640 sunm
498 1582 623 1654 tempus
639 1573 730 1637 vobis
751 1572 916 1634 manifesta
940 1573 1105 1634 iaciemus.

148 1672 338 1750 «Quoniam
354 1693 433 1738 vern
444 1683 655 1757 pusten‚enm
671 1671 908 1754 pervenissem,
926 1673 973 1734 uti
989 1673 1186 1742 dictumest,

76 1773 207 1840 adhunc
223 1777 345 1856 regiam
360 1777 544 1852 Civitatem,
558 1779 678 1855 scripta
700 1774 784 1838 tacta
805 1773 934 1837 suntad
950 1773 1117 1835 tunicoma
1136 1791 1188 1834 se·

74 1880 136 1938 atra
155 1878 325 1940 sanctitate
345 1885 409 1942 eta
425 1875 542 1956 vigilio
558 1876 797 1955 religiosissimo
815 1871 901 1954 i’apa
915 1877 1106 1954 antiquioris
1124 1875 1188 1939 lio·

75 1991 153 2052 mae,
174 1987 212 2042 nt
229 1995 341 2041 omnes
356 1978 436 2042 uniti
457 1979 667 2051 conveniatis,
682 1983 715 2039 ct
735 1984 870 2056 propter
883 1975 970 2049 ilios,
986 1976 1043 2056 qni
1064 1977 1132 2039 sive
1147 1993 1188 2040 er

75 2075 263 2157 ignorantia,
284 2081 352 2142 sire
371 2078 504 2144 scicntia
535 2079 731 2159 impietatem
751 2076 978 2158 capitulorum
999 2075 1187 2154 deieudnnt,

76 2197 253 2260 congruum
271 2179 434 2262 iudicium
456 2175 515 2257 eis3
537 2197 653 2260 qnaea
673 2179 791 2244 sanctis
811 2186 955 2258 quatuor
975 2175 1110 2260 synodis
1131 2195 1191 2257 pro

76 2279 132 2344 dde
150 2281 283 2344 definita
303 2289 391 2358 eunt,
414 2281 612 2363 proferatis3
628 2279 850 2343 mandarimus
869 2278 916 2341 iiii
938 2279 1033 2342 etiam
1057 2297 1115 2359 per
1135 2298 1191 2341 no·

76 2388 154 2444 atros
171 2381 301 2463 jndices
322 2392 357 2445 et
376 2399 436 2462 per
446 2381 606 2463 quosdam
626 2399 668 2446 ea
690 2380 794 2458 vobis,
810 2386 846 2444 nt
865 2397 930 2444 uua
945 2397 1020 2444 cnm
1041 2381 1190 2444 omnibns

75 2486 280 2557 conveniret,
300 2490 333 2546 et
354 2485 571 2548 communiter
591 2483 787 2564 disceptaret
806 2480 846 2544 de
868 2480 1039 2561 praedictis
1061 2481 1192 2563 Capitu-¹

75 2581 112 2644 ιιι
119 2601 130 2661 3
152 2593 189 2647 nt
211 2585 319 2648 inrma
338 2584 474 2648 daretur
495 2592 604 2650 rectae
625 2584 699 2648 tidei
720 2581 982 2647 conveniensem
1002 2583 1090 2663 quod
1111 2567 1154 2646 ιι
1167 2586 1192 2647 i-

76 2700 163 2760 psum
178 2692 211 2748 et
224 2692 366 2748 cestram
377 2687 579 2750 sanctitatem
591 2685 623 2746 in
635 2685 763 2763 scriptis
777 2683 1048 2763 interrogavimus
1062 2685 1101 2746 de
1116 2684 1191 2759 hoc,

76 2793 110 2846 ιιι
122 2793 178 2872 ant
195 2795 362 2866 tamquam
381 2787 478 2868 impia
492 2786 642 2866 tinpitnia
657 2786 699 2847 ab
712 2784 861 2850 omnibns
881 2785 1190 2865 condemnarentur;

74 2895 128 2946 ant
145 2886 173 2948 si
188 2893 285 2966 putat
299 2894 387 2950 recta
409 2905 490 2962 esre,
508 2891 619 2966 aperte
632 2903 725 2951 suam
741 2887 962 2950 manifestaret
978 2887 1189 2950 voluntatem.

75 2971 225 3052 alienum
248 2995 296 3049 est
310 2989 395 3051 onim
416 2987 668 3053 christianornm
683 3003 758 3049 cum
781 2994 868 3048 reeta
891 2985 953 3048 tide
974 2985 1071 3066 impia
1091 2987 1193 3050 ansei-

75 3099 162 3161 pcm,
183 3092 218 3150 et
239 3102 303 3152 non
323 3103 341 3148 a
363 3087 457 3150 maiis
478 3093 567 3150 recta
589 3085 781 3150 discernere.
810 3084 870 3148 iiie
893 3103 971 3149 vero
994 3087 1084 3150 nohis
1106 3104 1194 3149 man·

76 3182 174 3262 davit,
188 3186 280 3268 qnod
294 3185 334 3250 de
356 3187 642 3270 praedictiatribns
663 3185 823 3268 Capitulis
838 3203 898 3266 per
917 3187 1124 3267 semetipsum
1147 3187 1194 3248 ia·
1238 3209 1244 3216 ·
1336 3193 1350 3202 ·

76 3284 180 3362 ciens,
203 3287 351 3366 porriget
381 3287 483 3351 nobis.
506 3285 734 3350 Adhortamnr
763 3286 868 3364 igitur
890 3303 947 3350 rna
966 3289 1063 3350 etiam
1083 3287 1124 3349 de
1145 3288 1194 3350 iris

75 3382 267 3466 disceptare.
282 3385 373 3451 Scire
387 3388 474 3452 enim
488 3405 546 3452 roa
569 3387 734 3461 volumno,
751 3385 839 3464 qnod
855 3402 913 3450 noa
934 3403 971 3448 ea
987 3403 1071 3466 quae
1084 3387 1109 3447 'a
1124 3403 1195 3449 san·

75 3484 132 3550 ctis
152 3495 302 3566 quatuor
322 3484 457 3573 synodis
479 3488 625 3570 exposita
646 3495 741 3554 sunt.
759 3529 769 3548 .
787 3487 999 3566 .snscipimns
1020 3494 1055 3551 et
1073 3487 1196 3569 ampie-

75 3589 197 3656 ctimnr
214 3633 332 3655 .....

152 3690 369 3756 «Hortamur,
388 3692 487 3757 etiam
509 3690 593 3757 iliud
613 3691 806 3776 disceptare,
822 3692 909 3775 qnod
927 3711 1008 3756 sane
1028 3692 1197 3773 protertur

71 3793 112 3858 ab
131 3795 192 3870 eia,
218 3793 274 3874 qui
296 3794 408 3859 dicunt
422 3812 486 3858 non
507 3803 660 3876 oportere
675 3804 747 3876 post
768 3804 907 3860 mortem
927 3796 1107 3858 haereticos
1121 3810 1197 3856 ana·

73 3895 301 3960 thematizari:
323 3904 359 3960 et
376 3897 470 3976 sequi
501 3895 533 3958 io
554 3897 617 3962 hoc
637 3895 816 3962 doctrinam
837 3906 1024 3960 sanctorum
1047 3893 1195 3968 Petrum,

72 3996 127 4076 qui
149 4013 218 4061 non
248 3995 355 4060 solnm
381 3996 525 4062 viventes
547 3996 727 4060 haereticos
761 3996 1068 4068 condemnaverunt,
1089 3991 1145 4056 aed
1166 3999 1200 4055 ct

72 4103 330 4173 postmortem,
353 4103 466 4176 utpote
489 4097 520 4160 in
541 4113 600 4162 sua
630 4098 795 4176 impietate
821 4095 969 4160 mortuos
988 4091 1199 4158 anathemati·

72 4204 250 4285 raserunt,
270 4197 356 4264 sient
375 4217 443 4278 eos,
459 4201 516 4279 qni
537 4197 656 4280 injuste
673 4199 875 4268 condemnati
894 4205 983 4278 sont,
1000 4199 1199 4266 rerumrnnt
