3186 4946
195 431 452 518 Discrepantinm
472 439 604 521 quidem
625 439 704 506 disi.
727 437 816 505 Unus
838 443 936 517 enim,
961 439 1042 504 idest
1058 438 1231 518 Eusebius,

117 535 235 600 indicat
257 539 299 601 ibi
320 541 353 602 in
367 543 504 621 epistola
520 560 671 610 exarasse
684 541 857 624 Origenem
872 543 1049 623 simplicem
1065 561 1144 607 snae
1160 543 1233 608 iidei

115 636 363 718 confessionem,
385 650 417 703 et
439 661 498 723 per
517 661 589 708 eam
609 645 806 709 obtestatum
826 663 860 707 se
881 643 1099 708 orthodoxam
1126 643 1235 717 lateri,

117 740 358 824 complectique
380 743 486 808 fidem.
510 743 615 810 Alteri
633 764 723 822 roro,
740 763 854 826 nempe
878 744 1089 830 Hieronymo,
1106 753 1238 827 praeter

116 837 190 904 ddei
211 845 414 908 emissionem
436 865 476 909 es
499 846 646 927 origenis
669 857 772 928 parte,
798 846 1115 926 videretnramplius
1131 846 1236 910 eidem

115 941 272 1020 epistolae
292 943 448 1025 Origenes
469 948 624 1030 adiecisse
645 951 815 1030 genuinam
838 966 990 1012 errorum
1005 966 1142 1012 suorum
1161 965 1238 1010 con·

118 1040 303 1120 lessionem,
325 1063 363 1110 ac
384 1066 449 1112 nna
469 1050 698 1129 poenitentiam
719 1051 761 1112 nb
782 1069 819 1114 ea
841 1067 926 1130 quaa
946 1050 1095 1129 scripsit:
1129 1067 1167 1112 ac
1189 1048 1235 1111 in·

113 1161 217 1224 snper
240 1164 324 1225 qnae
347 1155 468 1212 temere
484 1152 657 1231 scripserat
674 1151 830 1216 adversus
848 1152 1028 1224 veritatem,
1045 1159 1237 1214 convertere

118 1244 261 1308 voluisse
282 1247 313 1310 in
336 1249 555 1326 Ambrosium,
578 1270 617 1316 eo
638 1254 724 1332 quod
747 1264 872 1317 secreto
893 1252 991 1328 edita,
1014 1254 1045 1314 in
1065 1251 1232 1331 pubiicum

118 1347 295 1411 retulisset.
317 1345 408 1414 Unde
428 1351 607 1416 eruendum
635 1353 739 1428 leret,
764 1373 877 1418 revera
900 1373 1025 1418 errasse
1047 1351 1235 1433 origenem,

117 1454 242 1512 temere
262 1452 396 1516 sensisse
418 1453 448 1515 in
473 1455 539 1518 suis
564 1455 788 1534 opinionibus,
814 1456 1014 1537 proindeque
1037 1456 1234 1534 resipuisse,

118 1559 237 1614 cuncta
260 1570 360 1632 prere
380 1557 562 1635 excogitata
583 1559 746 1636 scripisse
771 1557 810 1620 de
831 1558 979 1638 dogmate
994 1556 1170 1621 christiano
1188 1574 1236 1618 re·
1316 1545 1323 1559 ⁸

119 1655 325 1717 inscientem.
349 1653 558 1738 Quapropter
584 1659 626 1721 ob
649 1659 729 1722 banc
761 1655 949 1743 Hieronymi
980 1665 1013 1720 et
1042 1655 1170 1720 Eusebii
1193 1655 1239 1718 di·

117 1755 336 1834 screpantiam
357 1757 388 1819 in
410 1758 508 1840 hujus
529 1759 683 1838 epistolae
698 1756 904 1839 dijudicando
919 1776 1027 1831 sensu,
1046 1765 1163 1820 memet
1180 1755 1239 1816 ali·

118 1857 310 1935 quantisper
329 1867 409 1937 puto
433 1859 487 1923 hic
507 1861 646 1934 sistere,
673 1867 706 1922 et
728 1877 796 1922 rem
817 1859 1002 1922 accuratius
1027 1858 1233 1935 investigare,

119 1973 198 2018 num
224 1975 300 2020 rere
321 1976 450 2024 errores
463 1980 541 2025 suos
556 1978 666 2025 coram
683 1959 836 2025 Pontidce
853 1959 998 2024 liemano
1015 1958 1181 2023 conieasus
1197 1961 1239 2022 sit

117 2055 287 2137 Origenes.

202 2157 252 2222 Ac
272 2160 426 2240 primum,
449 2163 564 2226 nullibi
583 2165 614 2228 iu
629 2131 744 2244 quovis
759 2161 993 2228 discussionem
1009 2179 1137 2243 genere,
1153 2179 1238 2240 qnae

118 2259 230 2324 adbuc
250 2270 445 2342 supersunt,
468 2265 584 2329 nullibi
606 2266 770 2347 reperitur
800 2263 898 2346 bujus
920 2263 1128 2327 conlassionis
1159 2262 1237 2326 indi·

117 2361 220 2438 cinm,
243 2381 301 2426 nec
317 2365 563 2430 retractationis.
582 2364 768 2444 Quinimmo
783 2365 814 2430 in
832 2365 966 2446 epistola
983 2365 1079 2427 citata
1094 2364 1134 2426 ad
1159 2365 1238 2427 ami·

120 2480 177 2527 coa
199 2463 427 2528 alexandrinos
448 2474 481 2530 et
500 2467 532 2528 in
555 2467 691 2549 prologo
712 2465 805 2530 Tomi
828 2464 881 2528 Vl.
904 2464 940 2528 ia
959 2462 1134 2539 locassem,
1150 2483 1235 2544 quae

119 2583 199 2628 sane
219 2565 260 2629 ad
282 2566 364 2629 banc
379 2567 569 2632 referuntur
584 2577 722 2632 aetatem
737 2577 769 2632 et
782 2571 997 2644 occasionem,
1011 2568 1051 2630 de
1066 2586 1146 2632 snae
1161 2566 1234 2628 fidei

120 2676 153 2730 et
173 2669 390 2732 conscientiae
411 2670 592 2748 integritate
616 2678 707 2735 tutus
726 2668 903 2750 Origenes,
927 2687 985 2732 uec
1009 2688 1044 2732 se
1070 2668 1235 2748 poenitet,

121 2786 182 2831 nec
203 2787 279 2832 suns
302 2777 457 2834 retractat
477 2790 619 2847 errores,
642 2772 697 2836 sed
719 2773 874 2836 alacriter
889 2773 920 2834 in
937 2770 1187 2835 calumniatores
1202 2788 1239 2832 nc

124 2870 303 2934 verborum
329 2890 466 2936 suorum
489 2873 658 2938 laisntores
679 2883 812 2954 pugnat,
828 2871 932 2936 Deum
955 2888 1143 2952 nuncupans
1158 2889 1237 2934 suae

121 2970 331 3050 professionis
346 2973 540 3038 christianae
558 2983 682 3038 testem.
700 2973 742 3037 Et
756 2975 896 3054 amplius
910 2982 1020 3036 contra
1039 2973 1147 3036 hostes
1160 2990 1237 3036 suos

119 3071 282 3153 judicium
305 3072 362 3136 llei
385 3075 538 3152 minatur,
555 3084 587 3139 et
603 3077 633 3138 in
649 3094 704 3140 eos
719 3094 852 3158 qnoque
867 3073 1143 3140 criminationibus
1164 3074 1239 3138 illo·

124 3191 200 3238 rum
222 3176 501 3240 accommodantes
523 3194 648 3239 aurem.

206 3273 401 3352 Praeterea,
424 3277 473 3340 bis
494 3279 604 3358 positis
625 3277 817 3351 erroribus,
839 3277 1056 3340 necessarium
1080 3281 1180 3353 puio,
1204 3281 1240 3337 ut

123 3376 282 3456 Origenes
304 3385 475 3459 postquam
502 3379 666 3442 haeretica
687 3378 1004 3459 scriptaedidisset,
1027 3377 1058 3437 tn
1079 3394 1113 3438 se
1135 3374 1239 3438 iactus

124 3485 157 3540 et
170 3496 282 3542 coram
300 3477 441 3544 Fabiano
458 3478 542 3559 Papa
556 3480 738 3559 ceterisque
752 3481 908 3561 episcopis
924 3496 982 3558 per
996 3478 1120 3540 litteras
1135 3492 1241 3537 emen·

124 3576 232 3655 datus,
255 3581 472 3644 necessarium
487 3588 579 3660 puto,
596 3582 739 3661 inquam,
758 3589 794 3643 nt
811 3581 842 3642 io
864 3580 934 3642 aliis
958 3577 1147 3641 tractatibus
1169 3582 1240 3656 post

128 3680 392 3744 retractationem
414 3679 571 3756 condetis,
586 3683 718 3763 speciali
735 3681 893 3744 mentione
908 3689 940 3742 et
954 3678 1187 3752 contutatione,
1202 3694 1239 3740 ea

127 3782 304 3860 repetendo
333 3782 528 3848 reiormaret
549 3792 582 3847 et
609 3783 808 3863 potissimum
832 3783 863 3844 iu
892 3778 1121 3852 concionibus,
1144 3779 1239 3842 etita

89 3891 92 3896 “
126 3884 279 3947 smndaln
300 3884 487 3948 consuleret
502 3887 534 3948 in
553 3885 697 3950 ecclesiis
714 3885 867 3948 excitato.
883 3880 978 3958 Quod
993 3898 1156 3944 summum
1172 3889 1243 3943 erat

127 3983 159 4045 in
182 3985 266 4061 viro,
288 3986 344 4066 qni
367 3985 488 4067 ubique
510 3986 683 4068 profitetur
702 4005 737 4050 se
753 3987 837 4048 velle
852 3988 884 4049 in
900 3984 1048 4048 omnibns
1062 3983 1239 4063 apostolica

129 4094 161 4148 et
182 4087 396 4153 ecelesiastica
418 4088 510 4169 sequi
531 4093 671 4152 statum·
687 4087 904 4152 Nihilominus
925 4087 1098 4166 bucusque
1112 4085 1239 4147 nullum

132 4185 171 4248 de
194 4187 241 4251 bis
261 4187 414 4254 indicium
436 4189 564 4254 obviem
587 4189 664 4254 mibi
690 4189 763 4266 luit,
787 4206 845 4252 nec
872 4187 961 4264 mibi,
992 4203 1050 4251 uec
1073 4181 1240 4264 Pamphilo
