3066 4950
78 503 230 570 Stantem
251 502 475 588 huiuscemodi
492 503 599 586 vigilii
616 503 722 585 Papae
742 503 952 569 inconstantia
975 521 1038 568 non
1057 397 1177 568 aitffli·

78 606 233 680 ruittende,
255 607 435 670 necesaria
463 605 593 670 dnobus
616 605 717 670 relati
740 605 828 670 talaia
848 606 976 682 amotis,
999 621 1101 670 nuurn
1121 623 1177 669 sn·

78 707 190 786 perurit
210 706 395 786 genuinum.
420 704 591 770 Praeterea
612 723 677 770 nou
696 706 788 770 solus
808 703 947 786 vigilias
965 721 1045 786 suae
1065 706 1174 774 innon·

75 809 202 872 rtantiae
223 817 330 872 oolaro
352 807 554 887 protulisset,
575 807 630 870 sert
653 813 686 870 sl
706 807 848 889 episcopi
868 806 1096 884 occidentales,
1119 808 1176 888 qul

78 907 224 974 Julieatn
246 918 477 974 consenserunt
498 908 748 984 subscribentes,
763 915 797 972 et
819 911 1009 989 praesertim
1026 907 1175 990 Pelagius

75 1012 221 1076 diaconus
250 1012 395 1093 ejusdam
418 1008 526 1090 vigilii
553 1028 723 1076 successor
742 1011 774 1074 tu
808 1009 1025 1075 Pontificalu:
1051 1013 1176 1092 quique

74 1111 151 1176 intel
173 1113 294 1193 primos
315 1111 505 1176 tunicatum
522 1111 674 1192 probarit
695 1112 726 1174 in
750 1113 849 1175 triurn
871 1110 1099 1192 Capituloruur
1120 1111 1176 1174 ‹la-

74 1216 259 1279 mnationem
268 1235 281 1295 3
298 1215 353 1279 ubi
375 1215 524 1280 distincte
541 1212 704 1278 Theodori
721 1213 937 1296 mopsuesteni
958 1212 1035 1276 iibri
1050 1219 1084 1276 et
1103 1229 1178 1295 per-

72 1331 143 1378 sona
156 1315 481 1390 anathematizantur,
499 1313 574 1378 ibae
593 1313 751 1395 Epistola,
766 1320 866 1394 atque
879 1311 1077 1377 theodoreti
1092 1311 1176 1379 Con·

73 1414 192 1492 scripta.
208 1414 321 1492 Oonrn
341 1423 451 1479 eutero
472 1433 535 1478 non
557 1414 672 1491 desint,
693 1417 750 1493 qni
772 1415 834 1478 boc
849 1413 1067 1480 constitutum
1088 1414 1173 1480 iuter

75 1516 202 1596 penaiua
222 1516 342 1597 scripta
359 1515 466 1598 vigilii
489 1516 639 1594 habeant,
660 1515 744 1579 noste
765 1515 947 1580 necessario
962 1531 1176 1595 consequare·

76 1623 125 1680 tur
138 1614 301 1681 Pontificio
314 1616 525 1682 inconstantia
540 1617 571 1680 in
587 1616 647 1680 hae
661 1615 874 1696 quaestione:
892 1615 964 1679 iden
979 1615 1078 1696 buius
1092 1613 1174 1680 Con·

73 1717 167 1784 atitnii
189 1719 379 1784 relationem
400 1737 474 1784 curn
491 1718 612 1798 Pelagii
635 1714 676 1782 li.
700 1715 830 1781 Litteris
851 1716 890 1780 art
913 1717 1027 1782 Istriae
1052 1718 1176 1799 episeo-

73 1837 135 1900 pus,
155 1821 251 1884 siculi
273 1827 305 1885 et
316 1818 488 1884 Constituti
511 1817 655 1898 ejusdem
674 1817 831 1882 dictatum
852 1834 927 1881 earn
949 1818 1055 1882 altero
1070 1819 1177 1883 noris·
1315 1815 1319 1822 '

73 1921 145 1986 rino
165 1921 382 2002 aequiparare
402 1930 436 1984 el
457 1937 623 1998 exponere
644 1920 766 1984 reierta
794 1925 831 1984 ut
859 1924 893 1982 et
913 1919 945 1982 in
980 1919 1040 1982 trac
1069 1926 1176 2002 parte,

73 2024 253 2107 apocrypho
273 2029 413 2100 ostenso,
429 2021 516 2103 quod
533 2020 735 2103 quaerimus,
750 2018 947 2097 Constituto,
965 2020 1177 2084 aoriuirnnua

72 2126 237 2204 genuinum
260 2130 547 2204 praestaturum
567 2121 626 2186 sibi
643 2123 862 2187 consectarins
883 2121 1107 2186 mauiiestctnr
1124 2120 1177 2184 lli·

72 2225 172 2303 rilius,
192 2244 232 2294 ac
254 2227 330 2290 item
351 2225 514 2290 illibatum
534 2231 687 2290 servetur
706 2224 800 2290 istius
821 2239 937 2288 nornen
957 2231 990 2288 et
1007 2221 1176 2289 Poulitiea·

75 2333 121 2390 tus
140 2325 277 2392 Romani
300 2328 408 2392 dacus.
431 2325 485 2407 (1).

147 2427 279 2514 Constet
301 2429 428 2492 interim
452 2446 494 2492 ex
517 2428 615 2511 buius
636 2427 807 2495 Constituti
835 2430 1071 2512 subscriptione
1091 2437 1177 2494 cela·

74 2529 176 2611 risque
196 2530 329 2596 inclusis
349 2531 610 2607 eircnnutantiis,
626 2533 710 2595 circa
726 2549 845 2596 anuuro
859 2531 911 2597 27.
929 2532 1054 2613 imperii
1074 2529 1176 2595 Justi·

73 2634 162 2708 niani,
176 2635 245 2698 aire
261 2633 346 2698 cirea
370 2632 454 2695 ideas
471 2641 596 2712 tempus
610 2634 721 2696 datum
738 2633 931 2708 buc'iuisse,
945 2651 1012 2713 qno
1032 2633 1176 2696 alternus

74 2736 239 2814 genuinum
260 2735 383 2800 edituro
406 2733 478 2798 luit.
502 2735 723 2815 Quapropter,
739 2737 764 2798 ai
787 2743 1031 2813 praesumptum
1051 2732 1175 2800 Consti·

75 2841 187 2914 lulum,
215 2835 304 2917 qnod
324 2838 358 2900 in
379 2835 526 2899 omnibus
546 2835 641 2898 alleri
672 2836 866 2900 contradicit
888 2835 1039 2915 genuino,
1061 2835 1176 2898 atrati·

73 2936 196 3000 tandm
219 2937 317 3010 torel,
339 2935 525 3001 luculenter
544 2945 718 3016 appareret
738 2935 844 3017 vigilii
865 2939 1029 3018 antilogia,
1052 2955 1116 3022 qua
1136 2937 1178 3000 il·

72 3035 123 3101 lul
138 3056 219 3119 opus
240 3037 539 3116 terrueruuunoo
555 3045 647 3101 aulea
670 3037 860 3102 aedificarit.
883 3037 1038 3104 Ceterum
1060 3057 1101 3104 ex
1117 3036 1176 3102 Pe·

71 3135 140 3218 lapii
160 3141 296 3221 epistola
317 3139 357 3202 ad
382 3136 493 3202 istriae
522 3139 701 3220 episcopos,
723 3157 785 3202 nou
818 3147 941 3202 tanturn
963 3159 1005 3204 ex
1025 3147 1175 3204 sermone

72 3254 127 3302 suo
140 3249 297 3320 qnantum
311 3259 352 3302 ex
372 3241 518 3320 ipsorum
539 3241 598 3302 tria
615 3239 763 3320 Capitale
786 3240 1024 3322 defendentium
1040 3261 1098 3306 ora
1120 3261 1176 3323 pe·

71 3337 149 3402 uitus
168 3342 198 3404 ei
213 3341 414 3404 contrarium
437 3343 578 3414 eruitur,
596 3339 683 3422 qnod
707 3341 827 3421 tegitur
848 3341 879 3404 in
901 3342 962 3404 boe
979 3342 1174 3407 Constituto.

73 3434 177 3504 'Priuru
198 3442 283 3506 enirn
304 3439 530 3520 capitulorum
553 3447 680 3522 patroni
701 3441 830 3520 Pelagio
849 3440 953 3524 Papae
970 3441 1010 3506 ΙΙ.
1032 3445 1088 3524 qui
1110 3445 1175 3510 iliis

73 3535 172 3620 vigilii
196 3539 417 3606 Couslilntnnr
448 3542 622 3622 genuinum
651 3545 823 3624 proposuit
847 3543 1095 3624 acceptandum,
1124 3563 1176 3608 re·

73 3642 265 3722 sponderent
285 3641 471 3723 objicientes
494 3651 632 3721 tantum,
653 3644 737 3723 punct
758 3642 794 3708 iu
813 3661 927 3708 enum
943 3642 1109 3724 principio
1124 3641 1177 3709 Ss-

140 3885 175 3959 (11
192 3887 258 3945 Hoc
277 3888 469 3964 apocryphum
485 3875 679 3947 constitutum
697 3888 802 3966 legiler
814 3891 845 3947 in
856 3889 945 3948 'Poma
962 3889 1015 3949 lx.
1035 3891 1173 3950 Concilio·

76 3993 134 4032 rum
150 3996 185 4035 ex
204 3979 335 4039 Editione
352 3982 426 4038 Emi.
446 3981 530 4040 card.
549 3981 694 4039 Passionai
712 3999 742 4057 p.
755 3981 801 4040 61.
823 3999 889 4040 eum
909 3982 963 4040 hac
979 3984 1171 4056 inscriptione:

80 4069 292 4150 «Consulatum
310 4073 412 4148 vigilii
428 4073 521 4147 Papae
538 4073 573 4130 de
590 4075 681 4132 tribua
698 4075 837 4149 capitulis
855 4076 1056 4150 gloriosissimo
1074 4081 1103 4132 at
1119 4075 1174 4132 elc-

76 4164 244 4222 nrentissimo
265 4165 322 4222 fllia
342 4165 504 4223 ,iustiniano
530 4173 663 4241 angusto.
685 4166 763 4226 Inter
785 4169 948 4227 innumeras
970 4167 1175 4236 solicitudines,··

78 4251 172 4320 quibua
187 4262 318 4312 ocantur
335 4257 480 4332 imperiala
497 4257 643 4334 nsugium
661 4264 716 4318 ete.

190 4345 254 4414 Vol.
276 4347 330 4414 IV.
1018 4352 1059 4420 16
