3028 4942
323 341 488 512 aersatum
514 443 733 522 adinvenisse;
759 449 816 508 aut
840 439 954 507 saltam
979 439 1066 504 illius
1089 455 1218 504 errores
1239 437 1440 520 ejuscemodi

322 551 490 632 gravitatis
503 549 589 614 haud
607 549 717 623 tuisse,
735 555 771 610 ut
783 564 920 610 censura
932 545 1039 626 aliqua
1062 542 1148 624 digni
1168 541 1399 608 crederentur.

407 649 451 716 Ut
470 661 579 716 autem
600 669 641 714 ex
662 650 711 714 bis
731 649 912 726 nominatis,
935 646 1093 728 quaedam
1114 663 1229 709 eorum
1249 645 1341 708 dicta
1365 644 1445 707 reie-
1511 691 1512 728 ,

327 771 411 830 ram,
433 752 523 816 adest
543 771 568 818 a.
592 747 806 830 Ambrosius3
829 751 884 832 qai
906 767 968 813 nou
990 756 1054 812 tam
1074 749 1261 821 sanctitate,
1284 748 1442 829 zeloque,

332 873 431 936 qnam
455 855 584 918 scientia
606 855 636 916 iu
658 854 754 918 domo
775 851 833 917 Dei
853 852 1026 929 laboravit,
1048 851 1204 914 illibatam
1218 868 1358 914 servans
1372 866 1446 928 apo·

328 957 492 1022 stolorum
521 956 735 1020 traditionem.
763 953 967 1036 Proindeque
994 955 1080 1018 baud
1105 956 1206 1036 ipsius
1234 954 1373 1020 videtur
1399 971 1446 1014 re·

326 1057 471 1140 spueuda
493 1059 679 1121 auctoritas.
703 1055 732 1120 ls
753 1059 863 1136 itaque
882 1059 1009 1137 quoties
1030 1056 1070 1120 de
1084 1055 1231 1136 origenis
1250 1057 1349 1120 libris
1364 1057 1441 1134 egit,

326 1160 381 1224 vel
402 1159 525 1234 citavit,
545 1175 607 1220 nou
628 1158 686 1220 uisi
709 1160 912 1222 veneratione
930 1167 963 1222 et
982 1157 1204 1222 aestimatione
1224 1156 1265 1222 de
1286 1175 1330 1220 eo
1349 1157 1441 1219 locu·

324 1269 458 1327 tuaest.
482 1259 637 1325 Sermone
664 1275 804 1340 namque
825 1255 880 1322 tv.
907 1277 938 1322 u.
961 1255 1002 1324 lb
1021 1257 1058 1322 io
1085 1255 1252 1322 Psalmasm
1277 1255 1354 1324 118.
1380 1258 1445 1320 ait:

327 1361 525 1442 «Origenes,
547 1360 604 1440 qui
626 1359 804 1424 multorum
825 1361 1104 1440 interpretationes
1125 1359 1268 1440 diligenti
1290 1359 1444 1442 discnssit

325 1465 515 1544 indagine.»
538 1461 580 1526 lit
600 1463 633 1525 io
653 1460 798 1541 Epistola
817 1459 868 1528 to.
889 1461 1055 1528 Secundae
1076 1460 1195 1528 Classis
1209 1462 1322 1526 addita
1343 1483 1361 1522 ιι
1379 1459 1444 1524 Ειιί

322 1568 434 1639 sciam,
459 1563 547 1644 quod
568 1565 648 1629 nibil
668 1563 827 1628 difficilius
847 1565 909 1638 sit,
931 1583 1029 1646 quam
1051 1566 1090 1628 de
1119 1565 1266 1646 Apostoli
1298 1566 1443 1630 lectione

324 1666 482 1728 disserere
493 1683 504 1743 ς
521 1681 596 1728 cum
616 1664 684 1746 ipse
703 1663 859 1744 Origenes
879 1664 974 1744 louge
995 1666 1100 1729 minor
1120 1668 1163 1730 sit
1178 1666 1328 1742 innovo,
1346 1682 1445 1747 quam

324 1769 356 1830 iu
379 1767 480 1832 veteri
501 1765 731 1847 Testameut03
751 1774 856 1830 umen
875 1773 970 1830 etc.»
992 1767 1100 1832 Sicubi
1122 1767 1226 1846 igitur
1248 1784 1275 1830 a.
1304 1767 1446 1832 Ambro-

323 1870 390 1932 sins
412 1867 577 1932 manifeste
598 1868 696 1946 dicit,
717 1887 752 1934 aa
772 1869 805 1932 in
827 1867 944 1934 veteris
964 1875 998 1932 et
1018 1869 1092 1932 novi
1116 1868 1270 1936 Foederis
1294 1867 1444 1948 Scriptu-

324 1973 369 2036 ris
389 1974 636 2036 commentarios
655 1971 804 2052 Origouis
825 1971 1036 2052 percurrisse,
1059 1989 1180 2062 eosque
1200 1989 1270 2036 esse
1290 1988 1445 2052 perscru-

325 2080 453 2150 tatum,
474 2091 617 2154 suosque
638 2072 750 2138 iecisse
777 2072 817 2136 ad
839 2073 982 2137 bdelium
1003 2072 1256 2139 aedificationem
1284 2073 1442 2150 (studium

323 2193 464 2256 namque
483 2175 651 2256 peculiare
670 2173 818 2255 Origenis
847 2175 1048 2255 potissimam
1075 2175 1175 2238 enitet
1198 2174 1231 2240 iu
1256 2171 1441 2238 Bibliornro

324 2294 495 2341 sacrorum
516 2276 769 2356 investigatione)
790 2278 935 2359 nihilque
956 2277 1045 2340 addit
1065 2275 1105 2340 da
1125 2277 1294 2354 erroribus
1315 2264 1356 2342 et¹
1376 2272 1443 2355 qui·

327 2376 400 2440 dem
421 2376 694 2456 perniciosissimis
715 2396 766 2442 ex.
790 2396 819 2458 g.
843 2379 882 2442 de
902 2375 985 2454 Deo,
1008 2376 1048 2441 de
1070 2375 1235 2441 Trinitatis
1265 2376 1442 2461 mysterio,

328 2477 368 2542 de
389 2476 455 2540 vita
475 2475 609 2555 lutura,
630 2478 670 2543 da
690 2479 830 2559 angelis,
852 2478 892 2542 de
912 2478 1017 2542 anima
1039 2484 1101 2543 etc.
1124 2478 1246 2558 quibus
1266 2477 1372 2542 velint
1392 2473 1442 2538 ad·

326 2576 461 2640 versarii
482 2576 624 2658 inspersa
644 2577 744 2642 tuisse
767 2578 947 2643 adamantii
970 2579 1090 2659 scripta
1115 2579 1213 2659 (quae
1235 2588 1347 2645 errata
1370 2594 1443 2644 sanc

327 2695 391 2742 uon
410 2677 578 2742 latuissent
596 2699 624 2742 s.
644 2677 830 2754 Ductorem)
846 2681 1013 2761 perspicue
1030 2679 1203 2756 indicatur,
1219 2681 1372 2744 eumdem
1387 2678 1442 2742 ali·

328 2783 379 2840 ter
400 2777 431 2840 iu
455 2778 503 2842 bis
523 2778 614 2842 libris
635 2782 915 2861 comprehendisse
937 2780 1088 2846 Auctoris
1109 2788 1261 2858 mentem,
1277 2800 1379 2864 quam
1392 2797 1443 2844 su·

298 2897 300 2902 ’
327 2880 439 2962 spicati
460 2887 537 2946 snut
556 2880 669 2946 deiude
690 2881 907 2968 Hieronymus
928 2884 1094 2965 ceterique
1114 2885 1321 2950 recentiores.

406 2979 530 3046 Deinde
550 3001 613 3047 nou
634 2991 683 3048 est
703 2985 757 3048 htc
779 2985 1064 3066 praetereundum,
1089 3005 1115 3050 s.
1139 2984 1349 3050 ambrosium
1371 2981 1442 3047 Ori·

329 3083 409 3160 geni,
426 3083 652 3162 exprobrasse,
674 3083 763 3164 quod
785 3086 918 3149 nimium
939 3103 1074 3165 graecae
1094 3085 1317 3166 philosophiae
1339 3082 1442 3148 indul·

328 3186 429 3264 aerit3
451 3185 498 3248 uti
518 3183 641 3264 legitur
661 3185 693 3247 iu
718 3184 816 3252 Libro
844 3184 887 3250 ll.
916 3187 956 3251 de
977 3185 1141 3252 Abraham
1163 3205 1192 3250 c.
1219 3183 1310 3251 Vlll.
1332 3205 1363 3250 u.
1392 3179 1439 3250 5d.

328 3284 489 3352 Genescos
511 3285 609 3349 verba
629 3285 881 3368 interpretatura
905 3284 1016 3352 divisit
1043 3287 1204 3354 Abrohom
1231 3307 1389 3369 corporo,
1413 3291 1440 3348 et

331 3386 471 3452 consedit
492 3385 562 3451 illis
575 3396 631 3451 ete.
643 3386 691 3453 lbi
705 3406 737 3478 a„
746 3387 966 3454 Patriarcbam
979 3391 1020 3454 sb
1030 3391 1230 3472 aruspicinae
1243 3389 1442 3471 superstitio·

329 3491 423 3554 uibus
445 3488 617 3554 defendere
638 3496 784 3567 conatus,
806 3490 891 3555 inter
910 3491 973 3554 alia
996 3492 1076 3556 baec
1089 3492 1202 3556 scribit
1218 3508 1229 3551 ε
1245 3513 1262 3553 ι
1279 3491 1373 3556 Plato
1386 3505 1441 3552 au·

328 3596 393 3656 tem
414 3589 527 3655 dulces
547 3589 704 3672 quosdam
723 3592 846 3656 sonitus
862 3592 1007 3657 siderum
1023 3592 1186 3658 mutuavit
1197 3593 1357 3674 sphaerae
1371 3605 1438 3656 coe·

328 3689 419 3755 lestis
441 3691 588 3771 generari
608 3694 831 3767 conversioni,
855 3692 972 3758 tamam
992 3693 1102 3776 magis¹
1115 3701 1148 3758 et
1168 3713 1318 3776 pompam
1343 3706 1439 3776 quam

329 3793 500 3856 veritatem
521 3798 662 3857 secutus.
678 3791 760 3858 Nam
775 3794 852 3856 licet
866 3789 1021 3876 Origenes
1035 3813 1169 3876 quoque
1182 3804 1303 3871 noster,
1320 3797 1382 3861 boc
1394 3793 1438 3855 est

331 3890 385 3953 vir
403 3889 620 3956 ecclesiastico
640 3892 745 3960 officio
760 3893 907 3970 deditus,
926 3894 1130 3974 planetarum
1144 3897 1315 3960 stellarum
1330 3908 1438 3978 quaro·

331 3989 406 4054 dam
427 3991 672 4060 inenarrabilem
696 4000 817 4058 motum
840 3993 1038 4060 harmoniam
1060 3997 1328 4066 essesuavissimi
1356 3993 1438 4057 illius

330 4092 401 4156 soui
422 4091 569 4160 coelestis
589 4101 735 4178 asserat;
757 4102 863 4158 tameo
883 4094 979 4160 ctiam
999 4095 1105 4176 ipsum
1128 4096 1306 4178 plurimum
1335 4089 1435 4161 indul·

331 4207 408 4272 gero
429 4193 696 4292 philosophorum
718 4193 894 4276 traditioni,
916 4195 1073 4282 pleraque
1093 4195 1164 4280 ejus
1183 4199 1304 4288 scripta
1326 4197 1436 4263 testan-
