3066 4950
190 461 416 532 londoniense
440 467 547 550 quoad
576 471 714 552 prinam
735 470 911 552 ‘pericopes
935 479 1073 553 perisso,
1097 475 1129 536 ‘si
1154 477 1219 540 nnc

115 575 317 644 revocentur,
339 586 424 649 quse
444 570 645 638 lastinianus
666 575 745 638 dicii
767 577 799 636 iu
819 573 958 639 Nosclls
979 568 1030 640 in.
1057 579 1142 640 circs
1164 595 1222 640 an·

116 685 187 730 non
209 667 278 734 &id
305 668 462 735 advenas
488 671 692 749 domimum,
715 680 907 755 scissosque
932 675 1118 754 acephalon,
1144 695 1219 740 sou·

113 769 210 832 incise
228 773 285 834 isia
308 771 535 852 dignosceuiur
558 772 699 838 Liberali
722 775 966 839 asertionibus.
993 773 1221 855 impensiore·

112 871 172 936 uisu
192 876 232 937 ab
252 875 342 937 inille
364 875 454 950 dicii,
485 875 674 941 dnlhimum
702 875 865 958 dejectum
886 893 994 940 esscn
1020 877 1103 942 Sada
1125 875 1221 944 Urbis

111 977 214 1056 regim
236 977 279 1039 ab
301 976 447 1058 ngepeso
471 975 580 1057 Papa:
601 1001 618 1040 ι
642 997 682 1042 co
703 979 804 1059 quod,
833 978 926 1042 nullo
948 981 1045 1040 modo
1063 980 1124 1043 sibi
1145 991 1221 1044 con·

111 1080 257 1154 venienti,
286 1087 398 1143 conire
420 1096 530 1143 omnes
551 1097 662 1144 sacros
681 1079 827 1145 canones
846 1098 881 1144 se
902 1081 1071 1145 intruserit
1090 1080 1175 1145 Sedl.
1201 1101 1218 1140 ι

110 1177 200 1260 Quod
222 1189 460 1262 consequenisr
483 1179 632 1266 Synodus
652 1183 717 1244 sub
738 1179 854 1246 Mennn
876 1183 909 1245 in
932 1182 1067 1246 dciione
1092 1180 1149 1247 ΙΙΙ.
1173 1185 1221 1247 lo·

106 1291 227 1347 sinuosi
250 1281 371 1357 dicens,
389 1285 442 1374 six¹
460 1283 643 1364 Agapelunn
665 1281 785 1348 Urbem
807 1285 927 1364 regiam
950 1284 1141 1362 inpressum,
1155 1292 1220 1350 sin·

110 1386 162 1447 lim
182 1385 347 1464 expulisse
364 1385 584 1448 dulhimuma
603 1384 685 1450 Sede
706 1387 929 1466 pnlninnclsali,
946 1387 1017 1450 dala
1043 1391 1133 1450 senis
1156 1390 1217 1463 nis,

108 1489 160 1567 qui
183 1486 255 1551 ielis
279 1487 326 1550 sci
348 1488 532 1567 parlioipes,
549 1495 605 1552 aui
627 1491 920 1572 ιιιιιιιιιιιιιιιιιοιιιιΙ
942 1489 1069 1554 lucrant
1083 1491 1128 1568 lin
1148 1491 1220 1570 qui·

107 1587 164 1652 bus
184 1587 386 1652 lastinianus
408 1597 440 1652 ei
463 1585 667 1667 Theodora).

182 1687 304 1754 Deinde
326 1689 510 1770 impensior
530 1692 570 1753 de
585 1689 730 1772 ejusdem
755 1691 897 1755 dnllnimi
919 1691 1116 1772 depositione
1138 1710 1218 1773 pno-

104 1791 137 1853 ln
158 1800 228 1872 posi
249 1791 377 1856 subdii:
396 1815 412 1852 s
429 1792 471 1855 Αι
493 1793 623 1873 quidem
645 1811 703 1856 neo
725 1795 862 1855 isiacum
880 1793 1220 1870 (Painnm'clsslcsdo-

106 1893 271 1972 nausiam)
296 1893 444 1974 dopmnis
467 1897 572 1975 sequi,
587 1912 645 1957 nec
667 1903 809 1958 noslnnsn
831 1895 1033 1958 clementiam
1048 1905 1081 1962 ei
1101 1898 1219 1960 conde·

107 2015 265 2071 sconsum,
294 2015 390 2078 qucnn
413 2003 547 2078 propiet
571 1998 672 2077 ipsius
695 1997 833 2061 salcisno
861 1997 1030 2072 hebemus,
1052 2001 1217 2079 suscipere

106 2099 205 2164 soleii
210 2145 313 2162 .....
329 2097 412 2163 Nom
437 2099 536 2162 semol
559 2099 719 2162 clienusn
739 2100 935 2162 sanctissime
960 2097 1103 2164 Ecclesia
1126 2101 1219 2164 inlel-

101 2201 237 2265 lcclilsns
268 2203 480 2281 mancipatos,
507 2209 538 2260 ei
563 2219 579 2260 n
604 2201 699 2263 sociis
728 2201 932 2279 dopmsiilsos
959 2203 1131 2274 alienains,
1153 2221 1219 2266 nne·

102 2303 163 2364 siin
185 2299 224 2364 nd
256 2304 400 2382 ipsorum
426 2301 651 2363 ceciliudinem
675 2303 795 2362 severii
827 2319 890 2366 non
912 2303 1037 2367 saluii:
1053 2297 1153 2366 'eliam
1177 2301 1217 2364 sd

104 2403 181 2466 naec
202 2403 356 2468 incilaias
378 2419 393 2462 a
417 2401 506 2466 nobis
529 2408 557 2463 ei
584 2401 744 2475 discolos,
767 2405 823 2482 qul
845 2403 931 2467 nnnni
959 2404 1067 2468 sindlo
1089 2405 1139 2467 nsi
1160 2421 1215 2466 sn·

103 2521 172 2567 mus
194 2503 232 2566 ad
258 2505 358 2585 ipsius
380 2505 528 2566 salutern.
558 2521 574 2558 n
601 2500 770 2584 Ejusmodi
793 2502 964 2568 luscinisni
984 2504 1131 2569 sensibus
1152 2521 1217 2568 uun

101 2623 174 2670 curn
198 2605 288 2670 dolis
303 2601 421 2688 Synodi
446 2605 815 2684 consinnlinopnliianee
837 2603 898 2668 soll
919 2599 1034 2668 lde'nne
1057 2606 1218 2669 ndunsiss

102 2712 207 2772 sienim
224 2718 296 2789 posi
314 2707 448 2786 dgnpoli
470 2707 608 2783 nbilam,
628 2707 771 2772 studiose
785 2705 1030 2782 animadversis,
1046 2709 1111 2772 'cisi
1126 2707 1218 2771 Prin·

99 2811 206 2889 cipum
227 2811 442 2872 admittantur
463 2809 630 2887 peliiiones
652 2827 711 2890 pro
734 2808 900 2886 duillius,
923 2797 1090 2872 sidcsciur
1110 2805 1213 2874 Junii-

100 2916 212 2976 nianus
229 2911 410 2992 Agapelum
433 2925 563 2985 nopessc
585 2927 648 2974 non
669 2917 704 2974 ιιι
722 2911 894 2974 dnilnlmus
916 2912 947 2972 in
969 2910 1051 2977 Sede
1073 2915 1218 2972 monensi

100 3012 324 3094 pannias-cheli,
341 3013 371 3072 ln
394 3027 456 3091 qua
487 3008 620 3075 Menuas
642 3011 822 3075 coilocnlus
848 3011 977 3089 luston
1007 3009 1062 3073 sed
1095 3013 1214 3090 polius,

101 3123 232 3196 accepia
256 3114 387 3192 abipso
410 3113 563 3176 Antinimo
586 3111 716 3198 Synodo
741 3111 998 3189 chalcedonensi,
1021 3111 1122 3191 princi
1143 3111 1217 3175 Sodi

104 3216 348 3296 lrapczuniinne
380 3215 619 3278 resliiuersius.
649 3213 697 3277 nd
719 3233 817 3295 quam
851 3215 1082 3294 professionem
1109 3231 1127 3274 ιι
1156 3211 1216 3296 Sp·

100 3317 185 3382 nodo
207 3326 239 3380 ei
255 3335 271 3378 a
288 3315 470 3380 Jusiiniano
493 3333 590 3396 scope
610 3313 777 3387 invinius,
799 3315 954 3379 accedere
975 3313 1100 3387 nolens,
1116 3315 1156 3377 ab
1178 3333 1216 3378 on

99 3417 181 3483 Sede
203 3423 330 3480 annolus
353 3425 414 3492 esi,
439 3415 609 3480 damnatus
626 3424 656 3479 ei
677 3417 824 3495 aqualis
846 3417 1028 3498 prehibiius
1049 3418 1215 3496 dignilsle.

100 3517 206 3595 Ques,
229 3537 303 3582 cum
326 3529 398 3597 posi
421 3518 555 3599 Agapeii
579 3517 679 3580 laium
702 3518 906 3599 contigerim,
930 3515 1099 3582 Lino-nnius
1122 3535 1215 3599 prae·

100 3622 198 3696 onisii,
215 3620 317 3682 cidem
336 3619 481 3683 l’onlilici
504 3620 691 3698 inscrihons;
708 3638 746 3682 ac
760 3619 802 3682 iia
825 3619 930 3682 omnia
945 3620 1091 3684 coniudii
1108 3626 1140 3683 ci
1155 3639 1216 3700 pne

99 3740 191 3784 nnorc
213 3739 274 3785 sno
302 3721 532 3800 inicrprcleius
553 3731 598 3782 esi
621 3719 717 3782 aliien
746 3737 844 3800 quam
867 3719 1070 3782 tradideruni
1103 3719 1213 3788 illicias

100 3831 220 3886 lesnes:
238 3830 274 3886 ui
295 3822 368 3887 hinc
393 3819 491 3900 nangis
512 3837 550 3882 ac
579 3823 677 3898 magis
702 3827 823 3884 consiei
846 3820 935 3884 nulla
958 3821 1020 3883 lide
1044 3819 1136 3900 digna
1160 3823 1216 3882 nn·

99 3923 183 4002 bcri,
208 3941 292 4004 quac
313 3928 549 4003 consequonier
570 3921 608 3983 da
631 3920 749 4000 vigilio
772 3921 857 4002 Pnpe
880 3931 1113 3984 cenomanicis·
1135 3931 1192 3982 osi.

182 4023 310 4099 Posses,
334 4025 381 4085 his
403 4023 591 4087 cumuleius
613 4021 816 4085 adminiculis
837 4021 993 4084 advorsus
1010 4021 1149 4083 liberali
1169 4023 1217 4082 di·

98 4133 164 4196 cia,
199 4133 297 4205 alque
328 4124 400 4186 hiae
429 4124 460 4186 iu
490 4121 582 4185 noma
613 4133 758 4202 persicus
787 4123 980 4202 suspicione,
1004 4125 1109 4198 ipsum
1144 4124 1216 4184 ideo

97 4225 137 4287 ad
165 4222 374 4287 Ponliilcnins
408 4222 545 4286 Romani
568 4231 600 4285 ci
622 4224 762 4285 maxime
785 4221 892 4301 vigilii
924 4224 1095 4303 probrum,
1118 4241 1214 4286 ιιιιιιιι
