3028 4942
92 411 169 471 ruer,
183 392 251 458 dieo
265 411 337 474 ego,
352 395 377 458 si
392 393 481 457 orbis
501 392 696 458 christianus
710 393 859 476 quamvis
874 393 1063 473 simpiteirer
1076 391 1185 473 legens

89 495 222 575 origenis
235 495 350 568 libros,
374 505 450 558 tuuc
471 513 528 558 nee
543 497 703 560 exarserit
722 498 753 558 iu
768 497 888 577 ipsum,
909 513 968 559 neo
988 495 1110 558 notarit
1125 511 1185 556 nec

89 597 252 660 confutarit
272 605 338 660 tarn
359 615 458 684 prora
480 597 656 678 logmata,
682 598 974 663 manifestissimum
996 604 1056 672 est,
1079 597 1184 677 ipsum

90 698 284 760 christianum
301 699 413 760 orhem
428 717 486 762 nee
501 699 647 762 incidisse
665 699 820 764 nortales
839 698 955 780 legisse
977 699 1008 761 iu
1028 698 1120 760 libris
1133 714 1187 776 ge·

89 798 181 860 cuiuis
201 797 367 873 Auctoris,
390 798 429 862 de
444 799 595 880 quihnaa
611 797 838 881 Theophiloet
858 800 900 864 ab
920 797 1119 884 Hieronymo
1139 797 1186 858 iu·

90 899 262 975 simulatur,
289 918 430 964 errores.

159 999 335 1081 Propterea
356 1004 421 1066 huc
440 1007 613 1081 revocatis,
627 1004 658 1068 iu
673 1004 792 1086 quihus
812 1001 1025 1078 desudarent,
1046 1000 1186 1079 scriptis,

93 1099 246 1180 Theophili
256 1103 455 1190 §ynodlcn
475 1113 509 1170 et
538 1105 664 1172 duabus
687 1105 894 1170 Paschalihua
915 1101 1087 1184 Heluetia,
1109 1103 1186 1164 item

94 1223 114 1266 s.
128 1203 291 1286 Epiphanii
315 1205 446 1272 Litteris
459 1208 500 1269 ad
515 1207 671 1272 loannem
688 1205 1033 1292 Hierosolymitauum,
1050 1211 1082 1268 ct
1102 1221 1187 1282 quae
1290 1282 1297 1296 ι

95 1311 202 1384 senosit
223 1309 264 1372 de
287 1306 424 1372 Haeresi
444 1303 494 1376 hl.
526 1309 677 1374 similiter
698 1308 890 1396 Hieronymi
911 1305 1009 1371 Lihro
1030 1305 1186 1368 adversus

99 1409 262 1486 praelatam
286 1407 447 1474 loannem
468 1429 506 1476 ac
527 1411 632 1476 trihus
653 1409 757 1474 Libris
776 1410 933 1472 adversus
954 1405 1134 1480 Bullinum,
1154 1411 1189 1466 et

99 1503 227 1586 Epistolis
248 1510 290 1572 ad
309 1509 550 1575 Pammachium
571 1521 605 1574 et
618 1509 785 1576 Oceanum
800 1527 838 1572 ac
851 1509 957 1572 aerius
977 1505 1017 1571 ad
1033 1506 1185 1570 Avitnmr

101 1607 230 1688 ioguatis
251 1615 454 1676 sanctitatem
474 1631 513 1676 ac
534 1615 707 1694 puritatem
729 1613 760 1674 in
776 1611 899 1674 enectis
920 1610 1022 1672 miror
1043 1613 1076 1670 et
1096 1623 1188 1670 reee-

99 1705 132 1770 lo.
156 1707 265 1774 chnm
297 1729 414 1776 eorum
433 1712 590 1776 adversus
611 1714 771 1776 haeresim
793 1709 947 1774 alacriter
976 1705 1188 1788 pugnantium

99 1808 200 1891 tauto3
215 1813 380 1894 cujusque
395 1816 520 1893 generis
534 1832 663 1878 errores
678 1813 718 1876 ah
732 1811 808 1893 ipsis
828 1809 1012 1874 confutatos
1027 1815 1059 1871 et
1073 1807 1113 1870 ah
1129 1805 1191 1870 Ho-

97 1910 175 1974 clesia
194 1913 387 1991 damnatos,
409 1916 597 1981 condemno.
628 1913 689 1980 Ubi
713 1932 790 1978 vero
821 1929 896 1976 curn
919 1917 1007 1978 tanto
1027 1908 1136 1974 studio
1157 1907 1188 1970 iu

97 2009 135 2074 hir
151 2017 274 2094 seriptis
299 2024 456 2094 putarunt
470 2017 641 2098 Origenern
659 2015 868 2087 catholicum,
891 2011 986 2094 cujus
1006 2018 1115 2092 perles
1135 2027 1191 2072 su·

97 2115 180 2192 oceri,
194 2113 386 2181 insimulare
401 2125 574 2193 errantem,
589 2119 787 2182 haereticum
810 2115 995 2188 inclamare,
1012 2119 1045 2176 et
1058 2111 1189 2177 anathe-

98 2215 235 2278 matizare
249 2217 295 2280 ob
315 2227 541 2298 praesumptos
555 2235 697 2293 errores,
720 2219 857 2296 ingenue
879 2213 1005 2278 latehor
1018 2214 1102 2293 ipsos
1123 2210 1192 2275 iru-

97 2320 151 2376 strr
164 2314 349 2383 laborantes
369 2335 477 2382 aerem
500 2319 695 2382 verberasse.
719 2317 839 2382 Eadem
860 2319 942 2380 euim
959 2314 1124 2395 protessus
1144 2321 1194 2378 est

98 2411 251 2496 Origenes,
266 2436 354 2500 quaa
369 2421 427 2499 ipsi
443 2419 690 2500 profitebantur,
705 2421 762 2500 qui
783 2421 854 2500 pari
876 2417 949 2480 zelo
968 2423 1001 2479 et
1020 2416 1127 2480 studio
1148 2415 1192 2478 iu·

97 2519 216 2581 emanti
248 2537 355 2599 nsque
376 2520 415 2583 ad
438 2531 574 2586 mortem
604 2521 643 2584 etl
666 2519 723 2584 liei
746 2519 910 2584 Ecclesiae
940 2515 1193 2580 aedificationem

99 2614 252 2684 incubuit:
278 2621 360 2684 adeo
382 2631 420 2685 ut
439 2622 479 2686 de
499 2642 538 2686 eo
561 2624 626 2701 ipae
648 2619 867 2705 Hieronymus
886 2620 947 2682 rite
971 2635 989 2680 a
1011 2615 1098 2704 lideli
1119 2633 1195 2679 eru·

99 2724 153 2780 tam
172 2722 349 2802 etantiqua
365 2720 500 2786 Petrum
519 2723 700 2798 traditione,
715 2721 890 2800 gloriosam
909 2717 1083 2799 aliquando
1099 2716 1196 2779 telem

100 2821 311 2892 pronunciarit
336 2825 545 2898 seutentiam,
576 2820 682 2884 Virum
710 2820 916 2902 apostolicum
946 2828 974 2880 et
1003 2815 1196 2898 Moyirtrum

99 2917 286 2986 coloniorum
309 2942 424 2988 vocans
445 2923 630 3004 Origenem.
