3048 4946
311 349 554 522 EoEtrecensita
571 457 718 538 praefata
734 453 879 538 Epistola
899 454 936 522 iu
954 451 1192 522 chalcedonensi
1210 461 1322 518 saneto
1345 447 1421 515 ims-

309 552 398 631 cilio,
419 575 484 620 non
506 566 611 621 tamen
630 558 726 622 aliter
742 558 905 639 praevidit
932 551 1054 641 suscipi
1071 576 1142 622 mem
1161 555 1277 636 libam)
1294 564 1424 636 propter

309 654 503 736 suspiciones
522 656 674 721 iraeadem
698 654 844 742 Epistola
862 657 1016 735 insertas,
1034 656 1102 722 uisi
1114 665 1144 720 ct
1161 656 1227 736 ipsc
1243 653 1424 720 Nestorium

311 765 340 818 et
360 755 468 822 omnia
489 761 560 840 ey'us
591 761 714 824 decreta
733 760 1039 826 anathematizasset.
1065 758 1166 826 Notat
1183 756 1359 842 Hypatius,
1381 757 1425 818 ita

309 861 498 939 susciptum
519 879 588 924 esse
610 861 807 925 catholicum
831 861 934 939 ibam,
960 865 1073 926 exacta
1105 859 1178 923 bdei
1198 857 1424 922 confessione:

310 961 461 1038 quamvis
490 961 689 1040 suspiciones
708 961 885 1026 nonnullae
907 961 948 1026 de
968 977 1009 1026 eo
1036 960 1267 1025 suborirentur
1286 963 1426 1038 propter

309 1062 455 1126 eamdem
480 1061 670 1144 Epistulam,
697 1065 802 1143 ipsum
823 1081 937 1144 nempe
958 1081 1028 1129 asse
1059 1061 1204 1145 meadum
1225 1067 1423 1123 auctoretas

310 1180 372 1226 non
398 1181 487 1240 seru,
505 1173 543 1229 ut
558 1167 684 1245 putavit
705 1164 918 1240 sirmundius,
934 1183 971 1229 ea
994 1165 1093 1228 verba
1109 1160 1241 1244 Hypatii
1263 1163 1427 1238 interpra-

309 1270 395 1325 tatus
410 1262 449 1325 du
463 1263 698 1344 suspicionibus
715 1283 755 1327 ex
778 1267 845 1344 ipsa
862 1263 1010 1346 Epistola
1033 1266 1149 1338 erutis,
1164 1262 1331 1343 qnasinou
1347 1275 1428 1340 per·

307 1361 419 1442 spicue
439 1369 613 1441 constaret,
636 1363 823 1449 huiusmodi
843 1363 884 1426 ad
906 1363 1024 1428 blesim
1050 1362 1228 1443 Epistulam
1249 1357 1427 1424 haereticis

308 1474 435 1530 scatere
454 1465 599 1528 sensibus
621 1483 660 1528 ac
681 1483 816 1546 prorsus
838 1464 1063 1546 reprobandis.
1081 1463 1152 1528 lloc
1172 1481 1235 1528 uon
1254 1461 1330 1526 dicit
1353 1457 1428 1544 ny-

306 1566 432 1647 patiuse
453 1565 508 1630 sed
530 1566 612 1631 illud
635 1567 754 1640 soluit,
779 1564 892 1630 Patres
915 1566 1199 1642 chalcedonenses,
1220 1581 1293 1628 cum
1311 1562 1427 1642 suspi-

308 1667 416 1732 ciones
440 1667 603 1748 quaedam
635 1685 713 1732 suos
737 1667 1100 1749 animosinyessisseot,
1130 1668 1234 1748 ipsum
1261 1661 1354 1726 ibam
1374 1679 1429 1726 es·
1484 1661 1488 1672 '

306 1787 342 1833 so
361 1777 529 1834 auctorem
563 1768 743 1851 Epistulae,
775 1769 861 1850 apud
884 1771 1034 1834 eumdem
1060 1769 1222 1843 institisse,
1244 1775 1280 1831 ut
1298 1763 1427 1829 Nesto-

308 1870 394 1934 rium
414 1869 556 1952 ojusque
574 1870 728 1951 dogmata
750 1870 881 1950 (quibos
904 1873 1045 1951 insperso
1067 1887 1104 1932 ea
1120 1867 1262 1948 Epistola
1284 1863 1429 1928 manile·

306 1979 355 2035 ste
374 1972 514 2049 claruit)
536 1972 833 2036 anathematizaret.
856 1969 984 2047 Quibus
1004 1967 1289 2043 anathematizatis,
1303 1983 1427 2029 susce-

307 2077 383 2152 ptus
408 2079 455 2135 est
486 2073 517 2136 in
540 2077 651 2137 sancto
672 2070 830 2138 Concilio.
858 2070 1001 2154 ideoque
1027 2072 1148 2152 optimo
1170 2065 1345 2134 suessionis
1373 2083 1428 2129 re-

305 2172 434 2254 spoudit
447 2171 619 2257 Hypatius,
642 2179 780 2238 mentem
798 2171 930 2238 Petrum
952 2171 1254 2238 chalcedonensium
1276 2167 1427 2248 genuine

306 2273 552 2355 interpretatus.
576 2273 786 2356 elisatiam,
818 2293 893 2340 cum
917 2273 1006 2338 lbom
1027 2273 1237 2355 approbarint
1259 2268 1428 2334 orthodo-

304 2393 399 2451 xum,
416 2393 621 2457 nequaquam
637 2393 701 2441 una
723 2393 797 2442 cnm
813 2393 949 2457 persona
979 2373 1068 2440 illins
1092 2373 1304 2437 orthodoxam
1325 2387 1427 2434 men·

305 2475 487 2556 probarunt
509 2476 688 2558 Epistulam
703 2475 806 2542 eidem
822 2477 1021 2558 inscriptam,
1037 2483 1075 2541 ut
1095 2474 1217 2540 trustra
1230 2472 1428 2537 institerunt

306 2578 405 2642 trium
426 2576 654 2659 capitulorum
675 2579 871 2646 defensores.

300 2717 307 2724 -
384 2679 570 2757 Praeterea,
592 2682 649 2762 qui
671 2682 770 2764 hujus
792 2680 986 2747 Collatiunis
1007 2679 1152 2744 ordinem
1174 2683 1292 2741 attente
1310 2675 1427 2738 causi·

303 2779 408 2858 deret,
423 2787 456 2846 ot
476 2781 667 2861 praesertim
682 2783 927 2848 severianorum
948 2780 1166 2863 oppositiones
1180 2778 1335 2840 adsersus
1360 2775 1428 2840 Ca-

306 2881 456 2960 tholicos,
479 2882 533 2945 nbi
563 2883 603 2946 de
625 2884 686 2948 hac
708 2881 786 2948 ibae
817 2881 962 2964 Epistula
994 2880 1171 2967 Hypatium
1202 2879 1425 2956 interrogant,

304 2983 431 3063 ponitus
462 2985 594 3051 excludi
615 2984 909 3068 comprehenderit,
929 2981 1097 3069 synodum
1129 2977 1426 3048 chalcedonensem

305 3084 387 3147 banc
420 3083 595 3164 Epistulam
618 3088 771 3166 probasse
804 3087 1010 3151 catholicam.
1039 3084 1122 3149 Eum
1144 3083 1228 3147 cuim
1255 3079 1426 3144 severiani

304 3190 419 3264 petunt
441 3185 627 3267 huiusmodi
648 3188 921 3268 interrogatione:
944 3195 974 3250 et
991 3203 1065 3266 erpo
1084 3182 1160 3260 itta,
1181 3199 1263 3263 quae
1280 3179 1323 3244 ad
1345 3177 1426 3244 hia-

301 3283 365 3348 rim
387 3285 516 3350 Persam
537 3285 680 3368 Epistola
699 3289 768 3369 ejus
788 3286 862 3354 ibae
881 3286 1002 3370 scripta
1020 3295 1080 3364 est,
1099 3293 1180 3349 recte
1208 3281 1373 3356 cantiam
1394 3289 1425 3346 es

303 3389 529 3468 preceps-olata
549 3387 644 3455 abeis
664 3388 757 3470 (idest
775 3389 879 3472 ipsius
899 3389 972 3456 teas
993 3385 1242 3465 accusatoribus)
1256 3394 1285 3448 et
1303 3384 1427 3448 relecta

299 3486 388 3552 nobis
406 3500 465 3566 est,
477 3500 507 3555 et
519 3490 650 3558 inuenta
670 3501 714 3556 eet
727 3491 947 3557 narrationem
966 3490 1081 3556 bahem
1094 3499 1240 3554 actorum
1255 3485 1338 3550 inter
1351 3485 1427 3548 hea-

301 3599 367 3655 tum
386 3589 542 3670 Cprittum
556 3595 771 3675 etncsondum
786 3592 963 3659 Nestorium
982 3603 1038 3657 etc.
1061 3594 1137 3658 satis
1153 3590 1309 3666 indicant,
1330 3586 1423 3650 hauc

302 3691 434 3771 onmem
453 3690 633 3774 Epistulam
656 3696 697 3759 ab
712 3697 883 3761 haereticis
906 3693 980 3759 ibae
1001 3696 1201 3773 inscriptam,
1217 3689 1423 3772 propositam

302 3791 401 3858 tuisse
415 3813 525 3860 coeam
542 3796 1029 3862 Patribuschalcedonensibus:
1046 3809 1251 3874 nequaquam
1268 3805 1346 3852 sero
1372 3787 1422 3850 di·

302 3902 392 3972 cunt,
408 3914 426 3959 a
442 3895 571 3981 Synodo
593 3901 675 3964 hauc
689 3898 901 3981 approbatam
918 3897 1017 3963 inisse
1038 3893 1269 3960 orthodoxam.
1283 3887 1317 3954 Si
1328 3888 1420 3952 enisu

298 3999 459 4061 severiani
480 4001 629 4066 absoluto
649 4001 816 4076 dixissent,
833 4007 923 4064 recta
945 4017 1015 4064 cam
1039 3994 1218 4076 Epistulam
1232 3991 1271 4054 ad
1293 3988 1419 4054 llarim

301 4093 433 4162 Persam
455 4102 631 4178 continere,
661 4109 736 4166 tunc
758 4100 948 4167 viderentur
974 4098 1032 4180 ipsi
1054 4099 1085 4160 io
1111 4095 1202 4162 Actis
1227 4089 1348 4176 synodi
1370 4090 1421 4154 ls-

300 4199 395 4280 bieac,
428 4219 541 4286 reapse
571 4205 653 4271 banc
682 4211 848 4287 acceptam
869 4210 902 4270 et
930 4201 1100 4283 probatam
1131 4196 1229 4266 luisse
1258 4193 1419 4262 orthodo-
