3042 4940
1135 393 1193 464 lbi

95 507 179 573 leatat
195 507 435 594 apocrppblam.
456 503 517 572 Uol
537 503 577 569 ad
598 523 650 568 au.
673 501 742 570 538.
756 501 811 566 alil
831 501 872 565 ad
894 520 947 567 an.
968 498 1040 572 titt.
1062 499 1194 564 circiter

97 609 306 672 amandarent.
329 605 487 670 Batonius
501 623 551 670 an.
566 603 637 672 538.
654 605 771 670 editam
792 607 939 685 potestte
952 611 985 668 et
998 603 1109 684 plures
1124 601 1195 682 qni·

92 709 156 772 dem
173 718 233 772 tans
248 707 437 772 intrinsecae
451 724 550 788 quam
565 709 766 769 extrinsecae
781 705 1041 768 circumstantiae
1054 702 1094 765 ad
1111 701 1194 766 hano

92 809 203 870 ducunt
218 808 430 890 hypothesim.
445 805 556 870 Victor
571 807 602 868 in
617 806 778 871 Chronico
791 805 921 871 scribit:
936 803 1082 869 «basilio
1093 801 1133 868 V.
1154 801 1191 868 C.

89 907 154 973 Coa.
170 907 315 988 agapeto
330 909 571 988 archiepiscopo
593 907 739 971 Romano
752 905 1025 988 Constantinopoli
1046 912 1191 982 mortuo,

92 1007 239 1072 Siircrius
260 1026 320 1089 pro
342 1027 381 1071 eo
402 1009 571 1090 episcopus
592 1008 772 1084 ordinatur.
791 1006 1013 1072 Alexandriae
1034 1023 1113 1068 sero
1143 1023 1196 1068 ee·

89 1108 208 1183 clasiae,
223 1107 405 1173 Theodosio
418 1119 517 1189 atque
532 1107 656 1189 Gaiano
671 1108 823 1184 exulatis,
840 1105 961 1170 Paulus
978 1103 1072 1169 Prior
1086 1105 1196 1182 (tras-

90 1213 162 1286 steri
183 1227 242 1288 pro
258 1213 304 1273 eia
320 1209 648 1285 zabinnensiotarum,
673 1208 819 1272 ilinscori
840 1206 994 1271 baeretici
1010 1205 1197 1288 praedocea-

87 1309 163 1372 soris
182 1310 233 1372 sni
263 1309 493 1390 depositionem
516 1309 698 1385 celebrans,
729 1309 906 1391 palaestino
931 1307 1078 1373 Concilio
1099 1307 1197 1388 depo·

87 1411 179 1487 nitur,
201 1418 233 1472 et
255 1427 315 1490 pro
344 1410 401 1473 illo
423 1408 532 1474 Zoilus
553 1411 723 1474 ordinatur
753 1411 932 1489 episcopus.
948 1425 964 1465 ι
981 1407 1024 1472 lit
1045 1409 1106 1471 boc
1126 1408 1196 1490 ipso

86 1525 162 1573 auno
181 1507 264 1574 Zoili
286 1510 507 1586 ordinationis,
536 1505 640 1591 inquit
662 1509 832 1574 Liberatus
852 1511 884 1573 lu
902 1508 1080 1573 Palaestina
1102 1524 1199 1573 exor-

86 1615 145 1670 tam
161 1610 199 1672 de
212 1608 353 1689 Origene
374 1619 405 1672 et
421 1610 460 1673 de
479 1611 658 1690 origenistis
673 1611 907 1689 quaestionem,
925 1606 1121 1687 eosdemque
1140 1606 1197 1669 da·

83 1719 200 1774 mustos
216 1713 248 1772 in
269 1711 414 1778 Concilio
428 1712 620 1774 antiocheno
642 1711 705 1774 sub
720 1710 905 1791 Ephraemo
920 1709 1128 1790 patriarcba3
1156 1725 1196 1772 ac

84 1809 151 1874 iude
174 1809 483 1893 Constantinopolim
512 1812 644 1874 allatam
673 1811 909 1874 domuitionem
938 1817 1014 1873 tnnc
1040 1813 1197 1874 sancitam

84 1911 176 1975 luisse
193 1932 254 1993 per
267 1913 416 1976 hionnam
439 1925 629 1992 ceterosque
643 1913 686 1976 ibi
708 1913 860 1994 degentes
880 1912 1060 1992 episcopos,
1081 1910 1198 1976 andra·

85 2021 173 2093 ganta
190 2013 388 2091 Iustiniana,
407 2013 543 2097 ejusque
558 2031 655 2093 opera
672 2011 850 2094 Epistulam
878 2012 1030 2076 dictatam
1045 2011 1202 2075 adsersus

82 2113 159 2178 banc
180 2115 351 2178 haeresim.
409 2143 414 2152 ·

157 2214 308 2296 Amplius
322 2232 402 2278 sero
417 2213 561 2299 Cprilius
582 2215 759 2278 monachus
779 2213 811 2277 iu
825 2211 899 2278 Vita
913 2232 938 2278 s.
954 2211 1078 2278 sabbae
1091 2229 1123 2276 ιι.
1143 2205 1196 2280 si.

80 2325 164 2380 notat
186 2317 354 2382 Gelasium
376 2317 499 2380 Sabbas
530 2317 754 2396 praelectores
774 2317 965 2381 successisse
986 2315 1017 2378 in
1038 2313 1197 2396 principio

83 2415 222 2480 decimae
244 2419 377 2498 quintae
399 2415 582 2480 indictionis
613 2419 716 2495 (circa
738 2435 789 2480 an.
810 2413 880 2482 537.
902 2413 959 2494 38)
976 2437 985 2479 ι
1003 2437 1020 2476 c
1035 2413 1100 2491 Qut
1122 2430 1199 2480 eum

82 2528 228 2583 cerneret
250 2519 466 2598 origenianam
487 2519 576 2580 luem
599 2536 657 2598 per
678 2518 798 2581 multos
814 2537 832 2581 e
847 2522 1006 2582 conventu
1027 2535 1088 2582 suo
1110 2535 1199 2600 gras·

82 2621 156 2696 sari,
174 2619 215 2684 de
236 2620 393 2684 sententia
407 2619 540 2684 ioannis
561 2618 701 2698 episcopi
723 2628 755 2682 et
768 2619 923 2695 solitarii,
939 2638 1022 2698 opus
1046 2618 1197 2704 (Episto-

79 2720 142 2783 lam
157 2721 253 2803 puto)
266 2723 365 2785 sancti
378 2719 569 2784 Bostrornm
585 2720 725 2798 episcopi
740 2719 901 2799 Antipatri
926 2726 1037 2784 contra
1048 2718 1197 2801 Origeuis

79 2819 227 2902 dogmata
252 2823 468 2903 conscriptum
492 2822 523 2882 in
540 2822 674 2884 ecclesia
701 2821 765 2901 logi
780 2823 919 2884 curarit.
934 2818 1026 2886 Unde
1045 2819 1200 2885 commoti

79 2932 138 2986 etc.
171 2921 257 2986 »Et
280 2923 320 2986 ad
349 2925 410 2986 boc
442 2921 525 2984 idem
557 2933 683 3003 tempus
711 2923 886 2987 adunatam
908 2921 1073 3005 Synodum
1099 2922 1202 2986 antio·

79 3025 214 3088 chenam
237 3037 350 3088 contra
372 3025 560 3106 origenistas
581 3025 783 3088 arbitrantur
803 3023 962 3110 lacialius
984 3025 1115 3106 aliique.
1137 3021 1200 3088 Fa·

79 3125 205 3192 enudus
223 3144 326 3207 porro
346 3126 386 3188 ad
408 3127 490 3190 benc
511 3127 656 3190 eamdem
679 3127 781 3189 relect
792 3134 934 3190 aetutem
956 3125 1124 3189 decretum
1139 3123 1199 3189 Iu·

75 3228 202 3290 stiniaui
226 3231 260 3290 in
282 3226 379 3292 Libro
402 3225 426 3289 l.
449 3245 477 3292 e.
501 3226 542 3290 ll.
565 3245 711 3291 asserens
732 3235 810 3291 tuno
831 3224 987 3307 quosdam
1007 3226 1147 3289 latenter
1166 3225 1200 3288 in

73 3325 221 3394 Ecclesia
245 3329 363 3409 gentile
385 3327 536 3410 Origenis
553 3329 668 3409 dogma
689 3329 805 3394 sectari
816 3347 828 3406 3
850 3333 882 3391 ot
902 3324 945 3391 ob
965 3328 1039 3404 buc,
1061 3327 1199 3390 instante

74 3428 290 3511 imperatoris
320 3431 489 3511 religione,
512 3432 637 3512 proiani
669 3419 825 3512 dogmatis
845 3431 994 3492 iteratam
1024 3426 1123 3492 luisse
1143 3426 1200 3491 da·

75 3533 288 3598 sanationem.
306 3530 398 3608 Quae
412 3531 605 3613 subscripta,
630 3539 667 3596 ui
687 3533 731 3596 ait
752 3530 935 3606 Liberatus,
951 3547 969 3594 a
983 3529 1098 3594 bienna
1119 3533 1152 3593 et
1165 3547 1198 3594 e·

73 3635 216 3718 piscopis
240 3637 272 3698 in
293 3631 381 3700 Urbe
395 3635 482 3715 regia
497 3636 577 3709 sitis,
597 3634 852 3716 ad‘patriarcbas
867 3631 992 3696 Zoilum
1018 3631 1201 3695 alexandri·

74 3753 167 3812 num,
193 3735 419 3817 Ephraemnm
450 3736 689 3811 antiochenum,
713 3733 845 3798 Petrum
877 3731 1199 3815 hierosolymitanum

73 3845 103 3896 et
126 3837 166 3897 ad
191 3834 352 3915 vigilium
376 3829 494 3914 Papam
516 3851 577 3915 pru
598 3833 834 3914 subscriptione
855 3833 1003 3897 mittitur.
1027 3829 1153 3910 Quibus
1167 3849 1199 3896 e·

72 3939 192 4010 sactis,
220 3937 438 4018 damnatoque
458 3935 611 4015 Origene,
627 3935 668 3995 ab
688 3936 749 3997 hnc
770 3934 957 4013 quaestione
977 3949 1198 4012 supersessum

71 4045 132 4110 est,
156 4037 315 4116 inquiunt
331 4037 466 4115 praelati
483 4033 654 4099 Facundus
675 4043 707 4098 et
724 4031 904 4110 Liberatus,
921 4039 957 4097 nt
972 4031 1068 4097 alteri
1088 4029 1128 4098 de
1144 4029 1200 4096 iri·

72 4136 132 4203 bns
154 4135 321 4220 Capitulis
342 4139 561 4218 disceptationi
583 4135 755 4202 cederetur
774 4136 878 4202 iocus.
