2994 4938
51 477 244 559 evangelicae
278 475 519 559 dispensationis
539 477 746 552 eversorem,
778 481 811 542 et
831 465 997 542 christiani
1020 480 1157 544 nominis

51 576 198 644 hostem?
217 596 256 642 ao
276 596 341 644 una
362 585 478 658 putet,
499 577 575 660 jore
597 579 702 657 ipsum
724 576 842 642 eisdem
865 581 968 644 titulis
989 597 1153 660 onerasse,

51 681 102 760 qui
123 695 182 758 pro
200 679 317 744 eodem
329 677 469 760 Origene
482 678 687 756 lehossieni,
703 676 776 742 utet
796 696 876 744 anae
896 681 1070 762 integritati
1089 690 1159 748 atu·

48 780 128 844 diosc
147 798 185 844 ac
206 780 334 844 sincere
355 777 586 846 consulentes?
629 767 634 774 ’

103 881 282 963 Perspectis
297 882 408 962 igitur,
421 899 460 947 ac
475 883 660 944 summatim
675 881 925 961 comprehensis,
938 885 1065 965 quaein
1081 885 1156 962 hoc,

48 982 311 1063 praecedentique
330 984 435 1061 capite
457 980 708 1056 discusserunt,
733 981 858 1044 initium
881 981 947 1056 tini,
963 984 1058 1048 sicuti
1080 1003 1157 1049 cau·

49 1101 109 1144 sam
129 1083 273 1160 ellectui,
295 1081 490 1161 respondero
513 1081 661 1154 vidimus.
684 1079 767 1146 Cum
787 1083 872 1146 enim
893 1079 1092 1164 Theophilus
1111 1082 1157 1150 0·

50 1165 158 1263 ripenis
178 1192 211 1248 et
244 1184 491 1264 origenistarum
515 1182 759 1246 insectationum
782 1190 874 1246 actor
889 1185 1094 1265 proecipuus,
1117 1185 1158 1249 de
1181 1173 1187 1191 ’

50 1285 170 1349 turhitlo
192 1287 282 1351 ionio
304 1287 438 1360 hiherit,
463 1285 609 1366 iulsaqne
640 1285 785 1349 hauserit
805 1285 1111 1368 contran0rigenem
1133 1287 1159 1350 i·

49 1403 133 1466 psum
154 1395 346 1468 argumenta
360 1407 372 1467 5
388 1386 461 1450 inde
483 1386 588 1466 impar
607 1392 641 1450 et
660 1386 807 1466 iniquom
829 1387 924 1467 plane
945 1390 1158 1468 consequitur

50 1488 279 1568 expectandum
299 1507 369 1554 esse
386 1489 558 1570 judicium.
575 1485 618 1552 Et
639 1505 675 1550 ro
696 1487 826 1567 quidem
850 1507 939 1566 vera,
961 1491 1020 1556 nisi
1042 1491 1158 1572 prohe·

52 1596 101 1652 tnr
117 1592 264 1671 crimen3
280 1597 410 1671 praeter
420 1591 475 1672 jus
490 1589 635 1664 sancitur
648 1607 762 1670 poena.
778 1587 840 1656 Uhi
855 1589 945 1654 ahcst
958 1591 1069 1672 culpa,
1089 1609 1158 1656 cas·

49 1696 92 1750 sat
111 1690 225 1754 malta.
250 1689 311 1756 Uhi
331 1697 396 1754 aon
415 1690 580 1769 reperitur
593 1689 770 1766 haeresia,
793 1707 852 1754 nec
870 1691 1041 1758 anathema
1062 1693 1153 1758 inra-

49 1788 142 1853 lescit.
165 1790 210 1856 itt
233 1791 289 1856 uhi
305 1792 435 1868 veritos,
458 1789 542 1871 fugit
555 1807 672 1871 error3
694 1798 728 1861 ot
747 1791 803 1856 uhi
823 1791 1001 1870 sinceritas,
1023 1794 1159 1875 pertidia

50 1890 139 1954 silet:
161 1901 196 1958 st
215 1895 252 1960 io
272 1900 447 1976 conspectu
470 1891 614 1962 veritatis
632 1891 748 1976 ,lingue
774 1893 1025 1962 obtrectantium
1046 1894 1161 1960 ohmu·

50 1993 141 2058 tescit
