3042 4940
344 347 442 518 diesin
454 451 583 538 synodo
603 397 847 524 chalcedonemi
864 457 1022 538 tractatio,
1042 473 1104 525 cen
1126 453 1262 538 praelati
1282 453 1426 536 acdotorea

349 556 522 622 tradidere.
552 556 597 622 Et
616 558 679 624 laoc
700 559 777 624 item
806 559 990 626 adstruitur
1008 578 1028 625 a
1052 558 1182 626 Victore
1212 559 1429 634 innocentior

349 657 485 723 illorum
506 677 643 724 numero
657 665 781 743 pariter
795 663 856 728 tria
870 660 1019 745 Gopitnla
1033 659 1282 728 defendentium.
1298 657 1357 736 Qui
1372 665 1429 720 tnnc

348 767 382 824 ot
397 761 463 843 ipae
479 761 575 824 vitam
591 760 720 844 desem,
749 763 933 843 singillatim
957 765 989 826 in
1004 762 1164 830 Chronico
1187 777 1346 836 enarrant,
1368 779 1432 842 qnae

348 869 420 928 acta
440 871 517 927 aunt
535 863 576 928 de
597 866 645 928 his
665 863 836 946 Capitolia,
851 867 978 949 penitus
998 866 1145 932 excludit
1163 884 1184 930 a
1204 864 1344 932 Concilio
1361 861 1432 944 quin

347 973 381 1032 to
402 967 623 1047 quaestionem
645 963 685 1030 de'
705 964 857 1048 Origene.
1504 971 1505 982 ²

431 1067 571 1146 Quarto,
588 1068 792 1134 laisiooimum
814 1069 945 1134 omuino
967 1074 1027 1146 est,
1043 1067 1130 1148 nond
1152 1067 1321 1144 liberatur
1339 1061 1434 1128 aitztl

347 1169 471 1251 riorum
482 1171 654 1236 &mentua
667 1179 713 1234 eat
729 1180 883 1248 mortona,
897 1166 957 1250 oni
969 1167 1076 1234 niceno
1089 1169 1164 1234 otim
1177 1177 1272 1232 caton
1290 1169 1384 1249 [mart
1394 1165 1435 1228 de

347 1281 486 1336 mantas.
509 1271 598 1336 llaec
619 1271 741 1336 latritaa
761 1270 932 1352 repetenda
954 1279 1003 1335 eat
1023 1289 1043 1335 a
1063 1268 1246 1350 Theophilo
1261 1270 1396 1350 epicenon
1412 1282 1436 1326 a·

349 1371 543 1439 lcxandrino
557 1373 704 1453 Origcnia
717 1373 940 1450 intensissimo,
954 1372 1023 1453 qni,
1038 1371 1222 1436 invidorum
1236 1371 1313 1434 tanti
1326 1370 1379 1433 riri
1389 1365 1438 1432 col

347 1473 442 1538 lectio
468 1473 757 1538 insimulationibus
778 1473 845 1555 jam
866 1475 908 1536 ab
932 1475 1030 1553 ipsius
1044 1472 1191 1553 Origenia
1211 1479 1318 1535 aetate
1341 1471 1436 1532 inean

348 1575 509 1654 excitetis,
531 1575 699 1640 ostendere
720 1577 806 1640 niano
827 1583 887 1650 eat.
914 1574 1013 1640 inisse
1033 1574 1141 1640 adhuc
1167 1574 1277 1637 rivum
1296 1573 1366 1654 iure
1382 1585 1439 1632 ana·

346 1675 604 1740 thematiaatum.
621 1674 683 1742 Coi
704 1683 808 1740 tamen
825 1673 1006 1757 Theophiln
1027 1675 1159 1755 aniaqne
1174 1673 1344 1738 foederatis
1356 1687 1439 1750 orou-

344 1776 496 1858 piissimo
515 1778 623 1842 animo
645 1765 790 1842 restitere
802 1795 828 1842 o.
842 1775 984 1841 loannes
1005 1773 1257 1860 Chrycnatomas
1274 1782 1308 1840 ct
1320 1793 1344 1838 r.
1358 1770 1440 1834 Theo·
1506 1779 1507 1796 ¹

344 1878 443 1942 timna
459 1878 592 1957 aliique,
614 1886 791 1942 asserentes
807 1895 846 1940 co
868 1895 971 1957 nsque
983 1876 1156 1955 origenem
1182 1891 1380 1956 nequaqnam
1398 1870 1438 1932 da·

346 1985 492 2044 mnarum
514 1979 632 2055 lnisae;
646 1978 739 2058 aienti
761 1995 820 2042 nec
836 1987 945 2058 postea
967 1979 1063 2043 talem
1078 1976 1213 2042 anbiiaac
1226 1975 1439 2040 damnationem
1507 2050 1508 2060 ἵ

347 2079 389 2144 ab
403 2080 572 2144 Anastasio
589 2078 687 2161 Papa,
708 2081 859 2159 annarias
883 2081 914 2144 iu
937 2080 1030 2144 tertia
1046 2079 1143 2144 Parte
1163 2077 1362 2143 declaratum
1379 2081 1426 2138 ert

429 2177 564 2255 Quinto,
580 2197 639 2260 pro
660 2199 697 2244 ro
718 2188 826 2244 noatra
847 2180 1003 2246 adversus
1023 2199 1091 2258 eoa,
1107 2181 1164 2260 qni
1186 2185 1297 2244 tenent
1316 2179 1345 2242 in
1363 2174 1442 2261 Syro

345 2277 388 2345 do
409 2282 518 2362 quinta
540 2280 787 2346 condemnatum
807 2279 994 2361 Origcoem,
1020 2299 1200 2363 parumper
1222 2279 1361 2363 acceptio
1378 2277 1442 2354 inec

347 2385 455 2444 tamen
475 2381 729 2462 probatislqoae
753 2388 905 2446 enarrant
918 2379 958 2444 de
980 2381 1079 2463 hnjna
1093 2379 1212 2463 Synodi
1234 2379 1442 2446 convocatione

345 2480 602 2562 eorumdemque
623 2480 849 2561 Capitulornm
863 2482 1082 2558 anathemato,
1104 2481 1198 2563 qnasi
1215 2480 1329 2547 Patren
1347 2495 1443 2544 coare

346 2583 454 2648 norint
473 2590 584 2646 contra
605 2579 812 2646 Theodorum
845 2591 1105 2663 mopsuestenum
1127 2583 1278 2664 alinaqne
1305 2581 1344 2646 ad
1365 2579 1443 2646 ultio

256 2673 259 2684 '
348 2701 423 2748 uem
444 2701 572 2760 eorum,
594 2701 678 2764 queo
692 2693 762 2752 acta
778 2683 907 2748 inerant
919 2683 1075 2749 adverena
1089 2680 1259 2762 Origenern
1269 2703 1284 2762 3
1304 2677 1445 2764 quomodo
1508 2695 1509 2790 ι

347 2785 420 2849 lieri
436 2787 600 2866 potnerit,
623 2792 661 2848 nt
686 2791 810 2848 tantnm
834 2785 941 2850 rirnm
964 2786 1273 2850 anathematizarent
1294 2784 1383 2848 iidem
1401 2775 1445 2858 ioai
1508 2793 1509 2822 ι

346 2885 473 2965 Patren,
499 2887 555 2968 qni
578 2895 641 2951 tam
669 2887 813 2955 studione
844 2887 944 2966 ionius
969 2903 1100 2952 canaam
1118 2884 1356 2967 conceperant?
1376 2882 1447 2959 0¹¹²·

344 2986 413 3054 lire
433 2992 557 3054 ratione
578 2987 810 3056 admittendum
830 2989 906 3060 erit,
929 2988 1038 3054 denno
1063 2989 1148 3068 ipaoa
1168 2990 1337 3070 epiaoopoo
1356 2987 1385 3049 in
1402 2981 1445 3067 SJ-

345 3089 433 3170 nodo
453 3090 620 3156 damnasse
649 3089 835 3170 Origenem,
856 3107 932 3154 eom
953 3090 974 3154 ii
1008 3091 1050 3154 ob
1070 3090 1215 3172 ejusdem
1239 3089 1387 3171 (lrlgeoia
1403 3085 1446 3148 de

347 3191 448 3256 murti
469 3191 624 3256 ultionem
646 3191 830 3270 congregati
853 3191 958 3254 iurent
978 3199 1095 3256 contra
1118 3191 1217 3255 trium
1238 3188 1446 3270 Gaoitnlnron

346 3291 549 3370 delensoreo‚
572 3291 629 3374 qui
649 3289 821 3372 origenem
844 3290 1038 3357 damnarunt
1052 3291 1069 3358 'l
1083 3290 1193 3356 liebus
1212 3291 1299 3356 enim
1319 3292 1364 3355 sic
1380 3296 1448 3352 etan

346 3395 448 3470 riona,
470 3413 505 3460 ao
524 3411 585 3459 ano
606 3409 763 3458 urncrooe
793 3393 1001 3458 eontixiaaent
1023 3392 1161 3458 concilii
1191 3391 1317 3468 Patren,
1337 3392 1363 3456 ai
1381 3401 1449 3470 unae

347 3513 389 3559 co
410 3513 515 3574 usqne
529 3493 790 3574 comprobarant,
813 3494 998 3558 dirniarent.
1014 3492 1129 3560 Nonne
1149 3495 1212 3559 hoc
1233 3494 1396 3558 rideretur
1406 3487 1449 3550 aa

345 3592 514 3661 anrdnm‘l
533 3596 573 3657 ad
594 3593 682 3675 qnod
705 3593 920 3659 refellendum
951 3596 1131 3660 neceraario
1153 3593 1320 3660 latendum
1340 3599 1396 3668 eet,
1413 3586 1450 3652 ni·

347 3693 396 3762 hil
416 3693 573 3762 adremna
589 3694 764 3776 Origeoem
796 3703 872 3760 tnnc
896 3694 1077 3762 decretione
1100 3695 1265 3782 Synodnna
1285 3691 1451 3762 oecumeni-

345 3813 419 3863 cam
439 3796 597 3877 quintam,
612 3796 887 3877 quomadmodum
903 3797 1078 3877 hueusque
1092 3799 1180 3862 niano
1200 3815 1271 3864 anm
1286 3794 1448 3862 oatondare

428 3893 506 3962 Poat
527 3899 608 3960 haec
622 3905 736 3962 notatu
757 3896 854 3978 digna
874 3898 969 3964 rrlde
982 3907 1070 3974 aunt,
1083 3915 1167 3979 qnae
1180 3915 1201 3961 a
1215 3899 1368 3979 praelatio
1386 3891 1452 3959 ocri

346 3997 496 4079 ptoribno
515 4006 710 4062 enarrantur
729 3998 770 4062 do
792 3996 969 4064 Jnatiniani
989 3999 1097 4066 atndic
1117 4001 1150 4064 in
1169 3999 1372 4064 damnatione
1389 3995 1449 4060 Ori·

346 4099 448 4179 genta,
471 4097 572 4164 relntl
592 4097 783 4180 rignidcarit
817 4098 1012 4180 Facundum
1036 4100 1091 4165 nbi
1111 4099 1242 4166 locutus
1262 4101 1303 4164 ad
1326 4099 1448 4178 imnarr·

348 4202 455 4266 torena
474 4198 600 4281 inquit:
618 4221 635 4260 ι
650 4197 1053 4282 leontopolitarorum
1067 4209 1139 4268 tour
1152 4197 1449 4283 rotioiouiaejaoda
