3048 4946
1129 361 1189 435 ttt

89 481 228 559 daretur,
249 481 289 548 ut
303 477 439 544 ιιιιιιιιι
459 489 573 560 reapse
592 473 749 558 Origenes
770 477 869 542 tutare
891 481 967 540 tuuc
987 473 1157 539 damnatus
1178 489 1197 536 ι

90 583 205 668 vigilia.

157 684 389 750 Verumtamen
411 700 474 747 nou
496 679 845 764 estpraotereuudum‚
863 677 1089 746 cassiodorum
1115 675 1198 740 bano

85 787 300 865 iu0rigenem
323 787 511 850 seutentiam
546 791 733 848 mutuatum
765 781 902 846 iuissoa
929 779 1072 845 Facundi
1091 777 1195 840 libris.

88 887 171 966 Quos
190 891 271 970 ipae,
292 896 406 968 utpote
427 891 479 954 ιιι
508 887 608 966 paulo
628 894 702 949 aute
724 903 741 948 a
763 883 965 948 secularibus
986 881 1196 962 negotiisab-

84 999 227 1064 stractus,
250 999 286 1054 ut
302 991 370 1056 ileo
392 999 480 1054 totus
501 990 669 1064 militaret,
685 989 767 1052 bona
790 987 853 1051 fide
874 1002 912 1048 ac
926 986 1036 1049 veneni
1059 985 1090 1046 tn
1105 985 1142 1045 ιιι
1156 983 1196 1047 ιι·

85 1091 144 1156 bris
163 1092 318 1158 occultati
351 1093 490 1168 nescius,
512 1090 640 1155 admisit
655 1096 688 1154 et
710 1090 864 1154 altissimo
884 1087 1131 1152 commendarit.
1156 1083 1197 1148 tlt

53 1205 56 1212 ’
83 1192 153 1258 baie
172 1194 340 1256 assertioni
354 1201 484 1255 nostrae
496 1192 696 1271 suiiragatur
716 1191 860 1272 eiusdem
874 1189 1049 1271 scriptoris
1071 1187 1194 1250 dictum

83 1297 112 1358 in
134 1291 341 1358 conclusione
364 1293 487 1358 Psalmi
518 1290 585 1359 138.
609 1295 664 1358 ubi
690 1294 770 1357 baec
790 1294 960 1374 loquiturs
985 1311 1002 1352 ι
1025 1289 1197 1355 Facundus

83 1397 269 1460 venerabilis
283 1397 453 1476 episeopus
475 1397 717 1460 baereticorum
734 1395 924 1476 penetrabili
943 1393 1122 1458 subtilitate
1142 1392 1198 1456 tle·

83 1505 236 1573 structor,
257 1515 364 1575 nuper
383 1497 423 1562 ad
444 1496 662 1563 lastinianum
685 1499 860 1576 principem
882 1497 1035 1573 scribens,
1059 1496 1098 1558 de
1118 1495 1198 1559 dun·

84 1599 142 1664 bus
161 1601 286 1664 naturis
300 1597 427 1664 Domini
447 1600 549 1662 nostri
569 1596 648 1663 lesu
677 1593 796 1663 Christi
816 1598 898 1662 dnos
916 1598 1046 1660 libellas
1070 1595 1197 1673 (deinde

83 1699 114 1761 ln
128 1699 299 1766 duodecim
322 1701 510 1774 conversos)
526 1707 622 1764 caute
643 1701 749 1774 nimis,
765 1701 1017 1778 luculenterque
1039 1698 1199 1762 tractarit.

85 1799 171 1876 Quos
191 1801 284 1864 robis
307 1802 514 1880 transcriptos
539 1801 672 1881 reliqui,
699 1809 735 1866 ut
755 1819 815 1865 nec
835 1801 974 1881 antiquis
995 1801 1113 1879 egeatis
1136 1807 1201 1860 tra-

82 1901 271 1976 ctatoribus,
294 1917 353 1964 uec
374 1899 711 1983 moderatoremque
734 1921 808 1965 cum
824 1902 1034 1968 Cassiodorus
1056 1899 1199 1966 Facundi

82 2000 178 2064 libros
200 2001 454 2082 transcripserit,
483 2007 515 2066 et
537 2003 620 2067 adeo
641 2005 680 2067 de
704 2005 752 2066 bis
773 2005 919 2079 senserit,
943 2023 1045 2084 caque
1066 2009 1200 2083 proptor

83 2104 217 2183 posteris
240 2103 485 2178 commendarit,
501 2104 630 2168 indubie
651 2109 808 2169 statuitur
827 2105 867 2167 ab
886 2105 1003 2194 eisdem
1026 2105 1202 2184 decerpsis-

83 2223 115 2268 se
128 2223 214 2284 uuae
228 2206 314 2269 circa
329 2205 478 2284 Origeuis
495 2205 730 2270 damnationem
745 2226 786 2274 ex
801 2207 909 2288 Vigilii
924 2209 1054 2272 decreto
1072 2208 1200 2284 docuit;

82 2321 138 2369 uec
158 2305 292 2371 aliunde
313 2306 492 2386 putandum
508 2314 568 2380 est,
585 2309 648 2371 boc
672 2310 855 2374 traduxisse
875 2311 906 2373 ln
927 2329 1003 2373 auos
1018 2311 1140 2388 libros3
1162 2309 1204 2370 si·

82 2407 146 2470 cuti
161 2425 226 2472 uon
248 2413 296 2471 est
317 2408 452 2471 dubium
469 2409 547 2470 tanti
573 2409 645 2472 ideo
668 2409 849 2474 laciendum
865 2429 933 2473 essa
954 2409 1135 2476 cassiodori
1157 2409 1203 2472 dt·

82 2516 181 2584 ctum,
205 2511 319 2590 quanti
341 2509 476 2585 iontem,
498 2509 583 2573 unde
604 2509 685 2575 illud
711 2513 879 2576 emanarit.
897 2511 937 2577 lit
960 2531 1033 2576 cum
1056 2512 1205 2575 constite-

85 2613 126 2674 rit
148 2613 291 2675 lalsltate
312 2611 465 2674 laborare
500 2609 645 2676 Facundi
666 2613 786 2693 libros3
809 2616 851 2677 ita
874 2622 905 2677 et
927 2615 967 2676 ab
993 2615 1061 2692 ipso
1083 2609 1206 2702 Cassio?

82 2711 161 2776 doro
175 2719 290 2777 notata
313 2712 352 2775 do
365 2709 477 2792 Vigilii
499 2717 657 2779 sententia
679 2721 790 2778 contra
806 2714 992 2794 origenem,
1014 2716 1099 2779 iuter
1118 2733 1207 2778 com·

82 2817 243 2879 mentitias
263 2815 464 2878 narrationes
493 2835 562 2878 esse
583 2817 706 2894 paritor
725 2816 927 2880 remittenda.

159 2915 270 2980 l’orro
285 2933 325 2980 ea
347 2917 408 2980 buc
423 2917 650 2980 incertitudine
671 2925 703 2981 et
717 2918 913 2996 scriptorum
935 2915 1123 2981 contusione
1143 2917 1204 2978 cir-

81 3033 116 3081 ca
137 3018 242 3100 bajus
263 3017 418 3082 adversus
448 3017 621 3098 Origenem
643 3017 808 3098 Epistulae
830 3023 980 3092 aetatem,
1005 3019 1108 3081 varias
1131 3036 1206 3096 pro·

83 3125 154 3196 pter
174 3119 435 3183 circumstantias
455 3127 487 3182 et
504 3137 668 3198 personas,
687 3139 766 3199 quas
787 3119 886 3201 hujus
902 3119 1029 3183 ductor
1049 3119 1204 3196 meminit,

82 3233 119 3281 ac
134 3219 285 3282 sincerae
299 3219 452 3283 blatoriaa
466 3229 669 3300 comparatas
685 3223 739 3282 ιιι
762 3220 821 3284 sibi
842 3221 1063 3294 cohaerentes,
1086 3220 1208 3283 lactum

82 3327 139 3395 est,
163 3325 202 3384 ut
225 3324 422 3386 reoenttores
445 3323 548 3386 critici
573 3321 666 3386 raldo
688 3323 772 3385 inter
795 3341 828 3386 se
853 3321 1061 3386 dissiderent:
1085 3339 1123 3384 nc
1153 3339 1209 3382 no·

82 3419 127 3486 bis
148 3423 226 3488 inde
249 3423 442 3504 amplissima
475 3425 690 3506 praeberetur
710 3426 837 3488 occasio
858 3424 897 3487 de
920 3425 1020 3506 ipsius
1042 3423 1209 3486 dubitandi

84 3524 265 3600 genuitate,
288 3543 328 3589 ue
350 3523 455 3590 dloam
475 3527 562 3590 inter
582 3527 766 3610 apocrypha
799 3525 917 3606 scripta
939 3523 1134 3589 recensendi.
1163 3523 1211 3586 bc

80 3641 196 3704 reapse
218 3632 300 3702 quot
321 3627 426 3704 capita
451 3631 500 3689 tot
521 3629 707 3690 sententiae.
724 3625 885 3690 Baronius
906 3633 938 3689 et
957 3623 1106 3688 Valesius
1127 3643 1210 3688 anno

82 3724 217 3788 circiter
232 3723 301 3790 538.
324 3732 432 3789 teneat
449 3727 635 3791 damnatum
658 3728 755 3791 luisse
769 3726 942 3808 Origenem
957 3733 989 3790 et
1010 3727 1210 3805 origenistas,

82 3832 114 3887 et
135 3843 198 3904 per
219 3825 307 3888 bunc
328 3823 516 3891 Tractatum
546 3829 616 3891 sire
647 3825 825 3908 Epistulam
854 3829 1008 3892 sancitam
1036 3826 1213 3890 damnatio·

82 3935 167 3988 aem.
193 3925 241 3989 Et
261 3927 323 3989 boo
344 3945 428 3990 anno
450 3927 527 3991 dicit
547 3927 718 4004 baronius,
735 3949 760 3993 s.
786 3929 1003 3993 Theodosium
1026 3925 1213 3989 coenobiar·
1263 3913 1270 3922 ¹

81 4027 176 4090 cbam
192 4028 354 4091 baeresim
370 4029 587 4112 origenianam
604 4039 803 4106 aversatum,
826 4029 955 4093 libellos
973 4025 1139 4105 impulisse
1159 4026 1214 4089 ad·

83 4145 202 4192 vernus
226 4129 415 4208 origenistas
437 4129 621 4194 lustininno
643 4130 866 4211 porrigendos.
883 4127 1054 4201 Nonnulli,
1078 4127 1213 4201 tortasse

81 4230 140 4296 sibi
156 4228 435 4296 innotescentibus
452 4227 559 4310 vtgtttt
574 4230 692 4297 litteris
706 4231 745 4296 ad
761 4225 980 4297 lastinianum
995 4225 1056 4294 sub
1070 4243 1121 4291 au.
1137 4223 1208 4305 bid,
