3138 4950
208 509 251 578 m
272 513 303 576 ia
324 511 449 592 penis,
470 513 559 594 quen
572 513 676 578 unite
697 515 817 580 mirum
838 523 899 593 eet,
928 516 1046 584 nutlilt
1068 417 1246 602 lucusqauaz

123 623 277 696 apparet,
296 614 460 680 Romanos
473 613 646 680 Pontifices
659 618 858 698 corripuisse
872 615 1045 686 lustiatent
1060 621 1242 701 decretum,

125 735 187 782 nee
200 719 308 796 ipsun
330 716 480 780 hebnimc
501 717 717 793 haereticum,
734 735 793 782 nec
807 719 975 801 episcopos
989 739 1058 788 enee
1072 723 1243 790 demnatna

122 817 231 882 eidem
252 817 360 882 edicto
380 820 685 882 communicentur:
718 835 777 884 nec
800 829 1036 900 consequenter
1056 823 1178 905 legitur
1196 825 1246 892 uti

124 917 311 984 haereticus
325 927 400 983 ante
419 919 545 984 ebitum
561 918 736 998 resipuisse
752 916 944 1001 Imperator.
966 919 1036 987 Nec
1057 925 1163 990 mette
1184 927 1244 992 mi·
1264 911 1273 1006 ¹,

123 1036 187 1084 nna
207 1025 346 1097 comtat,
361 1019 519 1085 lenonem
534 1020 770 1086 scholasticum
786 1022 1006 1102 patriercham
1027 1025 1244 1090 constantinu-

124 1119 320 1200 politanum
343 1123 401 1201 qui
429 1121 583 1186 succeseit
606 1120 770 1205 Eutychio
792 1123 834 1185 ab
867 1123 1058 1204 episcopatu
1087 1126 1241 1206 expulso.

122 1241 186 1286 uec
211 1219 409 1302 (importum
437 1223 668 1288 antiochenum
690 1222 852 1290 Annstmii
872 1225 981 1290 exutis
1005 1241 1242 1304 successoren,

123 1331 165 1388 nt
179 1324 361 1390 haereticos
375 1323 418 1389 sb
436 1321 583 1390 Ecclesia
599 1325 726 1390 lebiton
745 1333 780 1390 et
791 1324 1034 1402 condemnatos,
1049 1343 1175 1390 rnorem
1190 1343 1244 1406 qe·

124 1432 236 1490 reales
256 1426 363 1491 sciero
381 1425 554 1506 imperiali.
576 1425 639 1494 Set
655 1434 800 1492 econtra
822 1427 866 1490 sb
885 1427 1041 1492 historiae
1061 1429 1241 1494 monimen·

5 1543 7 1582 ῑ
125 1527 167 1590 tia
188 1527 333 1603 cruitur,
353 1533 420 1590 tres
439 1537 644 1609 nuncupatus
665 1529 752 1592 viros
784 1528 879 1594 noem
901 1528 1065 1608 proiectos
1083 1527 1242 1596 ostiolo·

5 1645 7 1680 :
125 1645 216 1706 xum,
238 1643 300 1710 pro
313 1625 461 1694 Ecclesia
482 1628 650 1694 Catholica
673 1631 848 1697 admotum
868 1630 1055 1698 etsnorssse
1074 1646 1114 1696 ac
1134 1631 1167 1696 in
1187 1647 1242 1696 ea·

123 1731 201 1794 dem
222 1733 275 1810 pie
295 1747 366 1794 csse
385 1729 567 1796 tetuactoe.

204 1829 248 1895 Et
267 1832 375 1911 quoad
407 1829 640 1908 luniciacum,
662 1832 763 1914 nujus
784 1833 882 1898 sicuti
900 1834 1054 1915 superius
1083 1831 1240 1900 orthodo-

5 1983 6 1994 ,
123 1939 215 1998 aium
236 1940 270 1997 et
288 1927 399 2000 ectum
420 1952 481 2015 pro
502 1934 576 2000 fidei
599 1934 722 2000 unitate
751 1935 989 2015 perspeximus,
1018 1943 1119 2018 etque
1141 1935 1241 2002 animi

122 2035 344 2115 iutegritatem
365 2036 399 2100 io
412 2035 604 2116 quaestione
626 2035 725 2102 trium
740 2034 982 2117 capitulorum:
1004 2037 1049 2102 ita
1070 2045 1103 2104 et
1122 2037 1155 2102 in
1178 2037 1240 2104 loc
1356 2103 1362 2112 ,

119 2137 362 2204 simililercnm
383 2138 498 2204 eodem
518 2138 648 2204 terrore
670 2139 816 2219 perrexit
829 2157 868 2204 ec
888 2137 1013 2204 sincera
1033 2136 1109 2216 file,
1130 2139 1177 2204 ite
1198 2143 1238 2204 ut

5 2245 8 2302 ἰ
114 2239 156 2304 in
172 2238 319 2304 noctuis
341 2239 510 2306 Catholica
531 2241 583 2320 pis
602 2240 709 2318 ipsum
722 2255 910 2319 supremam
931 2239 1049 2306 obiisse
1075 2239 1161 2304 ctiam
1181 2237 1238 2306 ait·

122 2357 242 2404 remus·
258 2340 594 2406 imimatetorocsaos
615 2340 877 2406 conctulentuu
897 2339 951 2404 sit.
969 2339 1006 2405 ln
1028 2341 1088 2404 tane
1102 2357 1139 2404 re
1161 2357 1241 2406 roro

119 2443 200 2506 setta
214 2441 306 2506 nobis
335 2443 477 2520 primum
497 2440 722 2522 suffragentur
736 2439 960 2506 Romanorum
976 2440 1169 2510 Pontificum
1191 2447 1237 2505 tc·

5 2575 9 2612 ι
120 2545 274 2609 stimonia
302 2545 334 2610 ln
357 2545 434 2610 tenti
457 2544 668 2624 imperatorie
694 2544 1027 2621 commemoratione,
1047 2543 1234 2624 etquidem

5 2687 6 2714 t
120 2644 328 2720 eurumdem,
342 2644 399 2724 qui
420 2663 459 2709 cn
479 2645 547 2724 ipsa
567 2643 741 2709 iustiniani
761 2651 868 2710 notate
890 2645 1055 2720 riserunt,
1071 2641 1237 2720 Ecclesiae

120 2747 250 2827 nautia
274 2755 351 2812 tunc
370 2751 570 2828 pertractate
591 2744 745 2810 collentes
765 2747 911 2826 apprime
932 2745 977 2824 {ia
993 2745 1112 2827 quibus
1133 2743 1235 2810 losti-

118 2848 205 2912 aieni
226 2863 343 2912 nomeu
363 2854 396 2912 at
416 2845 496 2910 nnec
515 2853 663 2912 conseris
686 2845 834 2924 increati
864 2847 1002 2928 eiusque
1022 2863 1135 2916 senens
1155 2845 1232 2910 reli·

5 2992 8 3024 =
119 2951 228 3029 gisnes
245 2946 405 3028 nequead
426 2947 552 3012 obitum
580 2950 716 3028 propius
736 2965 909 3028 agnovere.
928 2946 969 3012 m
987 2964 1031 3010 ex
1046 2947 1094 3012 tric
1109 2949 1233 3028 primna

5 3093 7 3128 ι
120 3050 273 3129 Pelagius
287 3047 329 3114 ll.
351 3051 384 3112 ia
403 3049 540 3130 epistota
565 3049 605 3112 ad
620 3047 725 3115 Elium
739 3048 971 3130 aquileiensem
991 3048 1078 3130 circe
1094 3065 1146 3112 nn.
1159 3045 1231 3112 586.

5 3195 7 3230 ,
119 3151 246 3233 iaqnit3
264 3149 358 3214 «Per
370 3166 408 3214 en
429 3167 515 3230 qnee
531 3145 606 3228 pice
620 3146 784 3215 messias
796 3146 971 3214 iustiniani
986 3149 1138 3233 principie
1154 3156 1233 3228 tem,

120 3251 259 3332 peribas
275 3260 348 3320 acte
375 3259 452 3318 sunl
464 3259 526 3316 etc.
541 3269 559 3308 a
574 3247 697 3313 Deinde
710 3267 737 3314 r.
754 3246 934 3330 Gregorius
955 3246 1093 3330 Meqnus
1114 3248 1147 3312 in
1166 3252 1234 3330 cpi·

5 3397 6 3432 ᾗ
118 3353 204 3418 stole
224 3351 255 3422 l·
279 3351 368 3419 litet
389 3350 447 3418 ΙΙΙ.
462 3350 596 3438 scribite
612 3371 629 3414 r
646 3348 766 3414 Dicent
783 3351 871 3414 enim
890 3346 966 3430 pior
986 3347 1155 3412 memoriae
1170 3349 1232 3414 ln·

5 3529 6 3532 ¹
116 3456 247 3520 stinieai
269 3453 470 3535 temporinos
494 3451 605 3534 atique
626 3457 689 3516 ete.
708 3470 725 3510 s
742 3449 777 3514 ln
796 3451 858 3516 trac
877 3447 1012 3532 epistola
1032 3468 1060 3514 s.
1084 3448 1233 3518 Pontifex

120 3555 217 3621 valde
239 3554 370 3623 extollit
389 3552 561 3620 luatinieoi
593 3550 688 3618 fldem
713 3549 851 3632 ejusque
871 3555 958 3632 qesta
983 3551 1016 3615 in
1042 3550 1230 3630 quaestione

117 3658 221 3725 trium
243 3655 604 3739 Capillatorumque
634 3660 729 3718 antee
756 3651 978 3732 patefecimus.
1003 3650 1085 3715 ltem
1106 3651 1139 3714 in
1159 3651 1231 3716 aliis

116 3759 265 3841 epistolis
291 3760 356 3824 ltcc
382 3757 502 3839 repetit
522 3755 714 3835 Gregorius.
745 3752 883 3836 lnaupsr
902 3771 929 3817 s.
957 3751 1089 3832 Papam,
1120 3754 1168 3817 nti
1189 3773 1232 3820 ex

116 3862 186 3926 suis
206 3860 352 3940 epistolis
366 3859 505 3942 ejusque
526 3857 660 3922 historie
683 3855 826 3932 eruitur,
841 3871 905 3916 non
928 3853 1025 3917 tntnit
1047 3872 1105 3916 nec
1126 3851 1230 3916 lutere

117 3959 238 4043 potuit,
260 3961 349 4042 quod
369 3959 527 4024 slrcrsua
547 3957 747 4042 Eutychiam
767 3962 801 4045 et
830 3954 1032 4020 Acestesium
1062 3953 1229 4021 decretum

115 4071 180 4139 est,
201 4061 393 4142 pracsertim
408 4077 484 4127 cnm
498 4059 701 4139 npocrieierii
718 4074 837 4122 munus
851 4055 1127 4134 constantinopoti
1143 4056 1230 4118 onie·

114 4165 183 4230 rite
205 4170 347 4228 annues
369 4179 427 4227 uec
448 4161 489 4225 de
508 4159 654 4242 ejusdem
683 4158 856 4224 iustiniani
876 4158 908 4220 iu
941 4155 1099 4220 haeresim
1120 4155 1227 4238 lapsu,

115 4279 177 4331 nec
196 4263 237 4330 ie
258 4261 453 4342 poeuttsmie
473 4261 702 4328 animadvertit
722 4257 901 4340 quidquem
921 4275 948 4322 s.
973 4254 1134 4322 Pontifex.

245 4361 309 4429 vot.
332 4361 387 4429 W.
1070 4355 1112 4422 22
