<?xml version="1.0" encoding="UTF-8"?>
<!DOCTYPE html PUBLIC "-//W3C//DTD XHTML 1.0 Transitional//EN"
    "http://www.w3.org/TR/xhtml1/DTD/xhtml1-transitional.dtd">
<html xmlns="http://www.w3.org/1999/xhtml" xml:lang="en" lang="en">
 <head>
  <title>
</title>
<meta http-equiv="Content-Type" content="text/html;charset=utf-8" />
  <meta name='ocr-system' content='tesseract 3.04.00' />
  <meta name='ocr-capabilities' content='ocr_page ocr_carea ocr_par ocr_line ocrx_word'/>
</head>
<body>
  <div class='ocr_page' id='page_1' title='image "./insgregoriinyss01vincgoog/insgregoriinyss01vincgoog_0543.png"; bbox 0 0 3048 4946; ppageno 0'>
   <div class='ocr_carea' id='block_1_1' title="bbox 358 393 1498 784">
    <p class='ocr_par' dir='ltr' id='par_1_1' title="bbox 358 393 1498 784">
     <span class='ocr_line' id='line_1_1' title="bbox 358 393 1498 606; baseline -0.006 -42"><span class='ocrx_word' id='word_1_1' title='bbox 358 393 429 582; x_wconf 46' lang='grc' dir='ltr'><strong>ἔξεο,</strong></span> <span class='ocrx_word' id='word_1_2' title='bbox 450 499 584 568; x_wconf 83' lang='lat' dir='ltr'>actium</span> <span class='ocrx_word' id='word_1_3' title='bbox 599 498 663 568; x_wconf 87' lang='lat' dir='ltr'>iaie</span> <span class='ocrx_word' id='word_1_4' title='bbox 684 497 827 584; x_wconf 90' lang='lat' dir='ltr'>potuerit</span> <span class='ocrx_word' id='word_1_5' title='bbox 848 497 999 582; x_wconf 85' lang='lat' dir='ltr'>preierre</span> <span class='ocrx_word' id='word_1_6' title='bbox 1016 498 1187 584; x_wconf 72' lang='lat' dir='ltr'>indicium.</span> <span class='ocrx_word' id='word_1_7' title='bbox 1209 494 1279 564; x_wconf 77' lang='lat' dir='ltr'>Hoc</span> <span class='ocrx_word' id='word_1_8' title='bbox 1297 494 1374 562; x_wconf 87' lang='lat' dir='ltr'>enim</span> <span class='ocrx_word' id='word_1_9' title='bbox 1389 494 1441 559; x_wconf 88' lang='lat' dir='ltr'>rui·</span> <span class='ocrx_word' id='word_1_10' title='bbox 1497 552 1498 606; x_wconf 28' lang='grc'>1</span> 
     </span>
     <span class='ocr_line' id='line_1_2' title="bbox 359 595 1498 680; baseline -0.004 -14"><span class='ocrx_word' id='word_1_11' title='bbox 359 599 506 666; x_wconf 87' lang='lat' dir='ltr'>flcienier</span> <span class='ocrx_word' id='word_1_12' title='bbox 522 602 613 666; x_wconf 86' lang='lat' dir='ltr'>nobis</span> <span class='ocrx_word' id='word_1_13' title='bbox 629 608 742 668; x_wconf 87' lang='lat' dir='ltr'>contra</span> <span class='ocrx_word' id='word_1_14' title='bbox 758 601 999 666; x_wconf 85' lang='lat' dir='ltr'>haereticorum</span> <span class='ocrx_word' id='word_1_15' title='bbox 1014 601 1176 664; x_wconf 84' lang='lat' dir='ltr'>machinas</span> <span class='ocrx_word' id='word_1_16' title='bbox 1188 595 1441 680; x_wconf 62' lang='lat' dir='ltr'>adaugesceret</span> <span class='ocrx_word' id='word_1_17' title='bbox 1497 611 1498 662; x_wconf 79' lang='lat' dir='ltr'>t</span> 
     </span>
     <span class='ocr_line' id='line_1_3' title="bbox 359 697 1442 784; baseline -0.007 -16"><span class='ocrx_word' id='word_1_18' title='bbox 359 703 477 768; x_wconf 86' lang='lat' dir='ltr'>reluni</span> <span class='ocrx_word' id='word_1_19' title='bbox 500 704 584 767; x_wconf 85' lang='lat' dir='ltr'>hanc</span> <span class='ocrx_word' id='word_1_20' title='bbox 604 703 644 768; x_wconf 89' lang='lat' dir='ltr'>ad</span> <span class='ocrx_word' id='word_1_21' title='bbox 668 701 788 768; x_wconf 82' lang='lat' dir='ltr'>diarim</span> <span class='ocrx_word' id='word_1_22' title='bbox 810 700 942 767; x_wconf 83' lang='lat' dir='ltr'>Persam</span> <span class='ocrx_word' id='word_1_23' title='bbox 972 699 1152 784; x_wconf 81' lang='lat' dir='ltr'>Epistulam</span> <span class='ocrx_word' id='word_1_24' title='bbox 1171 711 1190 764; x_wconf 84' lang='lat' dir='ltr'>a</span> <span class='ocrx_word' id='word_1_25' title='bbox 1213 707 1321 764; x_wconf 74' lang='lat' dir='ltr'>uncis</span> <span class='ocrx_word' id='word_1_26' title='bbox 1339 697 1442 762; x_wconf 78' lang='lat' dir='ltr'>chalce</span> 
     </span>
    </p>
   </div>
   <div class='ocr_carea' id='block_1_2' title="bbox 359 796 1499 922">
    <p class='ocr_par' dir='ltr' id='par_1_2' title="bbox 359 796 1499 922">
     <span class='ocr_line' id='line_1_4' title="bbox 359 796 1499 922; baseline -0.005 -54"><span class='ocrx_word' id='word_1_27' title='bbox 359 803 489 870; x_wconf 89' lang='lat' dir='ltr'>donensi</span> <span class='ocrx_word' id='word_1_28' title='bbox 512 803 642 888; x_wconf 77' lang='lat' dir='ltr'>synodo</span> <span class='ocrx_word' id='word_1_29' title='bbox 664 803 766 868; x_wconf 87' lang='lat' dir='ltr'>rideri</span> <span class='ocrx_word' id='word_1_30' title='bbox 795 812 977 886; x_wconf 88' lang='lat' dir='ltr'>susceptam</span> <span class='ocrx_word' id='word_1_31' title='bbox 988 822 1001 883; x_wconf 76' lang='lat'>5</span> <span class='ocrx_word' id='word_1_32' title='bbox 1023 800 1254 867; x_wconf 82' lang='lat' dir='ltr'>verumetiam</span> <span class='ocrx_word' id='word_1_33' title='bbox 1274 817 1294 864; x_wconf 86' lang='lat' dir='ltr'>a</span> <span class='ocrx_word' id='word_1_34' title='bbox 1316 796 1441 862; x_wconf 76' lang='lat' dir='ltr'>Patribus</span> <span class='ocrx_word' id='word_1_35' title='bbox 1498 868 1499 922; x_wconf 29' lang='grc'>1</span> 
     </span>
    </p>
   </div>
   <div class='ocr_carea' id='block_1_3' title="bbox 357 900 1499 1293">
    <p class='ocr_par' dir='ltr' id='par_1_3' title="bbox 357 900 1499 1197">
     <span class='ocr_line' id='line_1_5' title="bbox 357 900 1499 982; baseline -0.008 -12"><span class='ocrx_word' id='word_1_36' title='bbox 357 906 476 970; x_wconf 89' lang='lat' dir='ltr'>nostris</span> <span class='ocrx_word' id='word_1_37' title='bbox 497 905 583 969; x_wconf 88' lang='lat' dir='ltr'>omni</span> <span class='ocrx_word' id='word_1_38' title='bbox 604 905 701 970; x_wconf 91' lang='lat' dir='ltr'>modu</span> <span class='ocrx_word' id='word_1_39' title='bbox 729 905 905 972; x_wconf 76' lang='lat' dir='ltr'>refutatam</span> <span class='ocrx_word' id='word_1_40' title='bbox 927 904 1026 970; x_wconf 88' lang='lat' dir='ltr'>inisse</span> <span class='ocrx_word' id='word_1_41' title='bbox 1056 902 1317 978; x_wconf 81' lang='lat' dir='ltr'>monstrauimus,</span> <span class='ocrx_word' id='word_1_42' title='bbox 1344 900 1442 982; x_wconf 82' lang='lat' dir='ltr'>qnippe</span> <span class='ocrx_word' id='word_1_43' title='bbox 1498 923 1499 950; x_wconf 66' lang='lat' dir='ltr'>t</span> 
     </span>
     <span class='ocr_line' id='line_1_6' title="bbox 360 1001 1441 1088; baseline -0.006 -17"><span class='ocrx_word' id='word_1_44' title='bbox 360 1007 417 1088; x_wconf 86' lang='lat' dir='ltr'>qni</span> <span class='ocrx_word' id='word_1_45' title='bbox 439 1022 510 1071; x_wconf 90' lang='lat' dir='ltr'>eam</span> <span class='ocrx_word' id='word_1_46' title='bbox 531 1007 615 1072; x_wconf 91' lang='lat' dir='ltr'>inter</span> <span class='ocrx_word' id='word_1_47' title='bbox 628 1007 738 1072; x_wconf 86' lang='lat' dir='ltr'>hustcs</span> <span class='ocrx_word' id='word_1_48' title='bbox 755 1025 834 1074; x_wconf 87' lang='lat' dir='ltr'>suae</span> <span class='ocrx_word' id='word_1_49' title='bbox 849 1015 958 1074; x_wconf 88' lang='lat' dir='ltr'>reciae</span> <span class='ocrx_word' id='word_1_50' title='bbox 977 1005 1064 1086; x_wconf 89' lang='lat' dir='ltr'>iidei,</span> <span class='ocrx_word' id='word_1_51' title='bbox 1086 1003 1321 1072; x_wconf 78' lang='lat' dir='ltr'>evidentissime</span> <span class='ocrx_word' id='word_1_52' title='bbox 1338 1001 1441 1086; x_wconf 83' lang='lat' dir='ltr'>proisit</span> 
     </span>
     <span class='ocr_line' id='line_1_7' title="bbox 357 1106 1187 1197; baseline -0.011 -23"><span class='ocrx_word' id='word_1_53' title='bbox 357 1107 530 1183; x_wconf 84' lang='lat' dir='ltr'>sententia,</span> <span class='ocrx_word' id='word_1_54' title='bbox 551 1106 831 1172; x_wconf 77' lang='lat' dir='ltr'>damnaverunt.»</span> <span class='ocrx_word' id='word_1_55' title='bbox 1181 1179 1187 1197; x_wconf 20' lang='grc' dir='ltr'>δ</span> 
     </span>
    </p>

    <p class='ocr_par' dir='ltr' id='par_1_4' title="bbox 435 1205 1441 1293">
     <span class='ocr_line' id='line_1_8' title="bbox 435 1205 1441 1293; baseline -0.001 -23"><span class='ocrx_word' id='word_1_56' title='bbox 435 1205 669 1272; x_wconf 80' lang='lat' dir='ltr'>Verumtamen</span> <span class='ocrx_word' id='word_1_57' title='bbox 683 1225 759 1274; x_wconf 86' lang='lat' dir='ltr'>enm</span> <span class='ocrx_word' id='word_1_58' title='bbox 774 1207 946 1278; x_wconf 72' lang='lat' dir='ltr'>Facundus</span> <span class='ocrx_word' id='word_1_59' title='bbox 960 1208 993 1274; x_wconf 92' lang='lat' dir='ltr'>in</span> <span class='ocrx_word' id='word_1_60' title='bbox 1013 1207 1113 1276; x_wconf 84' lang='lat' dir='ltr'>Libro</span> <span class='ocrx_word' id='word_1_61' title='bbox 1133 1215 1283 1293; x_wconf 86' lang='lat' dir='ltr'>praetato</span> <span class='ocrx_word' id='word_1_62' title='bbox 1295 1207 1386 1290; x_wconf 86' lang='lat' dir='ltr'>plura</span> <span class='ocrx_word' id='word_1_63' title='bbox 1396 1222 1441 1286; x_wconf 89' lang='lat' dir='ltr'>pr-</span> 
     </span>
    </p>
   </div>
   <div class='ocr_carea' id='block_1_4' title="bbox 330 1304 1504 4321">
    <p class='ocr_par' dir='ltr' id='par_1_5' title="bbox 354 1304 1504 3007">
     <span class='ocr_line' id='line_1_9' title="bbox 358 1304 1442 1391; baseline -0.004 -19"><span class='ocrx_word' id='word_1_64' title='bbox 358 1308 478 1372; x_wconf 84' lang='lat' dir='ltr'>inserii</span> <span class='ocrx_word' id='word_1_65' title='bbox 497 1308 538 1372; x_wconf 90' lang='lat' dir='ltr'>de</span> <span class='ocrx_word' id='word_1_66' title='bbox 558 1307 607 1372; x_wconf 86' lang='lat' dir='ltr'>inis</span> <span class='ocrx_word' id='word_1_67' title='bbox 637 1307 928 1391; x_wconf 81' lang='lat' dir='ltr'>subscriptionibus</span> <span class='ocrx_word' id='word_1_68' title='bbox 949 1327 1010 1390; x_wconf 91' lang='lat' dir='ltr'>pro</span> <span class='ocrx_word' id='word_1_69' title='bbox 1031 1328 1092 1377; x_wconf 87' lang='lat' dir='ltr'>sua</span> <span class='ocrx_word' id='word_1_70' title='bbox 1113 1309 1277 1376; x_wconf 74' lang='lat' dir='ltr'>deducere</span> <span class='ocrx_word' id='word_1_71' title='bbox 1295 1304 1442 1382; x_wconf 68' lang='lat' dir='ltr'>caninii·</span> 
     </span>
     <span class='ocr_line' id='line_1_10' title="bbox 354 1405 1442 1492; baseline -0.006 -18"><span class='ocrx_word' id='word_1_72' title='bbox 354 1413 428 1474; x_wconf 82' lang='lat' dir='ltr'>cest</span> <span class='ocrx_word' id='word_1_73' title='bbox 447 1424 637 1490; x_wconf 76' lang='lat' dir='ltr'>parumper,</span> <span class='ocrx_word' id='word_1_74' title='bbox 659 1408 720 1473; x_wconf 88' lang='lat' dir='ltr'>iria</span> <span class='ocrx_word' id='word_1_75' title='bbox 743 1409 810 1474; x_wconf 82' lang='lat' dir='ltr'>hnc</span> <span class='ocrx_word' id='word_1_76' title='bbox 835 1419 988 1476; x_wconf 76' lang='lat' dir='ltr'>revocata</span> <span class='ocrx_word' id='word_1_77' title='bbox 1010 1409 1189 1492; x_wconf 80' lang='lat' dir='ltr'>inquirere,</span> <span class='ocrx_word' id='word_1_78' title='bbox 1211 1409 1305 1492; x_wconf 87' lang='lat' dir='ltr'>qnid,</span> <span class='ocrx_word' id='word_1_79' title='bbox 1334 1405 1442 1488; x_wconf 80' lang='lat' dir='ltr'>quadra</span> 
     </span>
     <span class='ocr_line' id='line_1_11' title="bbox 358 1507 1501 1592; baseline 0.002 -20"><span class='ocrx_word' id='word_1_80' title='bbox 358 1524 458 1589; x_wconf 85' lang='lat' dir='ltr'>scopu</span> <span class='ocrx_word' id='word_1_81' title='bbox 479 1507 569 1574; x_wconf 88' lang='lat' dir='ltr'>citati</span> <span class='ocrx_word' id='word_1_82' title='bbox 597 1507 837 1591; x_wconf 88' lang='lat' dir='ltr'>subscriptores</span> <span class='ocrx_word' id='word_1_83' title='bbox 856 1508 1026 1592; x_wconf 89' lang='lat' dir='ltr'>epistolam</span> <span class='ocrx_word' id='word_1_84' title='bbox 1056 1509 1231 1592; x_wconf 87' lang='lat' dir='ltr'>quamdam</span> <span class='ocrx_word' id='word_1_85' title='bbox 1255 1507 1442 1580; x_wconf 79' lang='lat' dir='ltr'>nominentur,</span> <span class='ocrx_word' id='word_1_86' title='bbox 1500 1508 1501 1574; x_wconf 84' lang='lat' dir='ltr'>i</span> 
     </span>
     <span class='ocr_line' id='line_1_12' title="bbox 359 1607 1443 1692; baseline -0.002 -18"><span class='ocrx_word' id='word_1_87' title='bbox 359 1609 420 1690; x_wconf 90' lang='lat' dir='ltr'>ipsi</span> <span class='ocrx_word' id='word_1_88' title='bbox 442 1607 597 1673; x_wconf 83' lang='lat' dir='ltr'>Facundo</span> <span class='ocrx_word' id='word_1_89' title='bbox 618 1609 677 1676; x_wconf 86' lang='lat' dir='ltr'>risi</span> <span class='ocrx_word' id='word_1_90' title='bbox 697 1617 786 1690; x_wconf 91' lang='lat' dir='ltr'>suni,</span> <span class='ocrx_word' id='word_1_91' title='bbox 808 1618 1050 1692; x_wconf 88' lang='lat' dir='ltr'>praesumptam</span> <span class='ocrx_word' id='word_1_92' title='bbox 1069 1610 1225 1678; x_wconf 84' lang='lat' dir='ltr'>indicasse</span> <span class='ocrx_word' id='word_1_93' title='bbox 1244 1608 1323 1674; x_wconf 83' lang='lat' dir='ltr'>ibae</span> <span class='ocrx_word' id='word_1_94' title='bbox 1341 1607 1443 1688; x_wconf 80' lang='lat' dir='ltr'>Epistn</span> 
     </span>
     <span class='ocr_line' id='line_1_13' title="bbox 355 1708 1443 1794; baseline 0 -22"><span class='ocrx_word' id='word_1_95' title='bbox 355 1708 436 1787; x_wconf 88' lang='lat' dir='ltr'>iam,</span> <span class='ocrx_word' id='word_1_96' title='bbox 458 1726 597 1790; x_wconf 86' lang='lat' dir='ltr'>ermque</span> <span class='ocrx_word' id='word_1_97' title='bbox 617 1711 843 1793; x_wconf 86' lang='lat' dir='ltr'>comprobasse</span> <span class='ocrx_word' id='word_1_98' title='bbox 864 1713 1069 1778; x_wconf 86' lang='lat' dir='ltr'>catholicam.</span> <span class='ocrx_word' id='word_1_99' title='bbox 1100 1713 1152 1778; x_wconf 78' lang='lat' dir='ltr'>Ab</span> <span class='ocrx_word' id='word_1_100' title='bbox 1171 1715 1263 1777; x_wconf 91' lang='lat' dir='ltr'>initio</span> <span class='ocrx_word' id='word_1_101' title='bbox 1284 1728 1380 1794; x_wconf 87' lang='lat' dir='ltr'>porra</span> <span class='ocrx_word' id='word_1_102' title='bbox 1395 1721 1443 1772; x_wconf 86' lang='lat' dir='ltr'>nst</span> 
     </span>
     <span class='ocr_line' id='line_1_14' title="bbox 357 1808 1442 1894; baseline 0.005 -18"><span class='ocrx_word' id='word_1_103' title='bbox 357 1817 408 1876; x_wconf 90' lang='lat' dir='ltr'>est</span> <span class='ocrx_word' id='word_1_104' title='bbox 421 1813 708 1892; x_wconf 87' lang='lat' dir='ltr'>prseterenndum,</span> <span class='ocrx_word' id='word_1_105' title='bbox 721 1812 925 1890; x_wconf 76' lang='lat' dir='ltr'>Facundum,</span> <span class='ocrx_word' id='word_1_106' title='bbox 937 1812 1027 1894; x_wconf 86' lang='lat' dir='ltr'>quali</span> <span class='ocrx_word' id='word_1_107' title='bbox 1042 1813 1163 1879; x_wconf 89' lang='lat' dir='ltr'>intuitu</span> <span class='ocrx_word' id='word_1_108' title='bbox 1177 1813 1299 1890; x_wconf 69' lang='lat' dir='ltr'>nucia,</span> <span class='ocrx_word' id='word_1_109' title='bbox 1313 1813 1376 1894; x_wconf 90' lang='lat' dir='ltr'>ipse</span> <span class='ocrx_word' id='word_1_110' title='bbox 1387 1808 1442 1882; x_wconf 75' lang='lat' dir='ltr'>scii</span> 
     </span>
     <span class='ocr_line' id='line_1_15' title="bbox 358 1907 1444 1995; baseline -0.004 -19"><span class='ocrx_word' id='word_1_111' title='bbox 358 1909 542 1979; x_wconf 85' lang='lat' dir='ltr'>Paschasiui</span> <span class='ocrx_word' id='word_1_112' title='bbox 562 1923 596 1979; x_wconf 87' lang='lat' dir='ltr'>et</span> <span class='ocrx_word' id='word_1_113' title='bbox 618 1911 764 1982; x_wconf 80' lang='lat' dir='ltr'>Ludendi</span> <span class='ocrx_word' id='word_1_114' title='bbox 784 1914 970 1980; x_wconf 87' lang='lat' dir='ltr'>decuriasse</span> <span class='ocrx_word' id='word_1_115' title='bbox 998 1914 1282 1995; x_wconf 84' lang='lat' dir='ltr'>subscriptionem,</span> <span class='ocrx_word' id='word_1_116' title='bbox 1311 1907 1444 1988; x_wconf 81' lang='lat' dir='ltr'>surrept&#39;s</span> 
     </span>
     <span class='ocr_line' id='line_1_16' title="bbox 358 2012 1444 2096; baseline -0.006 -18"><span class='ocrx_word' id='word_1_117' title='bbox 358 2013 564 2094; x_wconf 81' lang='lat' dir='ltr'>quidusdam.</span> <span class='ocrx_word' id='word_1_118' title='bbox 593 2012 630 2080; x_wconf 89' lang='lat' dir='ltr'>ln</span> <span class='ocrx_word' id='word_1_119' title='bbox 651 2013 714 2080; x_wconf 89' lang='lat' dir='ltr'>dne</span> <span class='ocrx_word' id='word_1_120' title='bbox 740 2016 827 2080; x_wconf 87' lang='lat' dir='ltr'>anim</span> <span class='ocrx_word' id='word_1_121' title='bbox 857 2013 1004 2082; x_wconf 72' lang='lat' dir='ltr'>Actionis</span> <span class='ocrx_word' id='word_1_122' title='bbox 1028 2013 1069 2080; x_wconf 81' lang='lat' dir='ltr'>X.</span> <span class='ocrx_word' id='word_1_123' title='bbox 1090 2015 1214 2096; x_wconf 68' lang='lat' dir='ltr'>tegitur</span> <span class='ocrx_word' id='word_1_124' title='bbox 1240 2014 1444 2096; x_wconf 88' lang='lat' dir='ltr'>episenpnrnn</span> 
     </span>
     <span class='ocr_line' id='line_1_17' title="bbox 358 2109 1503 2206; baseline -0.006 -26"><span class='ocrx_word' id='word_1_125' title='bbox 358 2115 566 2196; x_wconf 72' lang='lat' dir='ltr'>synodalium</span> <span class='ocrx_word' id='word_1_126' title='bbox 596 2115 775 2182; x_wconf 88' lang='lat' dir='ltr'>declaratio</span> <span class='ocrx_word' id='word_1_127' title='bbox 799 2117 864 2184; x_wconf 86' lang='lat' dir='ltr'>hoc</span> <span class='ocrx_word' id='word_1_128' title='bbox 884 2115 1018 2182; x_wconf 86' lang='lat' dir='ltr'>ordines</span> <span class='ocrx_word' id='word_1_129' title='bbox 1037 2115 1284 2182; x_wconf 81' lang='lat' dir='ltr'>«Paschasinne</span> <span class='ocrx_word' id='word_1_130' title='bbox 1304 2121 1337 2179; x_wconf 89' lang='lat' dir='ltr'>et</span> <span class='ocrx_word' id='word_1_131' title='bbox 1349 2109 1447 2176; x_wconf 77' lang='lat' dir='ltr'>tuoe</span> <span class='ocrx_word' id='word_1_132' title='bbox 1502 2146 1503 2206; x_wconf 64' lang='lat'>,</span> 
     </span>
     <span class='ocr_line' id='line_1_18' title="bbox 359 2214 1445 2300; baseline -0.005 -20"><span class='ocrx_word' id='word_1_133' title='bbox 359 2215 425 2280; x_wconf 90' lang='lat' dir='ltr'>iius</span> <span class='ocrx_word' id='word_1_134' title='bbox 444 2214 716 2282; x_wconf 77' lang='lat' dir='ltr'>reverendissimi</span> <span class='ocrx_word' id='word_1_135' title='bbox 733 2217 875 2300; x_wconf 88' lang='lat' dir='ltr'>episcopi</span> <span class='ocrx_word' id='word_1_136' title='bbox 897 2223 930 2282; x_wconf 92' lang='lat' dir='ltr'>ei</span> <span class='ocrx_word' id='word_1_137' title='bbox 949 2215 1135 2282; x_wconf 87' lang='lat' dir='ltr'>Boniiacins</span> <span class='ocrx_word' id='word_1_138' title='bbox 1156 2215 1341 2300; x_wconf 71' lang='lat' dir='ltr'>presbyter,</span> <span class='ocrx_word' id='word_1_139' title='bbox 1361 2219 1445 2275; x_wconf 79' lang='lat' dir='ltr'>trare</span> 
     </span>
     <span class='ocr_line' id='line_1_19' title="bbox 361 2305 1444 2400; baseline -0.005 -22"><span class='ocrx_word' id='word_1_140' title='bbox 361 2321 410 2380; x_wconf 87' lang='lat' dir='ltr'>tes</span> <span class='ocrx_word' id='word_1_141' title='bbox 423 2313 535 2381; x_wconf 90' lang='lat' dir='ltr'>locum</span> <span class='ocrx_word' id='word_1_142' title='bbox 555 2315 646 2382; x_wconf 81' lang='lat' dir='ltr'>Sedis</span> <span class='ocrx_word' id='word_1_143' title='bbox 666 2316 875 2400; x_wconf 79' lang='lat' dir='ltr'>Apostolicae</span> <span class='ocrx_word' id='word_1_144' title='bbox 894 2335 955 2400; x_wconf 88' lang='lat' dir='ltr'>per</span> <span class='ocrx_word' id='word_1_145' title='bbox 969 2315 1198 2384; x_wconf 77' lang='lat' dir='ltr'>Parrhesinum</span> <span class='ocrx_word' id='word_1_146' title='bbox 1213 2316 1382 2380; x_wconf 77' lang='lat' dir='ltr'>dixerunis</span> <span class='ocrx_word' id='word_1_147' title='bbox 1399 2305 1444 2373; x_wconf 74' lang='lat' dir='ltr'>tir</span> 
     </span>
     <span class='ocr_line' id='line_1_20' title="bbox 356 2413 1446 2501; baseline 0.002 -21"><span class='ocrx_word' id='word_1_148' title='bbox 356 2413 443 2480; x_wconf 81' lang='lat' dir='ltr'>deciis</span> <span class='ocrx_word' id='word_1_149' title='bbox 463 2415 597 2493; x_wconf 79' lang='lat' dir='ltr'>ciariis,</span> <span class='ocrx_word' id='word_1_150' title='bbox 617 2415 804 2501; x_wconf 77' lang='lat' dir='ltr'>sprevimus</span> <span class='ocrx_word' id='word_1_151' title='bbox 831 2435 872 2482; x_wconf 81' lang='lat' dir='ltr'>rc</span> <span class='ocrx_word' id='word_1_152' title='bbox 890 2415 1046 2483; x_wconf 82' lang='lat' dir='ltr'>rerisniic</span> <span class='ocrx_word' id='word_1_153' title='bbox 1064 2420 1224 2482; x_wconf 63' lang='lat' dir='ltr'>rodomo</span> <span class='ocrx_word' id='word_1_154' title='bbox 1242 2414 1446 2498; x_wconf 62' lang='lat' dir='ltr'>episcopatum</span> 
     </span>
     <span class='ocr_line' id='line_1_21' title="bbox 356 2506 1448 2601; baseline -0.002 -19"><span class='ocrx_word' id='word_1_155' title='bbox 356 2513 448 2582; x_wconf 82' lang='lat' dir='ltr'>Idam</span> <span class='ocrx_word' id='word_1_156' title='bbox 472 2517 757 2584; x_wconf 77' lang='lat' dir='ltr'>reverentissimam</span> <span class='ocrx_word' id='word_1_157' title='bbox 784 2515 963 2601; x_wconf 75' lang='lat' dir='ltr'>episcopum</span> <span class='ocrx_word' id='word_1_158' title='bbox 990 2516 1162 2584; x_wconf 69' lang='lat' dir='ltr'>iamdicta</span> <span class='ocrx_word' id='word_1_159' title='bbox 1180 2506 1448 2600; x_wconf 66' lang='lat' dir='ltr'>cpprodrrt&#39;cdtn·</span> 
     </span>
     <span class='ocr_line' id='line_1_22' title="bbox 355 2609 1504 2715; baseline -0.005 -27"><span class='ocrx_word' id='word_1_160' title='bbox 355 2615 560 2714; x_wconf 64' lang='grc' dir='ltr'><strong><em>γνωσθὲισης</em></strong></span> <span class='ocrx_word' id='word_1_161' title='bbox 576 2614 641 2715; x_wconf 70' lang='lat' dir='ltr'>papi</span> <span class='ocrx_word' id='word_1_162' title='bbox 662 2620 723 2703; x_wconf 79' lang='grc' dir='ltr'>τῆς</span> <span class='ocrx_word' id='word_1_163' title='bbox 744 2612 915 2701; x_wconf 62' lang='grc' dir='ltr'>ἐπιπολῆς</span> <span class='ocrx_word' id='word_1_164' title='bbox 936 2615 1044 2705; x_wconf 75' lang='lat' dir='ltr'>duria,</span> <span class='ocrx_word' id='word_1_165' title='bbox 1061 2617 1237 2712; x_wconf 71' lang='grc' dir='ltr'><strong>ἐπέγνωμεν</strong></span> <span class='ocrx_word' id='word_1_166' title='bbox 1257 2609 1356 2688; x_wconf 60' lang='lat' dir='ltr'>dorm</span> <span class='ocrx_word' id='word_1_167' title='bbox 1370 2609 1448 2714; x_wconf 49' lang='lat' dir='ltr'>irim</span> <span class='ocrx_word' id='word_1_168' title='bbox 1503 2645 1504 2682; x_wconf 60' lang='lat' dir='ltr'>t</span> 
     </span>
     <span class='ocr_line' id='line_1_23' title="bbox 355 2715 1445 2824; baseline -0.009 -34"><span class='ocrx_word' id='word_1_169' title='bbox 355 2740 429 2814; x_wconf 79' lang='grc' dir='ltr'>χειν</span> <span class='ocrx_word' id='word_1_170' title='bbox 454 2715 628 2824; x_wconf 70' lang='grc' dir='ltr'>ὄρθόδοξον</span> <span class='ocrx_word' id='word_1_171' title='bbox 648 2723 670 2787; x_wconf 90' lang='lat' dir='ltr'>i.</span> <span class='ocrx_word' id='word_1_172' title='bbox 691 2741 721 2787; x_wconf 92' lang='lat' dir='ltr'>e.</span> <span class='ocrx_word' id='word_1_173' title='bbox 741 2723 858 2788; x_wconf 82' lang='lat' dir='ltr'>reiecto</span> <span class='ocrx_word' id='word_1_174' title='bbox 888 2721 973 2788; x_wconf 77' lang='lat' dir='ltr'>mio</span> <span class='ocrx_word' id='word_1_175' title='bbox 992 2722 1061 2805; x_wconf 79' lang='lat' dir='ltr'>rjus</span> <span class='ocrx_word' id='word_1_176' title='bbox 1093 2721 1250 2804; x_wconf 77' lang='lat' dir='ltr'>Epirioin,</span> <span class='ocrx_word' id='word_1_177' title='bbox 1282 2717 1445 2803; x_wconf 59' lang='lat' dir='ltr'>meurisse</span> 
     </span>
     <span class='ocr_line' id='line_1_24' title="bbox 357 2813 1446 2900; baseline -0.006 -14"><span class='ocrx_word' id='word_1_178' title='bbox 357 2839 429 2886; x_wconf 84' lang='lat' dir='ltr'>sarm</span> <span class='ocrx_word' id='word_1_179' title='bbox 449 2841 511 2887; x_wconf 84' lang='lat' dir='ltr'>cres</span> <span class='ocrx_word' id='word_1_180' title='bbox 530 2822 750 2888; x_wconf 78' lang='lat' dir='ltr'>criicdoccm.</span> <span class='ocrx_word' id='word_1_181' title='bbox 774 2822 816 2888; x_wconf 81' lang='lat' dir='ltr'>Bi</span> <span class='ocrx_word' id='word_1_182' title='bbox 834 2823 871 2887; x_wconf 84' lang='lat' dir='ltr'>ed</span> <span class='ocrx_word' id='word_1_183' title='bbox 890 2823 949 2888; x_wconf 78' lang='lat' dir='ltr'>dcc</span> <span class='ocrx_word' id='word_1_184' title='bbox 967 2823 1165 2888; x_wconf 78' lang='lat' dir='ltr'>decernimos</span> <span class='ocrx_word' id='word_1_185' title='bbox 1187 2821 1216 2886; x_wconf 87' lang='lat' dir='ltr'>ri</span> <span class='ocrx_word' id='word_1_186' title='bbox 1237 2823 1382 2886; x_wconf 70' lang='lat' dir='ltr'>mssa</span> <span class='ocrx_word' id='word_1_187' title='bbox 1398 2813 1446 2900; x_wconf 77' lang='lat' dir='ltr'>spi·</span> 
     </span>
     <span class='ocr_line' id='line_1_25' title="bbox 355 2922 1350 3007; baseline -0.003 -21"><span class='ocrx_word' id='word_1_188' title='bbox 355 2931 503 3002; x_wconf 78' lang='lat' dir='ltr'>rcnpninr</span> <span class='ocrx_word' id='word_1_189' title='bbox 517 2931 548 2986; x_wconf 88' lang='lat' dir='ltr'>ei</span> <span class='ocrx_word' id='word_1_190' title='bbox 566 2922 725 2996; x_wconf 74' lang='lat' dir='ltr'>molesios,</span> <span class='ocrx_word' id='word_1_191' title='bbox 739 2943 761 2988; x_wconf 90' lang='lat' dir='ltr'>o</span> <span class='ocrx_word' id='word_1_192' title='bbox 782 2941 846 3004; x_wconf 82' lang='lat' dir='ltr'>pao</span> <span class='ocrx_word' id='word_1_193' title='bbox 865 2923 984 3007; x_wconf 76' lang='lat' dir='ltr'>injurie</span> <span class='ocrx_word' id='word_1_194' title='bbox 1003 2925 1155 3004; x_wconf 74' lang='lat' dir='ltr'>empsim</span> <span class='ocrx_word' id='word_1_195' title='bbox 1173 2923 1240 3006; x_wconf 75' lang='lat' dir='ltr'>[nii</span> <span class='ocrx_word' id='word_1_196' title='bbox 1256 2933 1350 2988; x_wconf 76' lang='lat' dir='ltr'>eir.»</span> 
     </span>
    </p>

    <p class='ocr_par' dir='ltr' id='par_1_6' title="bbox 355 3019 1446 3512">
     <span class='ocr_line' id='line_1_26' title="bbox 440 3019 1446 3105; baseline -0.002 -17"><span class='ocrx_word' id='word_1_197' title='bbox 440 3021 512 3088; x_wconf 82' lang='lat' dir='ltr'>Bac</span> <span class='ocrx_word' id='word_1_198' title='bbox 530 3023 631 3105; x_wconf 74' lang='lat' dir='ltr'>igitur</span> <span class='ocrx_word' id='word_1_199' title='bbox 650 3025 885 3105; x_wconf 71' lang='lat' dir='ltr'>subscriptione</span> <span class='ocrx_word' id='word_1_200' title='bbox 904 3025 1000 3090; x_wconf 86' lang='lat' dir='ltr'>alteri</span> <span class='ocrx_word' id='word_1_201' title='bbox 1014 3041 1033 3088; x_wconf 88' lang='lat' dir='ltr'>a</span> <span class='ocrx_word' id='word_1_202' title='bbox 1049 3023 1205 3089; x_wconf 83' lang='lat' dir='ltr'>Facundo</span> <span class='ocrx_word' id='word_1_203' title='bbox 1222 3040 1325 3104; x_wconf 84' lang='lat' dir='ltr'>supra</span> <span class='ocrx_word' id='word_1_204' title='bbox 1346 3019 1446 3086; x_wconf 71' lang='lat' dir='ltr'>adrui</span> 
     </span>
     <span class='ocr_line' id='line_1_27' title="bbox 358 3119 1446 3208; baseline -0.004 -20"><span class='ocrx_word' id='word_1_205' title='bbox 358 3123 582 3207; x_wconf 85' lang='lat' dir='ltr'>aequiparata,</span> <span class='ocrx_word' id='word_1_206' title='bbox 603 3133 736 3208; x_wconf 88' lang='lat' dir='ltr'>praeter</span> <span class='ocrx_word' id='word_1_207' title='bbox 756 3142 868 3191; x_wconf 92' lang='lat' dir='ltr'>rerum</span> <span class='ocrx_word' id='word_1_208' title='bbox 887 3133 1052 3206; x_wconf 75' lang='lat' dir='ltr'>pasturum</span> <span class='ocrx_word' id='word_1_209' title='bbox 1073 3124 1296 3190; x_wconf 76' lang='lat' dir='ltr'>confusionem</span> <span class='ocrx_word' id='word_1_210' title='bbox 1313 3119 1446 3201; x_wconf 80' lang='lat' dir='ltr'>exipsius</span> 
     </span>
     <span class='ocr_line' id='line_1_28' title="bbox 358 3223 1445 3308; baseline -0.004 -19"><span class='ocrx_word' id='word_1_211' title='bbox 358 3223 503 3290; x_wconf 77' lang='lat' dir='ltr'>Facundi</span> <span class='ocrx_word' id='word_1_212' title='bbox 526 3243 676 3292; x_wconf 77' lang='lat' dir='ltr'>semona</span> <span class='ocrx_word' id='word_1_213' title='bbox 695 3233 860 3305; x_wconf 78' lang='lat' dir='ltr'>exoniam,</span> <span class='ocrx_word' id='word_1_214' title='bbox 882 3226 982 3292; x_wconf 82' lang='lat' dir='ltr'>verbs</span> <span class='ocrx_word' id='word_1_215' title='bbox 1006 3244 1141 3308; x_wconf 85' lang='lat' dir='ltr'>qunque</span> <span class='ocrx_word' id='word_1_216' title='bbox 1164 3225 1395 3298; x_wconf 76' lang='lat' dir='ltr'>desiderentur,</span> <span class='ocrx_word' id='word_1_217' title='bbox 1412 3233 1445 3280; x_wconf 83' lang='lat' dir='ltr'>rt·</span> 
     </span>
     <span class='ocr_line' id='line_1_29' title="bbox 355 3319 1444 3408; baseline -0.005 -18"><span class='ocrx_word' id='word_1_218' title='bbox 355 3325 444 3390; x_wconf 66' lang='lat' dir='ltr'>meis</span> <span class='ocrx_word' id='word_1_219' title='bbox 463 3325 595 3393; x_wconf 83' lang='lat' dir='ltr'>ciariis.</span> <span class='ocrx_word' id='word_1_220' title='bbox 616 3326 710 3406; x_wconf 85' lang='lat' dir='ltr'>Quae</span> <span class='ocrx_word' id='word_1_221' title='bbox 731 3327 863 3408; x_wconf 87' lang='lat' dir='ltr'>quidem</span> <span class='ocrx_word' id='word_1_222' title='bbox 883 3326 1072 3393; x_wconf 83' lang='lat' dir='ltr'>sFacundo</span> <span class='ocrx_word' id='word_1_223' title='bbox 1094 3345 1158 3392; x_wconf 91' lang='lat' dir='ltr'>nnn</span> <span class='ocrx_word' id='word_1_224' title='bbox 1177 3333 1272 3392; x_wconf 85' lang='lat' dir='ltr'>erant</span> <span class='ocrx_word' id='word_1_225' title='bbox 1292 3319 1444 3393; x_wconf 83' lang='lat' dir='ltr'>emittenda</span> 
     </span>
     <span class='ocr_line' id='line_1_30' title="bbox 357 3425 1444 3512; baseline -0.007 -18"><span class='ocrx_word' id='word_1_226' title='bbox 357 3434 511 3511; x_wconf 81' lang='lat' dir='ltr'>unquam</span> <span class='ocrx_word' id='word_1_227' title='bbox 534 3429 716 3512; x_wconf 83' lang='lat' dir='ltr'>praemissis</span> <span class='ocrx_word' id='word_1_228' title='bbox 737 3431 948 3498; x_wconf 85' lang='lat' dir='ltr'>consectaris.</span> <span class='ocrx_word' id='word_1_229' title='bbox 972 3428 1086 3495; x_wconf 82' lang='lat' dir='ltr'>Patres</span> <span class='ocrx_word' id='word_1_230' title='bbox 1106 3429 1191 3494; x_wconf 90' lang='lat' dir='ltr'>anim</span> <span class='ocrx_word' id='word_1_231' title='bbox 1212 3445 1288 3495; x_wconf 87' lang='lat' dir='ltr'>cum</span> <span class='ocrx_word' id='word_1_232' title='bbox 1306 3425 1444 3511; x_wconf 81' lang='lat' dir='ltr'>judicius</span> 
     </span>
    </p>

    <p class='ocr_par' dir='ltr' id='par_1_7' title="bbox 330 3529 1444 4321">
     <span class='ocr_line' id='line_1_31' title="bbox 330 3529 1444 3612; baseline -0.004 -16"><span class='ocrx_word' id='word_1_233' title='bbox 330 3535 332 3540; x_wconf 86' lang='lat'>&#39;</span> <span class='ocrx_word' id='word_1_234' title='bbox 359 3547 404 3596; x_wconf 85' lang='lat' dir='ltr'>ex</span> <span class='ocrx_word' id='word_1_235' title='bbox 422 3531 608 3612; x_wconf 76' lang='lat' dir='ltr'>praemissis</span> <span class='ocrx_word' id='word_1_236' title='bbox 628 3533 845 3612; x_wconf 86' lang='lat' dir='ltr'>pronunciare</span> <span class='ocrx_word' id='word_1_237' title='bbox 864 3530 1032 3608; x_wconf 81' lang='lat' dir='ltr'>dederent,</span> <span class='ocrx_word' id='word_1_238' title='bbox 1046 3536 1141 3595; x_wconf 88' lang='lat' dir='ltr'>antea</span> <span class='ocrx_word' id='word_1_239' title='bbox 1161 3529 1305 3596; x_wconf 79' lang='lat' dir='ltr'>discusse</span> <span class='ocrx_word' id='word_1_240' title='bbox 1325 3539 1444 3594; x_wconf 79' lang='lat' dir='ltr'>summi·</span> 
     </span>
     <span class='ocr_line' id='line_1_32' title="bbox 360 3621 1443 3715; baseline 0 -19"><span class='ocrx_word' id='word_1_241' title='bbox 360 3631 417 3696; x_wconf 76' lang='lat' dir='ltr'>dm</span> <span class='ocrx_word' id='word_1_242' title='bbox 439 3638 684 3715; x_wconf 73' lang='lat' dir='ltr'>congemernui,</span> <span class='ocrx_word' id='word_1_243' title='bbox 705 3632 936 3700; x_wconf 88' lang='lat' dir='ltr'>concludentes</span> <span class='ocrx_word' id='word_1_244' title='bbox 953 3651 995 3698; x_wconf 85' lang='lat' dir='ltr'>ex</span> <span class='ocrx_word' id='word_1_245' title='bbox 1016 3633 1138 3698; x_wconf 83' lang='lat' dir='ltr'>chartis</span> <span class='ocrx_word' id='word_1_246' title='bbox 1166 3632 1198 3696; x_wconf 88' lang='lat' dir='ltr'>in</span> <span class='ocrx_word' id='word_1_247' title='bbox 1219 3631 1327 3697; x_wconf 91' lang='lat' dir='ltr'>medio</span> <span class='ocrx_word' id='word_1_248' title='bbox 1345 3621 1443 3714; x_wconf 66' lang='lat' dir='ltr'>Stadii</span> 
     </span>
     <span class='ocr_line' id='line_1_33' title="bbox 355 3724 1444 3812; baseline -0.004 -17"><span class='ocrx_word' id='word_1_249' title='bbox 355 3724 503 3812; x_wconf 84' lang='lat' dir='ltr'>pretatis,</span> <span class='ocrx_word' id='word_1_250' title='bbox 526 3731 616 3799; x_wconf 88' lang='lat' dir='ltr'>Ibam</span> <span class='ocrx_word' id='word_1_251' title='bbox 636 3734 853 3798; x_wconf 88' lang='lat' dir='ltr'>demonstrari</span> <span class='ocrx_word' id='word_1_252' title='bbox 874 3734 1053 3810; x_wconf 83' lang='lat' dir='ltr'>innoxium.</span> <span class='ocrx_word' id='word_1_253' title='bbox 1076 3730 1188 3810; x_wconf 84' lang='lat' dir='ltr'>Quum</span> <span class='ocrx_word' id='word_1_254' title='bbox 1208 3740 1319 3798; x_wconf 74' lang='lat' dir='ltr'>summ</span> <span class='ocrx_word' id='word_1_255' title='bbox 1340 3727 1444 3794; x_wconf 79' lang='lat' dir='ltr'>Faenr</span> 
     </span>
     <span class='ocr_line' id='line_1_34' title="bbox 356 3829 1443 3918; baseline -0.004 -24"><span class='ocrx_word' id='word_1_256' title='bbox 356 3829 418 3896; x_wconf 89' lang='lat' dir='ltr'>dus</span> <span class='ocrx_word' id='word_1_257' title='bbox 439 3850 482 3897; x_wconf 87' lang='lat' dir='ltr'>ex</span> <span class='ocrx_word' id='word_1_258' title='bbox 507 3833 646 3898; x_wconf 85' lang='lat' dir='ltr'>adverso</span> <span class='ocrx_word' id='word_1_259' title='bbox 668 3833 763 3898; x_wconf 78' lang='lat' dir='ltr'>valde</span> <span class='ocrx_word' id='word_1_260' title='bbox 792 3833 951 3911; x_wconf 91' lang='lat' dir='ltr'>studeret,</span> <span class='ocrx_word' id='word_1_261' title='bbox 974 3833 1154 3918; x_wconf 80' lang='lat' dir='ltr'>Epistulam</span> <span class='ocrx_word' id='word_1_262' title='bbox 1176 3830 1253 3898; x_wconf 81' lang='lat' dir='ltr'>inae</span> <span class='ocrx_word' id='word_1_263' title='bbox 1271 3831 1443 3909; x_wconf 80' lang='lat' dir='ltr'>adscriptas</span> 
     </span>
     <span class='ocr_line' id='line_1_35' title="bbox 356 3925 1444 4014; baseline -0.002 -16"><span class='ocrx_word' id='word_1_264' title='bbox 356 3937 391 3998; x_wconf 86' lang='lat' dir='ltr'>ei</span> <span class='ocrx_word' id='word_1_265' title='bbox 409 3933 541 4014; x_wconf 83' lang='lat' dir='ltr'>quidem</span> <span class='ocrx_word' id='word_1_266' title='bbox 562 3935 772 4013; x_wconf 83' lang='lat' dir='ltr'>haereticam,</span> <span class='ocrx_word' id='word_1_267' title='bbox 803 3935 975 4001; x_wconf 89' lang='lat' dir='ltr'>ostendere</span> <span class='ocrx_word' id='word_1_268' title='bbox 996 3953 1016 4000; x_wconf 88' lang='lat' dir='ltr'>a</span> <span class='ocrx_word' id='word_1_269' title='bbox 1037 3934 1188 4002; x_wconf 78' lang='lat' dir='ltr'>Patribus</span> <span class='ocrx_word' id='word_1_270' title='bbox 1208 3925 1444 4001; x_wconf 70' lang='lat' dir='ltr'>odalmdnaemi</span> 
     </span>
     <span class='ocr_line' id='line_1_36' title="bbox 355 4023 1442 4118; baseline 0.002 -24"><span class='ocrx_word' id='word_1_271' title='bbox 355 4023 485 4098; x_wconf 64' lang='lat' dir='ltr'>bns‘uti</span> <span class='ocrx_word' id='word_1_272' title='bbox 506 4036 702 4104; x_wconf 84' lang='lat' dir='ltr'>catholicam</span> <span class='ocrx_word' id='word_1_273' title='bbox 724 4043 891 4117; x_wconf 81' lang='lat' dir='ltr'>acceptam</span> <span class='ocrx_word' id='word_1_274' title='bbox 912 4037 1024 4118; x_wconf 80' lang='lat' dir='ltr'>inisse3</span> <span class='ocrx_word' id='word_1_275' title='bbox 1039 4038 1216 4104; x_wconf 73' lang='lat' dir='ltr'>arbitrario</span> <span class='ocrx_word' id='word_1_276' title='bbox 1235 4035 1349 4104; x_wconf 87' lang='lat' dir='ltr'>ceteris</span> <span class='ocrx_word' id='word_1_277' title='bbox 1367 4032 1442 4096; x_wconf 78' lang='lat' dir='ltr'>chet·</span> 
     </span>
     <span class='ocr_line' id='line_1_37' title="bbox 357 4128 1441 4218; baseline 0.001 -23"><span class='ocrx_word' id='word_1_278' title='bbox 357 4131 397 4196; x_wconf 88' lang='lat' dir='ltr'>tis</span> <span class='ocrx_word' id='word_1_279' title='bbox 417 4134 554 4213; x_wconf 72' lang='lat' dir='ltr'>omnem,</span> <span class='ocrx_word' id='word_1_280' title='bbox 569 4136 653 4202; x_wconf 87' lang='lat' dir='ltr'>hanc</span> <span class='ocrx_word' id='word_1_281' title='bbox 675 4135 898 4202; x_wconf 87' lang='lat' dir='ltr'>tantummodo</span> <span class='ocrx_word' id='word_1_282' title='bbox 920 4139 1046 4204; x_wconf 76' lang='lat' dir='ltr'>sensit</span> <span class='ocrx_word' id='word_1_283' title='bbox 1060 4136 1251 4218; x_wconf 81' lang='lat' dir='ltr'>Epistolams</span> <span class='ocrx_word' id='word_1_284' title='bbox 1266 4147 1395 4215; x_wconf 76' lang='lat' dir='ltr'>ennom</span> <span class='ocrx_word' id='word_1_285' title='bbox 1406 4128 1441 4190; x_wconf 82' lang='lat' dir='ltr'>ir</span> 
     </span>
     <span class='ocr_line' id='line_1_38' title="bbox 356 4233 1440 4321; baseline 0.002 -19"><span class='ocrx_word' id='word_1_286' title='bbox 356 4245 457 4312; x_wconf 75' lang='lat' dir='ltr'>snper</span> <span class='ocrx_word' id='word_1_287' title='bbox 482 4233 645 4303; x_wconf 87' lang='lat' dir='ltr'>contendit</span> <span class='ocrx_word' id='word_1_288' title='bbox 665 4233 706 4302; x_wconf 90' lang='lat' dir='ltr'>ad</span> <span class='ocrx_word' id='word_1_289' title='bbox 731 4235 822 4304; x_wconf 88' lang='lat' dir='ltr'>iiiam</span> <span class='ocrx_word' id='word_1_290' title='bbox 842 4235 1059 4317; x_wconf 78' lang='lat' dir='ltr'>referendam,</span> <span class='ocrx_word' id='word_1_291' title='bbox 1084 4237 1125 4304; x_wconf 95' lang='lat' dir='ltr'>de</span> <span class='ocrx_word' id='word_1_292' title='bbox 1145 4254 1211 4321; x_wconf 86' lang='lat' dir='ltr'>qos</span> <span class='ocrx_word' id='word_1_293' title='bbox 1224 4236 1367 4321; x_wconf 74' lang='lat' dir='ltr'>qmmdn</span> <span class='ocrx_word' id='word_1_294' title='bbox 1380 4237 1440 4296; x_wconf 83' lang='lat' dir='ltr'>tues</span> 
     </span>
    </p>
   </div>
   <div class='ocr_carea' id='block_1_5' title="bbox 0 0 1528 4946">
    <p class='ocr_par' dir='ltr' id='par_1_8' title="bbox 0 0 1528 4946">
     <span class='ocr_line' id='line_1_39' title="bbox 0 0 1528 4946; baseline 0 2"><span class='ocrx_word' id='word_1_295' title='bbox 0 0 1528 4946; x_wconf 95' lang='lat' dir='ltr'> </span> 
     </span>
    </p>
   </div>
  </div>
 </body>
</html>
