2982 4934
359 445 591 521 mntrsttcacs,
604 462 668 525 pro
689 445 896 512 daemonibus
910 462 1042 527 quoque
1056 446 1188 520 diceret,
1206 446 1370 510 Christum
1391 464 1447 528 pes·

356 563 484 620 surum,
507 556 540 609 et
561 565 634 610 enm
657 546 826 627 praeberet
855 546 1014 610 ostentnir
1039 545 1170 620 clausa.
1192 547 1279 626 quod
1300 546 1445 626 legimns,

357 663 437 710 anre
452 649 677 726 pertransiens:
697 644 840 712 Christus
854 665 1056 727 resurqcnro
1075 645 1206 710 mortuis
1218 648 1305 710 uitro
1318 665 1383 710 non
1398 666 1448 710 vac

354 746 462 820 ritur,·
494 746 624 810 morrei
644 766 842 830 nequequam
862 744 1086 810 dominabitur.
1110 746 1201 824 Quod
1220 749 1302 812 eninr
1321 759 1448 812 morters

355 855 401 914 ort
416 857 554 927 peccato,
569 861 712 913 mortuus
731 857 775 912 est
794 850 898 926 remei,
915 849 998 929 quod
1015 860 1117 912 cutem
1137 848 1227 925 oiov't,
1247 847 1328 914 eicit
1347 847 1381 910 ie
1404 849 1451 912 tto

358 947 453 1014 mino.
475 949 545 1014 Hoc
565 953 648 1014 enirn
669 953 755 1031 quod
779 951 897 1040 dieitur
916 949 1027 1026 semet,
1060 969 1121 1015 uon
1143 951 1317 1014 secuudum
1352 953 1450 1031 recipit

357 1068 417 1114 nec
437 1052 590 1115 tertium:
610 1052 695 1114 unde
705 1049 881 1132 Apostolus
899 1052 1001 1116 scicm
1024 1069 1099 1114 enm
1119 1052 1218 1116 semel
1239 1051 1395 1133 crucifigi,
1418 1063 1450 1116 to

358 1161 388 1215 tn
403 1153 445 1216 nd
458 1151 613 1216 Hebraeos
627 1153 767 1218 affirmat
786 1154 941 1218 andacia:
962 1153 1020 1216 boc
1035 1153 1118 1218 enim
1129 1151 1202 1234 [crit
1222 1153 1313 1218 remei
1329 1153 1450 1235 ceipene

353 1253 491 1332 offusus.

436 1375 454 1414 v
467 1351 497 1420 5.
521 1353 571 1418 Ob
585 1356 664 1420 baec
677 1362 709 1420 et
725 1355 787 1418 alia
802 1355 955 1435 plurima,
968 1357 1008 1422 de
1022 1356 1140 1439 quibus
1153 1353 1294 1420 scribere
1307 1355 1448 1435 epistolae

359 1474 467 1520 sermo
481 1475 543 1520 non
561 1457 696 1536 patitur,
706 1457 908 1524 condemunti
929 1466 1003 1524 sunt
1017 1466 1048 1521 et
1062 1457 1154 1540 ejecti
1176 1457 1216 1520 de
1229 1456 1383 1522 Ecclesia.
1400 1458 1447 1522 Set

360 1555 500 1620 intuiteiti
518 1556 630 1639 juncte
651 1559 816 1638 superbia,
833 1560 1057 1640 episcoporum
1076 1558 1204 1641 judiciis
1224 1559 1447 1630 contradicunt,

357 1658 597 1723 cohaereticum
619 1677 714 1723 suum
731 1661 865 1724 nitentes
885 1660 1039 1724 seditione
1054 1659 1237 1736 defendere,
1253 1671 1285 1722 et
1306 1679 1363 1741 per
1383 1660 1451 1722 atie

355 1775 415 1820 uns
427 1759 608 1839 provincias
621 1761 839 1836 suberrantes,
857 1761 997 1826 damnati
1017 1761 1203 1824 damnatum
1218 1761 1335 1824 babent
1345 1761 1447 1824 ducem

359 1867 393 1922 et
413 1858 510 1941 bnjus
525 1859 631 1941 operis
651 1861 831 1940 eriguntur.
848 1858 991 1924 Obsecro
1004 1865 1121 1942 traque
1137 1881 1205 1936 vos,
1230 1861 1345 1924 irntres
1364 1861 1448 1924 caris·

352 1961 444 2038 simi,
461 1969 508 2036 ut,
530 1963 555 2024 si
571 1964 653 2024 istuc
671 1962 811 2038 veniunt,
834 1965 1012 2042 praeceptis
1026 1963 1216 2043 evangelicis
1230 1982 1284 2028 eos
1298 1963 1337 2026 ed
1358 1963 1449 2044 tacry-

362 2080 429 2126 mas
451 2063 643 2142 proruentis.
659 2060 732 2126 rou
752 2065 853 2128 nostri
874 2083 943 2128 esse
957 2075 988 2127 et
1003 2064 1087 2139 illos,
1110 2075 1142 2128 ct
1156 2066 1235 2128 aiios
1250 2084 1375 2129 errores
1389 2081 1448 2126 eor·

356 2163 464 2241 rigere
485 2165 689 2242 poenitentia,
706 2174 739 2228 et
758 2164 852 2244 digne
871 2183 931 2228 suo
953 2168 1080 2228 nomine
1099 2173 1334 2241 conversantes,
1350 2175 1383 2228 nt
1405 2163 1448 2244 qai

361 2271 520 2327 vocantur
542 2267 710 2340 monecbi,
732 2265 757 2328 si
771 2274 884 2328 ‚temen
907 2267 969 2329 boc
989 2285 1058 2330 esse
1079 2269 1220 2346 cupiant,
1241 2267 1329 2346 qnod
1350 2266 1444 2330 dicun·

360 2373 427 2437 tur,
453 2366 615 2430 sitentium
636 2367 779 2447 diligent,
802 2376 834 2430 et
855 2366 949 2431 iidem
970 2367 1174 2442 catholicam,
1190 2368 1309 2447 quibus
1330 2367 1403 2430 cibit
1423 2385 1447 2428 c

359 2467 468 2528 mnino
489 2475 536 2530 est
557 2467 815 2548 praeterendum.
836 2467 896 2533 Sed
921 2477 957 2532 nt
977 2469 1086 2544 nudio,
1109 2469 1267 2536 imitentes
1288 2468 1445 2538 zabulum,

360 2567 425 2631 buc
446 2567 590 2650 illucque
611 2569 810 2646 discurrunt,
825 2578 858 2632 et
877 2577 1039 2651 quaeruut
1060 2587 1142 2650 qnos
1162 2569 1228 2633 scis
1249 2568 1446 2650 impietatibus

360 2669 525 2732 devorent.
549 2669 668 2735 Putant
686 2675 771 2734 enim
795 2671 947 2734 insaniam
972 2669 1090 2744 tidem,
1117 2670 1283 2734 andaciam
1307 2667 1448 2734 tortitudi-

361 2787 453 2848 nem3
476 2779 508 2834 et
528 2771 644 2834 iccirco
659 2771 759 2836 erecti
780 2771 811 2835 in
831 2771 1029 2852 snperbiam,
1045 2771 1280 2836 ecclesiasticen
1302 2771 1446 2851 proedict-

363 2873 438 2934 tioni
454 2871 601 2952 Origenis
623 2873 814 2947 doctricem,
830 2891 913 2952 qnae
935 2872 1137 2938 idololatriae
1154 2876 1252 2940 mixta
1267 2882 1329 2948 est,
1343 2871 1448 2955 preste

364 2981 447 3036 runt.
467 2971 574 3035 Sicubi
596 2991 674 3052 erpo
696 2972 824 3048 iratres,
847 2981 879 3036 et
899 2973 1037 3054 plebem,
1054 2993 1138 3052 quae
1155 2975 1243 3039 vobis
1263 2976 1382 3040 credite
1401 2980 1446 3044 est,

364 3072 496 3135 turbere
512 3075 716 3148 tentaverint,
738 3073 897 3136 custodite
912 3090 1040 3153 gregem
1062 3070 1200 3149 Domini,
1216 3084 1247 3136 et
1261 3074 1383 3137 insanos
1401 3075 1446 3133 im·

365 3181 457 3254 pctus
478 3191 591 3236 eornm
614 3174 788 3252 reprimite.
824 3173 918 3238 Nibil'
932 3175 976 3236 eis
997 3173 1187 3250 nocuimus,
1210 3175 1289 3237 nibil
1313 3175 1445 3240 tntimm:

363 3291 425 3336 una
447 3291 558 3336 caussa
581 3275 611 3334 in
633 3293 689 3337 uos
710 3274 859 3338 odiorum
881 3282 940 3349 est,
963 3274 1049 3356 qnod
1072 3276 1234 3355 usquead
1257 3287 1389 3342 mortem
1407 3289 1447 3353 pt·

225 3378 246 3470 ⁸.
365 3377 426 3439 rati
446 3392 558 3437 snmus
579 3373 672 3436 tidem
694 3373 876 3438 detondere.

443 3498 459 3534 a
475 3473 505 3540 6.
529 3473 662 3538 Caetera
685 3477 917 3556 praetermitto,
934 3476 1097 3558 quomodo
1112 3477 1201 3540 nobis
1215 3493 1325 3541 necem
1346 3475 1445 3540 interce

367 3577 569 3651 tentaverint,
583 3583 615 3638 et
628 3579 746 3659 quibus
761 3579 878 3644 insidiis
894 3580 924 3642 id
943 3580 1112 3642 machinati
1127 3589 1213 3654 suut,
1226 3579 1355 3660 quando
1366 3587 1394 3641 et
1407 3593 1446 3636 ec·

366 3678 507 3753 ctesiavu,
530 3697 613 3758 qnae
634 3690 682 3744 est
701 3682 732 3742 in
755 3683 947 3743 monasterio
970 3679 1092 3744 Nitriae
1104 3689 1117 3756 ,⁶
1139 3690 1307 3760 postquam
1329 3673 1444 3742 tanasii

363 3791 450 3853 sunt,
473 3791 717 3859 occupaverunt
729 3801 740 3860 ;
764 3789 844 3844 utet
864 3800 921 3845 nos
942 3791 973 3844 ct
989 3780 1118 3863 pinrimi
1141 3780 1305 3844 nobiscum
1324 3773 1442 3860 episcopi

365 3898 402 3941 ac
433 3881 663 3943 monachorum
685 3892 791 3960 petrns
822 3892 854 3943 et
874 3890 979 3944 aetate
1001 3881 1199 3944 venerabiles
1227 3883 1368 3962 ingressu
1387 3877 1443 3955 ejas
1487 3903 1488 3952 t

351 3979 625 4058 prohiberentur,
642 3981 807 4044 conductis
829 3981 984 4044 libertinis
999 3991 1032 4043 et
1050 3979 1164 4057 serris,
1180 3981 1236 4060 qui
1258 3988 1382 4060 propter
1399 3991 1443 4052 pu·
1487 4063 1488 4070 ἵ

365 4079 429 4140 tem
452 4089 484 4142 ct
506 4091 648 4144 ventrem
670 4082 708 4144 ad
732 4101 826 4145 omne
847 4083 970 4146 iacinus
991 4081 1105 4144 armati
1134 4089 1219 4145 sunt.
1244 4081 1381 4164 Cumque
1397 4088 1442 4150 σιν
1487 4083 1488 4168 t

365 4183 554 4260 portnuiora
576 4184 729 4248 ecclcsiae
749 4185 840 4266 quasi
857 4185 887 4246 iu
909 4183 1072 4249 obsidione
1092 4183 1194 4260 urbis,
1219 4189 1356 4250 tenerent
1371 4177 1438 4244 loct,
1487 4175 1488 4248 ζ
