2994 4938
59 460 123 520 rcpc
141 447 236 503 omem
258 459 311 501 cos
329 441 463 518 semem,
482 447 517 502 stt
538 437 699 502 cossrcsn's
719 455 788 515 eos,
815 437 874 519 qai
901 438 1108 502 dissensiones
1129 447 1158 500 et

56 541 227 624 offcads'cms
242 549 368 622 prester
387 542 579 616 doctrinan,
599 557 693 621 paon
713 537 960 618 condidicistis,
981 539 1157 621 sociant...]

126 643 191 708 «Et
211 647 363 722 quonism
382 641 571 706 Basioianns
594 641 730 706 ittnstris
743 650 776 704 et
788 643 974 722 magnittcus
992 643 1053 718 vir,
1069 643 1157 706 titius

57 753 164 821 noster,
186 762 258 808 cum
280 745 348 821 his,
370 745 427 825 qui
448 762 509 825 pro
530 745 654 808 actibus
677 751 752 807 tuos
774 743 984 808 fraternitatis
1003 743 1159 808 ecclesiae

56 848 82 906 in
94 845 357 927 Constantinopoli
377 847 563 922 observant,
581 848 652 927 pari
675 847 800 910 ratione
819 844 938 910 dixisse
958 855 1156 924 noscuntur,
1236 833 1246 852 ’

55 947 138 1008 etiam
158 946 217 1010 hoc
230 945 290 1010 Dei
309 947 453 1010 inimicos
471 945 570 1011 tuisse
591 946 752 1024 mentitos,
767 947 855 1028 qnod
878 965 1013 1029 persam
1035 949 1159 1028 episcc-

56 1065 159 1126 pccum
182 1045 258 1112 thoe
278 1045 579 1129 stqne'thsodoriti
601 1047 633 1110 in
654 1054 766 1112 nostro
787 1046 886 1128 (qnod
907 1046 1000 1123 absit)
1024 1046 1159 1112 tuissent

3 1133 6 1148 ’
55 1147 193 1232 iudicato
213 1150 404 1231 damuatsa3
418 1151 528 1230 tegant
542 1166 620 1228 erpo
635 1165 721 1231 quae
736 1149 775 1212 ds
796 1165 907 1225 cause,
924 1165 1008 1228 qnae
1023 1149 1079 1212 hte
1092 1167 1160 1212 mc·

57 1259 82 1312 ta
95 1260 150 1327 est,
170 1250 208 1313 nd
231 1251 366 1315 tratrem
381 1259 529 1316 nostrum
544 1249 695 1316 Mannum
717 1251 1081 1331 constantinopotitanae
1103 1269 1159 1315 ur·

55 1352 95 1413 bis
107 1353 288 1432 episcopum
308 1353 483 1416 scribentes
498 1353 636 1432 tegimus
656 1350 815 1416 definisse:
830 1359 863 1416 et
877 1360 954 1416 tunc
968 1359 1162 1432 cognoscent

54 1451 120 1514 nitsit
139 1454 274 1530 annon,
296 1450 365 1516 Deo
385 1471 443 1517 nos
459 1452 670 1527 custodiente,
686 1455 905 1528 commissum,
927 1452 979 1515 ast
1001 1460 1089 1517 certe
1111 1453 1158 1514 di-

54 1554 214 1633 spositum,
237 1553 324 1634 qnod
346 1561 459 1618 contra
481 1553 575 1616 fidem
600 1553 939 1634 praedicationemque
960 1553 1158 1617 veneranda·

55 1671 118 1716 rom
139 1665 281 1734 quatuor
301 1652 521 1739 synodorum,
534 1671 618 1734 quaa
639 1669 701 1735 pro
715 1669 778 1716 una
799 1654 978 1733 eademque
1000 1653 1061 1719 aas
1082 1653 1160 1717 deti·

54 1753 108 1816 aita
127 1763 211 1830 sunt,
228 1754 311 1817 idest
331 1755 493 1830 nicaenae,
515 1753 893 1834 constantinopolitanae,
909 1755 1079 1833 ephesinae
1093 1757 1161 1837 pri·

54 1871 125 1926 nae,
146 1865 177 1918 et
191 1856 453 1920 chalcedonensis
467 1858 652 1936 reperiatur
666 1870 817 1917 aversum
828 1857 839 1934 ,⁴
852 1861 910 1918 aut
925 1855 1019 1919 unius
1033 1875 1075 1920 ex
1097 1855 1159 1933 hta,

55 1957 103 2033 qni
122 1957 297 2020 dettntttnat
322 1959 563 2038 suprascriptae
588 1956 849 2020 chalcedonensis
870 1953 943 2018 fldet
965 1957 1164 2037 subscripse-

55 2063 132 2132 runt,
156 2065 288 2137 tangant
318 2058 486 2137 iniuriam:
510 2057 562 2120 snt
583 2057 670 2137 qnod
693 2056 898 2120 decessorum
920 2062 952 2118 et
973 2058 1163 2136 praedeces·

54 2174 155 2220 sorum
180 2165 368 2222 nostrornm
398 2159 582 2221 inventatur
603 2156 712 2237 (qnod
737 2156 840 2246 absit)
873 2159 1055 2222 constitutis
1077 2158 1162 2222 torte

54 2261 241 2324 contrarium
252 2279 264 2338 3
285 2260 340 2322 sed
362 2261 394 2321 in
408 2259 556 2323 omnihus
572 2257 779 2337 Apostolicae
792 2257 882 2322 Sedis
903 2259 1106 2338 praesulum,
1128 2266 1162 2322 et

54 2357 153 2422 bcatm
174 2361 406 2424 reeordationis
419 2359 524 2439 Papae
546 2357 661 2422 Leonis
683 2367 716 2422 et
736 2359 995 2438 praedicatarum
1017 2360 1161 2443 Synndo·

55 2476 118 2522 sum
137 2461 334 2525 adversariis
355 2462 520 2525 restitisse.
974 2539 982 2556 ι

123 2561 402 2626 aFraternttatcm
420 2568 559 2626 vestram
580 2553 742 2625 crsdtmus
755 2579 818 2624 non
833 2562 947 2636 tatere,
963 2562 1107 2627 inimicos
1129 2562 1165 2623 a·

55 2659 98 2723 dei
117 2663 309 2728 christianae
324 2665 384 2728 troc
398 2681 526 2743 sempor
546 2663 685 2728 seculari
706 2674 738 2726 et
755 2663 964 2743 reprobanda
988 2665 1116 2727 motitos
1131 2679 1164 2725 a·

55 2767 164 2840 static,
187 2774 224 2828 ut
245 2763 465 2846 Esangntistas
495 2770 639 2846 quatuor
660 2765 822 2826 contraria
843 2764 903 2826 sibi
927 2763 1035 2843 tquod
1057 2764 1164 2842 absit)

54 2863 159 2928 dixisse
174 2875 412 2946 monstrarent3
434 2866 552 2945 quibus
566 2883 584 2928 a
599 2866 715 2928 sanctis
730 2863 879 2928 Patribus
894 2880 952 2945 par
967 2863 1160 2945 Evangelio·

55 2981 119 3028 rum
148 2967 341 3031 concordiae
374 2967 474 3030 tibros
495 2976 543 3030 est
564 2966 695 3030 coelesti
726 2966 879 3046 sapientia
912 2966 1161 3030 contradictum.

56 3063 141 3142 Quod
172 3086 260 3133 nnnc
293 3087 425 3150 qunque
458 3069 560 3132 sancti
595 3067 857 3131 chalcedonensis
885 3068 1018 3132 Consilii
1050 3068 1166 3131 adser-

56 3171 123 3234 sarii
155 3171 263 3252 (inter
294 3189 377 3251 qnos
406 3172 504 3234 etiam
527 3169 697 3234 Rusticum
725 3177 757 3233 et
782 3169 1004 3235 Sebastianum
1035 3187 1166 3250 compe·

54 3271 145 3334 rinus
165 3274 260 3337 istius
280 3277 431 3336 auctores
453 3271 616 3353 scandati3
634 3289 715 3351 quos
737 3271 815 3333 otim
837 3272 1036 3352 promeritis
1057 3272 1124 3334 suis
1145 3286 1162 3331 a

54 3387 135 3434 sacra
147 3376 373 3440 communione
386 3371 622 3453 suspendimus,
638 3375 669 3436 iu
688 3371 805 3453 quibus
819 3389 889 3449 aas,
905 3375 932 3436 st
946 3389 1010 3435 uon
1025 3375 1167 3453 resipue-

55 3472 112 3535 rint
130 3476 296 3550 celeriter,
313 3474 499 3540 fraternitas
514 3485 569 3539 tua
584 3481 756 3555 cognoscat
777 3475 962 3538 canonicam
976 3476 1164 3559 sententiam

56 3575 257 3654 prolaturus)
278 3576 334 3655 qui
354 3577 416 3640 sub
436 3581 609 3657 praetentu
633 3575 733 3639 tatone
754 3575 945 3640 detensionis
965 3574 1106 3650 student,
1129 3580 1166 3638 ut

55 3676 190 3742 eamdem
203 3675 368 3762 Synodnm
379 3686 491 3743 eontra
508 3678 688 3759 praedictas
702 3684 768 3740 tres
778 3675 923 3758 Synodos
937 3676 1053 3739 dixisse
1065 3674 1163 3756 tqood

57 3773 149 3852 absit)
171 3779 342 3842 ostendant
356 3823 468 3844 .....
486 3777 654 3844 Credimus
666 3779 750 3842 enim
771 3777 937 3840 catheticis
956 3775 1119 3840 Ecclesiae
1131 3773 1166 3836 u·

53 3874 98 3938 tiis
117 3885 167 3954 ct,
191 3897 277 3960 qnae
299 3889 376 3946 tnnc
395 3881 435 3946 ad
459 3881 595 3945 tratrem
610 3888 643 3944 et
664 3879 891 3960 coepiscopum
907 3887 1055 3942 nostrum
1077 3875 1166 3939 Men·

55 3983 350 4061 conscripsimus,
373 3983 453 4047 idest
474 3983 515 4047 de
539 3981 745 4062 blasphemiis
766 3977 929 4044 Theodori
951 3976 1166 4060 mopsuesteni

54 4077 184 4160 ejusque
205 4101 363 4162 persona,
397 4085 450 4148 vet
471 4085 510 4146 de
531 4082 690 4164 Epistola,
721 4099 806 4162 qnae
827 4082 867 4145 ad
895 4079 1012 4143 diesim
1034 4077 1165 4142 Persam

55 4180 169 4264 scripto
185 4184 226 4250 ab
242 4184 297 4249 tas
318 4185 451 4264 dicitur,
468 4191 501 4251 et
521 4183 654 4268 Scriptis
666 4183 867 4261 Theodoriti,
889 4197 974 4264 qnae
990 4185 1169 4246 contraue-
