3042 4940
383 478 578 544 montionem
606 478 705 543 trium
726 475 983 561 capitulorum,
1004 477 1153 545 omnibus
1180 479 1221 566 tie
1247 479 1353 546 medio
1368 479 1457 544 sullntis

378 579 509 656 'dubiis,
527 582 558 644 iu
580 580 697 661 quibus
726 597 744 642 a
761 581 919 662 principio
940 581 1085 645 involuta
1109 581 1291 660 ridebatur,
1308 581 1457 664 proindeque

382 693 536 747 accurato
564 681 774 746 examinanda
813 692 905 759 erat,
941 685 1184 765 comprehendit
1216 681 1298 747 lnonc
1342 685 1454 764 quaetio

378 801 450 846 nem
466 783 616 848 scandala
636 783 732 848 luisse
746 785 777 847 in'
794 783 935 848 Ecclesia
954 787 1182 863 excitaturum,
1205 785 1337 848 lortiter
1350 785 1456 848 strena·

377 885 436 948 'rr'is
457 883 572 949 restitit
584 906 595 966 3
627 901 685 950 noc
707 890 819 966 passim
840 894 889 950 est
910 886 996 950 ultra
1018 869 1076 951 aut
1096 889 1264 963 incertam,
1286 888 1354 950 sino
1371 885 1455 948 inille

375 993 502 1050 rentem
524 985 608 1049 hane
629 988 814 1050 existimare
845 989 1077 1068 quaestionem.
1094 987 1228 1069 'Neque
1255 988 1379 1069 insuper
1393 985 1455 1066 quii·

379 1085 478 1168 uuam
493 1087 525 1151 iu
546 1096 748 1152 antecessore
776 1105 836 1152 suo
859 1089 987 1170 nutavit
1009 1089 1249 1171 reprobandum
1274 1098 1334 1154 ant
1350 1089 1376 1150 io
1391 1086 1456 1151 toti

379 1193 474 1265 cato,
496 1189 584 1270 quod
612 1189 742 1274 Synotlo
771 1191 958 1269 praemisit,
989 1209 1048 1254 seu
1068 1193 1101 1255 iu
1131 1191 1353 1271 expectatione
1372 1187 1455 1274 §genii

380 1288 619 1368 generatimst
641 1289 745 1353 mullo
767 1291 870 1353 minus
891 1289 933 1353 ob
950 1289 1221 1366 incertitudinem,
1237 1299 1296 1354 nui
1319 1293 1455 1354 incontra·

376 1394 467 1466 tiam,
491 1391 606 1455 rel-ob
628 1391 948 1471 tergiversationem,
980 1393 1077 1458 sicuti
1099 1393 1140 1456 ab
1160 1393 1359 1458 adremariis'
1378 1389 1455 1454 reite

378 1491 491 1573 ‘guitur
512 1488 658 1572 vigilius.
689 1489 759 1555 Nec
791 1493 915 1554 tandem
938 1493 971 1556 iu
992 1493 1146 1573 praelatis
1166 1491 1286 1575 Pelagii
1311 1489 1455 1559 testimoniis

378 1591 487 1674 (quoti
513 1593 642 1674 quidem
664 1592 739 1655 satis
762 1593 909 1674 proliciti
935 1593 1112 1675 quinionem
1135 1604 1269 1660 notatur
1289 1595 1331 1660 de
1348 1591 1456 1672 Onigrnis

377 1711 437 1760 nec
458 1695 498 1759 tle
518 1695 766 1776 origenistarum
788 1696 955 1760 erroribus
979 1713 1038 1760 uec
1052 1695 1093 1760 tis
1114 1697 1247 1762 illorum
1268 1695 1454 1762 commnione:

374 1797 484 1878 ‘cnjus
503 1796 549 1860 uti
570 1791 780 1858 ex'l'ractatu
797 1791 981 1873 Iustiniani,
997 1797 1037 1859 tic
1051 1815 1119 1878 quo
1132 1796 1268 1862 inferius
1288 1813 1387 1862 sermo
1402 1793 1454 1866 erit,

262 1885 266 1894 ’
376 1906 494 1963 auctor
513 1906 545 1963 et
566 1894 759 1962 sollicitator
779 1897 952 1978 primarius
982 1895 1169 1962 haberetur.
1200 1895 1242 1962 Et
1262 1898 1343 1963 haec
1360 1892 1456 1960 interint

377 1998 532 2064 satisfiunt
557 2018 598 2063 or
619 1999 764 2081 probatis
785 2007 817 2062 et
840 1999 1090 2064 consonantibus
1109 2001 1196 2064 iuter
1217 2017 1252 2066 se
1274 1997 1386 2082 Peltgii
1401 1993 1456 2062 ser'r

375 2101 438 2183 ptis
459 2107 525 2167 tem
547 2119 607 2184 pro
628 2099 758 2183 vigilio,
782 2107 847 2168 tam
867 2118 929 2182 uro
943 2099 1085 2184 Origene
1105 2105 1212 2168 cruta.
