3042 4940
520 457 659 532 CAPUT
681 457 753 526 vlt.
1163 355 1203 424 ⁵⁵

89 657 212 742 Pelagii
236 660 341 744 Popoe
360 661 408 728 11.
429 673 602 748 squamae
629 674 657 728 et
677 661 887 730 illustrentur
906 662 1120 732 obtestationes
1140 666 1197 730 od·

122 779 228 826 serem
247 763 345 830 triam
369 762 591 848 capitulorum
611 766 851 849 defensoreeroe
870 784 938 830 unu
957 765 1128 830 diluuntur
1148 783 1198 828 re·

118 864 290 930 rectiorem
308 865 587 950 interpretationes
600 866 637 932 in
657 867 804 952 epistolas
824 861 919 952 iuius
934 866 1103 950 Pontificio
1123 886 1197 932 eco-

120 975 196 1032 diat.

84 1211 185 1338 Cum
216 1277 327 1338 autem
350 1271 472 1355 Pelagii
500 1273 541 1340 ll.
570 1274 611 1341 dc
630 1274 742 1342 eodem
778 1292 816 1340 ro
844 1291 958 1338 sensus
988 1273 1199 1355 perquirendi

83 1377 153 1454 sint,
176 1378 257 1440 llaec
277 1375 422 1440 arbitror
442 1376 623 1457 ponderato
642 1377 748 1459 digua.
771 1374 804 1439 Si
826 1373 1034 1440 Pontificatus
1056 1373 1195 1442 Romani

83 1477 274 1558 praeeuntia
296 1479 328 1541 iu
351 1477 514 1542 Ecclesiae
536 1478 669 1560 negotiis
692 1477 865 1542 tractandis
889 1477 1010 1558 ubiquc
1029 1485 1063 1541 ei
1082 1494 1199 1558 perpe·

84 1583 137 1643 tuo
157 1580 189 1645 in
208 1579 291 1642 orbo
311 1579 488 1644 christiano
509 1582 727 1661 corruscari13
758 1597 797 1644 ac
818 1578 916 1644 simul
938 1578 1025 1642 Petri
1048 1578 1143 1642 tidem
1165 1581 1198 1644 in

80 1679 142 1744 sois
161 1681 403 1746 successoribus
425 1698 486 1748 con
505 1680 645 1762 lapidem
673 1679 863 1762 angularem
885 1689 1031 1762 perstare
1053 1680 1198 1746 demissi·
1316 1663 1320 1680 ’

81 1799 160 1844 mam
180 1781 357 1846 uniuersim
387 1782 546 1846 creditum
572 1781 684 1858 tuerit,
699 1799 866 1863 nunqnam
888 1780 1023 1846 tortasse
1047 1783 1130 1846 uotis
1153 1781 1199 1847 ita

81 1883 281 1962 patentibus,
315 1883 394 1946 mec
420 1900 572 1962 suprema
596 1890 758 1964 potestas,
786 1883 922 1966 ejusque
952 1899 1143 1962 supremum
1165 1881 1198 1946 iu

81 1985 174 2050 robus
195 1985 270 2056 fldei
284 1984 672 2066 decernendisjudicium,
690 1984 790 2049 veluti
809 1984 857 2049 tris
874 1984 1000 2060 diebus,
1015 2000 1196 2064 uunquam,

82 2086 161 2164 dico,
183 2096 248 2152 tam
270 2088 465 2166 amplissime
488 2086 651 2150 refulsisse
675 2086 836 2150 ridentur.
854 2084 943 2150 duee
967 2092 1003 2149 ut
1022 2085 1123 2166 siquis
1146 2085 1200 2149 sel

81 2197 150 2254 ante
169 2189 293 2270 Pelagii
316 2187 340 2251 l.
362 2196 394 2253 et
416 2188 535 2268 Pelagii
554 2185 594 2250 ll.
615 2204 746 2264 nerum,
771 2194 829 2250 aut
850 2195 922 2267 post
941 2185 1097 2250 dubitarit
1117 2203 1200 2268 qao·

81 2287 260 2362 dammodo,
285 2289 350 2353 huc
369 2288 476 2364 adeat,
498 2289 684 2369 certiorque
705 2287 746 2351 de
767 2288 827 2352 hac
851 2285 1077 2351 veritatedat.

154 2389 387 2454 Perse‘reraute
406 2388 534 2452 interim
556 2390 586 2453 iu
604 2385 747 2454 Ecclesia
768 2389 938 2452 schismate
959 2383 1001 2451 ob
1018 2389 1115 2452 trium
1137 2385 1198 2452 Ca·

82 2489 257 2570 pitolorum
280 2492 530 2566 damnationem,
554 2491 698 2571 undique
719 2490 863 2554 hostibus
883 2491 1002 2554 zizania
1024 2491 1201 2572 spargenti-

80 2591 134 2656 bus
150 2593 182 2656 in
201 2611 283 2674 agro
302 2592 463 2656 dominico
477 2599 510 2655 et
531 2592 721 2672 praesertim
737 2592 768 2654 in
790 2591 904 2658 istriae
926 2593 1056 2672 regione
1079 2610 1195 2673 mugno

83 2695 260 2760 animorum
275 2693 470 2770 discrimine,
486 2693 634 2774 Pelagius
658 2691 698 2756 ll.
722 2693 963 2758 huicscandalo
984 2693 1196 2758 consulturus

82 2791 135 2856 hos
153 2795 241 2859 dedit
274 2795 425 2875 epistolae
446 2795 544 2875 ipsius
566 2793 704 2874 regionis
725 2792 904 2874 episcopis3
929 2810 1070 2874 quornm
1092 2795 1197 2874 prima

84 2893 158 2960 haec
180 2897 299 2962 habet:
318 2894 445 2974 «Quod
466 2895 507 2960 ad
529 2897 732 2961 dilectionem
756 2904 909 2972 oestrum,
933 2895 1052 2960 iratres
1073 2895 1198 2975 filiique

83 2998 254 3076 carissimi,
283 3006 393 3063 costra
416 2999 539 3063 tardius
558 2991 680 3080 scripta
710 2998 899 3080 dirigimus,
928 3015 991 3060 nou
1014 2996 1194 3062 malevolae

86 3097 253 3164 volontatis
276 3141 310 3163 ..
437 3096 657 3174 Considerate,
680 3101 849 3176 carissimi,
871 3102 948 3180 quin
967 3099 1085 3163 veritas
1106 3117 1195 3164 mcu-

87 3198 136 3262 tiri
153 3219 216 3264 non
232 3207 350 3282 potest,
371 3219 430 3264 nec
450 3199 528 3267 tides
544 3201 631 3266 Petri
652 3203 684 3266 iu
705 3210 873 3266 aeternnm
889 3201 1036 3282 quassari
1058 3204 1192 3282 putarit,

88 3301 136 3364 sel
156 3303 290 3367 mutari.
322 3301 404 3370 Nam
426 3320 500 3368 cnm
521 3321 632 3368 omnes
652 3303 827 3384 discipulos
858 3303 1006 3368 diodolus
1029 3303 1068 3367 nd
1092 3305 1197 3368 exort-

87 3397 239 3466 brandum
261 3404 457 3485 poposcerit,
479 3422 538 3487 pro
558 3403 630 3466 solo
652 3402 750 3466 Petro
770 3421 806 3466 so
821 3400 976 3467 Dominus
998 3419 1127 3484 rogasse
1152 3410 1196 3464 te·

83 3507 201 3583 statnr3
217 3515 252 3569 et
264 3505 306 3568 ab
320 3521 360 3568 eo
376 3505 479 3570 soluit
499 3513 625 3570 ceteros
646 3505 854 3570 condensari:
872 3505 924 3570 cni
939 3504 1035 3568 etiam
1052 3521 1112 3584 pro
1129 3521 1195 3566 ma-

82 3599 142 3681 jori
162 3604 349 3685 dilectione,
363 3624 461 3687 quam
484 3625 561 3688 pras
576 3607 693 3671 ceteris
714 3604 850 3671 Domino
863 3606 1049 3681 exhibebat,
1062 3623 1194 3687 pescen-

86 3701 194 3768 derom
217 3707 329 3770 osium
350 3706 537 3772 sollicitudo
558 3708 727 3770 commissa
748 3715 806 3770 est.
837 3704 897 3772 Cui
919 3716 953 3771 et
974 3706 1081 3770 claves
1106 3708 1194 3786 regni

86 3804 247 3869 caelorum
269 3805 399 3874 tradidit
406 3826 418 3885 ς
451 3814 484 3871 et
503 3825 604 3890 super
624 3824 721 3887 quem
743 3806 911 3872 ecclesiam
933 3824 1025 3871 suum
1046 3805 1195 3870 aedifice-
1238 3869 1240 3876 ,

87 3908 192 3969 turum
213 3925 283 3972 esse
303 3910 472 3989 promisit;
487 3927 546 3972 nec
567 3915 676 3989 portas
697 3907 812 3970 interni
833 3906 988 3972 adsersus
1009 3923 1080 3972 eam
1102 3925 1197 3988 praa·

88 4004 191 4070 solere
224 4015 358 4074 testatus
378 4016 438 4074 est.
470 4007 532 4074 Sed
563 4008 640 4089 quia
661 4008 808 4073 iuimicus
834 4007 965 4072 humani
996 3990 1123 4088 generis
1145 4027 1195 4071 us·

86 4119 146 4182 quc
166 4109 197 4170 in
218 4108 313 4174 duom
333 4111 435 4174 seculi
456 4127 519 4175 nou
549 4110 687 4191 quiescit
706 4113 738 4174 in
759 4108 886 4174 Domini
908 4107 1089 4174 Ecclesiam
1110 4109 1194 4173 bono

86 4207 191 4274 semini
222 4212 480 4293 superseminare
510 4211 654 4278 zizania:
685 4209 824 4293 ideoque
855 4227 895 4278 no
916 4210 1001 4278 torte
1022 4211 1195 4318 quisquam
