3138 4950
1200 393 1261 464 lid

141 507 446 577 stenetouteemes:
463 505 596 582 «Talia,
622 507 727 589 iuquit
742 504 968 580 Adamantius,
985 504 1144 584 quaedam
1168 504 1261 567 rideo

141 615 238 678 etiam
268 614 358 678 uoltis
379 609 538 678 accidere.
568 610 652 676 Nam
673 611 807 690 quidam
838 615 956 672 auctor
977 608 1160 682 haereseos,
1183 625 1258 670 cum

136 716 199 778 suit
220 714 399 794 praeseutia
422 710 605 778 multorum
620 711 729 775 habita
749 711 835 773 iuter
855 726 913 772 uos
935 708 1049 772 inisset
1062 709 1238 790 disputatio
1246 697 1272 785 ;'

138 823 171 879 ct
192 815 392 894 descriptum
425 812 585 894 accipiens
605 811 647 876 ab
668 814 730 889 his,
751 811 809 891 qui
837 809 1076 889 descripserant
1096 810 1255 884 codicem,

138 933 225 996 quae
248 914 365 991 votuit,
380 912 515 990 addidit,
530 919 563 978 et
577 930 663 993 quae
684 911 806 988 noluit,
828 911 977 985 abstulit,
993 918 1026 974 et
1045 911 1133 991 quod
1152 912 1257 974 risum

138 1022 189 1079 cst
209 1013 252 1090 ei,
275 1011 489 1093 permutavit,
511 1010 748 1076 circumferens
769 1017 922 1090 tanquam
938 1027 980 1073 ex
1001 1010 1129 1074 uomina
1149 1019 1260 1074 nostro

4 1145 9 1182 i
137 1115 310 1188 insultans,
330 1122 364 1177 ut
384 1113 554 1178 ostendeus
574 1129 626 1190 ea,
648 1131 734 1193 quae
756 1113 824 1192 ipse
844 1112 1045 1191 conseripsit.
1065 1110 1128 1175 Pro
1142 1113 1261 1192 quibus

4 1245 8 1284 ε
137 1216 339 1296 indignantes
361 1215 484 1279 tratres
504 1221 567 1278 etc.
585 1233 602 1272 a
619 1211 709 1278 Unde
730 1214 896 1294 arguitur,
909 1231 1007 1293 quam
1029 1215 1192 1278 immerito
1205 1233 1264 1278 uo·

3 1345 10 1365 ·
139 1334 214 1382 meu
245 1317 400 1381 haeretici
422 1315 621 1396 adscriptum
643 1315 685 1380 sil
705 1313 851 1395 Origeui.
884 1313 1081 1395 ceteroquin
1101 1317 1128 1380 si
1150 1331 1264 1395 reapse

139 1418 306 1484 haeretica
326 1418 503 1495 docuisset,
525 1435 588 1482 nou
611 1416 725 1482 luisset
749 1416 800 1481 sei
822 1417 1006 1493 haereticis,
1029 1417 1081 1480 rel
1104 1417 1217 1480 insidis
1238 1418 1264 1478 ii

138 1520 229 1600 psius
250 1520 352 1584 libros
373 1517 605 1601 corrumpendi
628 1527 685 1584 aut
707 1517 845 1583 talsandi
866 1537 962 1600 epus,
984 1523 1043 1582 aut
1063 1535 1175 1581 sensus
1196 1519 1262 1582 alio

3 1655 6 1691 i
141 1619 370 1702 retorquendi,
386 1639 453 1702 quo
469 1621 536 1700 ipse
553 1637 616 1686 oon
631 1620 776 1684 intendit.
795 1618 876 1684 Cum
892 1620 965 1683 ideo
981 1619 1011 1682 iu
1025 1637 1084 1683 sua
1100 1620 1263 1684 conscien-

2 1763 6 1792 ,
141 1722 185 1784 tia
207 1739 356 1800 securus,
380 1730 418 1786 ul
437 1720 631 1802 apostotus,
653 1721 693 1786 de
715 1729 802 1785 recta
827 1720 900 1794 tide,
923 1738 1022 1803 qoam
1048 1720 1263 1801 profitebatur

144 1832 179 1886 et
200 1823 437 1904 propugnabat,
460 1821 565 1889 Deum
596 1823 727 1887 invocat
746 1839 933 1886 sermonum
965 1840 1102 1886 suorum
1126 1830 1261 1886 testem:

2 1883 4 1894 ι
142 1923 279 2005 «siquis
299 1942 383 2004 crgo,
399 1925 455 2000 ait,
476 1925 545 1989 nult
564 1925 685 1988 credere
705 1923 785 1988 midi
804 1924 840 1986 in
853 1933 1017 2006 conspectu
1033 1922 1090 1987 Dei
1103 1923 1243 2004 loquenti
1248 1943 1263 1999 ,·

1 2063 4 2103 ,
137 2025 236 2090 ctiam
249 2026 327 2101 isla,
341 2045 420 2108 quac
440 2023 477 2090 in
497 2025 644 2106 Epistola
663 2043 732 2089 mco
753 2028 890 2106 conficto
909 2032 985 2088 sont
1006 2035 1034 2088 ct
1047 2025 1182 2101 inserto,
1201 2045 1265 2088 crc-

138 2131 220 2205 dot,
240 2137 274 2194 et
293 2147 369 2192 cum
388 2128 486 2194 simoi
507 2135 633 2193 constet
653 2129 861 2192 adversarios
881 2131 1003 2210 scripta
1024 2147 1085 2193 sua
1107 2130 1262 2210 deprava·

1 2270 3 2308 ,
139 2250 179 2294 ro
200 2237 335 2296 conatos
348 2247 430 2306 esse,
446 2229 631 2310 planissime
645 2230 789 2294 infertur
808 2230 1016 2311 origenianae
1029 2229 1196 2296 doctrinae
1217 2234 1263 2294 io·

144 2333 281 2413 tegritas
302 2331 459 2396 adsersus
481 2338 630 2397 veterum
650 2341 684 2396 ct
704 2333 884 2396 recentium
905 2335 1200 2413 praesumptiones.

226 2431 274 2498 De
290 2434 417 2514 relique
438 2433 516 2497 truie
536 2434 609 2498 loco
624 2433 726 2513 probe
746 2423 1026 2510 accommodatur,
1041 2434 1129 2514 quod
1150 2436 1264 2500 scribit

141 2536 303 2617 Origenes
324 2535 507 2602 adAmioos
527 2535 758 2600 alexandrinos
772 2553 791 2598 a
805 2551 840 2599 sa
861 2552 1014 2599 amovens
1037 2535 1132 2600 salsas
1149 2534 1264 2601 Dema·

144 2637 201 2702 trii
222 2637 364 2718 episcopi
385 2637 641 2702 insimulationes
664 2644 829 2718 tamquam
860 2635 1011 2700 immunis
1030 2655 1049 2700 a
1070 2637 1175 2719 culpis
1204 2639 1263 2701 sibi

140 2737 330 2818 adscriptis,
360 2753 399 2802 ao
430 2737 503 2800 ideo
535 2738 679 2802 clamans
704 2737 863 2802 aduersus
892 2738 1042 2802 eumdem
1073 2737 1265 2819 etquidem

137 2840 221 2920 iure
240 2839 336 2904 sicuti
359 2847 485 2902 veteres
507 2841 685 2919 prophetae
706 2838 863 2904 adversos
885 2845 1042 2919 pastores,
1058 2838 1265 2924 presbyteros

140 2949 179 3004 et
200 2941 361 3021 principes
381 2941 494 3020 populi
515 2940 636 3004 stultos
658 2939 782 3004 iactos:
804 2937 958 3020 sopientes
977 2947 1068 3014 sunl,
1088 2949 1124 3004 nt
1142 2938 1265 3021 [acione

141 3041 249 3115 molo,
274 3039 346 3103 deoc
369 3050 474 3104 uniam
487 3039 592 3120 [ocare
616 3038 773 3103 nesciunt:
792 3061 809 3098 a
829 3037 980 3115 Quorum
1006 3050 1123 3118 tamea,
1149 3042 1264 3122 inquit,

140 3144 247 3224 magis
269 3143 428 3218 misereri,
445 3159 544 3224 quam
566 3160 622 3206 eos
638 3142 743 3205 odisse
757 3141 924 3218 debemus,
941 3148 973 3205 et
994 3160 1091 3206 orare
1106 3159 1166 3223 pro
1187 3143 1265 3218 illis,

140 3265 247 3328 quom
276 3248 322 3310 eia
344 3244 561 3310 maledicere:
592 3246 633 3308 ad
653 3244 907 3310 benedicendum
934 3245 1032 3318 euim,
1061 3263 1120 3308 nec
1140 3246 1179 3308 ad
1201 3257 1267 3308 ma·
1349 3300 1352 3308 .

140 3346 354 3412 dedicendum
370 3349 435 3411 nati
455 3363 578 3411 sumus.
595 3365 613 3403 s
631 3343 665 3408 lo
682 3347 741 3409 trac
757 3345 941 3411 conditione
961 3349 1084 3426 positus
1100 3348 1267 3428 (quemad-

139 3447 281 3511 modum
300 3447 452 3528 superius
482 3447 638 3512 adversus
659 3465 685 3510 s.
703 3443 894 3532 Hieronymi
915 3447 1102 3512 illusionem
1122 3449 1264 3512 ostendi·

140 3547 234 3628 mna)
248 3549 393 3614 eamdem
415 3551 521 3630 pergit
539 3549 697 3630 Origenes
715 3541 812 3626 siam,
834 3568 933 3630 qaam
955 3558 1097 3614 sectatos
1118 3557 1165 3614 ost
1182 3548 1269 3630 Apo·

138 3648 282 3716 atotusa
300 3649 387 3712 ialsis
404 3649 561 3713 iratribus
584 3649 708 3714 trustra
731 3659 903 3712 accusatus
924 3648 964 3729 ll.
979 3649 1124 3730 Epistola
1148 3650 1188 3714 ad
1204 3651 1265 3716 Co·

138 3751 307 3828 riothios)
328 3757 361 3814 et
381 3767 399 3814 a
417 3749 545 3831 Judaeis
566 3753 617 3829 (iu
638 3750 728 3814 Actia
749 3769 776 3814 e.
800 3749 924 3828 XXV.)
946 3751 1165 3828 insimulatus,
1185 3769 1266 3834 qus·

140 3857 175 3920 si
198 3855 229 3917 iu
250 3853 381 3933 Legem,
404 3854 435 3916 in
451 3850 622 3934 Templum
645 3860 678 3916 et
698 3855 730 3917 iu
751 3851 922 3918 Caesarem
946 3859 1122 3933 peccasset,
1147 3853 1268 3921 desua

141 3955 329 4022 innocentia
362 3971 500 4022 securus
532 3953 716 4035 respondet,
753 3953 925 4017 falsitatem
954 3953 1214 4020 criminationum
1236 3964 1269 4020 ct

142 4055 390 4120 criminantium
419 4054 629 4135 redarguens,
652 4073 692 4118 ne
713 4073 754 4118 es
775 4073 837 4118 suo
865 4055 994 4118 silentio
1015 4053 1128 4120 etiami
1147 4059 1270 4138 simpli·

144 4175 219 4236 ces,
239 4173 337 4223 auum
358 4161 601 4224 contemnerent
623 4157 834 4224 ministerium
857 4159 888 4222 iu
911 4156 1099 4237 Evangelio.
