3028 4942
317 367 377 437 156

315 473 341 533 si
364 474 504 538 haeresis
525 481 741 556 argueretur,
763 475 865 540 libera
893 491 972 540 enee
1003 474 1169 556 proterens
1195 479 1263 537 este
1285 469 1412 536 Sanctus
1498 477 1500 556 j

307 573 466 654 presbyter
486 573 630 657 llufflnne
651 573 766 640 Romae
786 577 844 658 peti
866 577 983 643 mansit
1002 595 1072 641 cnm
1099 594 1126 638 s.
1150 573 1363 652 Pammachio,
1383 569 1413 633 id
1499 577 1501 654 ᾗ

311 673 413 738 dicit:
436 675 500 756 Epo
519 675 601 740 enim
622 675 733 742 cndivt'
753 677 848 740 illum
870 677 1040 748 dicentem,
1061 678 1146 760 qnod
1164 677 1285 739 trndnm
1301 669 1413 756 pecentt'
1500 753 1501 758 ἵ

314 789 378 836 non
398 774 460 840 eit:
478 776 566 842 llaec
582 780 648 858 ipse
669 779 707 842 de
729 767 867 842 llnltiud
877 789 1011 859 negante
1033 786 1200 859 peccatum
1222 774 1412 856 originale.»

398 875 626 944 Verumtumeu
646 882 673 943 si
689 898 731 943 ex
752 881 850 960 ipsius
864 881 955 944 libris
969 882 1076 944 adhuc
1088 877 1316 960 superstitibus
1336 873 1413 938 istud
1499 962 1500 965 Ἴ

320 978 392 1057 quis
413 982 627 1061 comprobare
651 981 812 1063 vuluerit3
833 984 1033 1048 coutrnrlnm
1055 983 1180 1064 penitus
1201 981 1277 1043 hnic
1298 975 1417 1040 haeresi
1499 970 1500 975 ’

319 1077 422 1158 ipsum
445 1082 493 1144 ire
513 1083 772 1164 comprehendet.
792 1083 906 1165 ltaque
927 1091 1057 1166 praeter
1076 1099 1127 1159 ea,
1142 1100 1227 1163 qune
1248 1097 1350 1160 supra
1369 1076 1418 1140 nd·

319 1180 472 1246 duximus
486 1184 525 1248 de
542 1186 601 1248 huc
620 1187 807 1266 quaestione
829 1187 1021 1262 testimonia,
1036 1187 1146 1266 accipe
1158 1183 1246 1265 qnod
1261 1185 1306 1246 ait
1328 1183 1360 1244 in
1373 1178 1419 1242 Li·

321 1285 381 1348 brn
396 1283 421 1347 l.
435 1283 479 1348 De
493 1284 767 1350 Benedictions'bns
783 1284 1069 1350 Patrinrcltnrnme
1087 1284 1207 1350 nllors
1219 1283 1352 1357 Christi,
1366 1281 1418 1352 uit,

321 1389 486 1467 oppressio
501 1396 533 1452 ct
545 1389 728 1470 triumphus
741 1388 934 1454 daemonum
947 1388 1018 1453 luit.
1031 1385 1168 1451 Omnem
1179 1403 1319 1466 namque
1335 1397 1421 1462 prae·

322 1488 408 1565 dum,
431 1507 529 1569 quam
549 1489 601 1554 leo
622 1491 678 1556 ille
700 1493 882 1556 contrarius
903 1494 1085 1566 invaserat,
1108 1495 1271 1570 prostrato
1298 1484 1420 1549 homine

321 1606 360 1654 nc
381 1590 520 1666 deserto,
544 1593 595 1656 hic
616 1590 682 1656 Len
703 1601 813 1658 noster
831 1593 964 1674 eripuit.
978 1610 995 1650 n
1011 1590 1091 1655 ltem
1114 1590 1232 1655 Psalmi
1245 1580 1297 1654 34.
1316 1585 1420 1650 verba:

322 1687 462 1756 Restitne
481 1691 623 1757 nmimcm
639 1713 736 1758 mecm
750 1715 772 1758 n
790 1692 989 1776 mntipnitote
1008 1709 1125 1766 mrtem,
1140 1693 1371 1771 interpretatus
1389 1684 1423 1746 de

323 1790 425 1857 Iesu:
443 1813 460 1854 c
475 1791 522 1858 Ac
542 1795 568 1858 si
583 1795 715 1872 diceret,
732 1795 847 1876 inquit,
864 1796 1000 1858 animam
1023 1812 1140 1870 meam,
1162 1809 1247 1873 qnae
1263 1791 1358 1854 unica
1379 1792 1421 1850 est

323 1895 472 1958 immunis
487 1914 505 1958 a
522 1906 663 1976 peccatu.
686 1895 787 1962 Nulla
802 1899 884 1960 euim
906 1897 969 1959 alia
984 1896 1088 1958 anima
1103 1895 1252 1958 immunis
1267 1892 1337 1956 siue
1358 1905 1423 1969 pec·

326 2005 399 2060 cato
419 2005 479 2061 est.
497 2017 514 2055 n
531 1996 571 2062 ln
589 1997 753 2062 Pentmnm
772 1997 823 2066 68.
842 1999 951 2063 addite
969 2021 986 2061 s
1002 1996 1084 2062 Nam
1099 2015 1208 2060 omues
1229 1994 1267 2058 ad
1291 1999 1422 2056 mortem

327 2100 459 2162 reninut
472 2117 532 2180 per
551 2101 701 2182 culpem:
718 2103 774 2164 ille
793 2102 885 2166 solus
897 2101 979 2164 idest
1000 2099 1147 2164 Christus
1162 2096 1202 2158 sd
1217 2102 1357 2158 mortem
1379 2107 1424 2150 re·

328 2199 375 2262 uit
395 2218 453 2280 per
470 2201 638 2281 justitiam.
655 2202 839 2268 »Similiter
855 2200 970 2266 Psalmi
990 2199 1041 2266 35.
1058 2200 1142 2262 dicta
1155 2212 1339 2275 exponens:
1355 2187 1421 2254 Nos

329 2297 433 2364 ueniet
448 2299 527 2364 mitt
536 2319 590 2382 pes
610 2303 783 2383 ceperitne,
797 2313 826 2366 et
844 2321 959 2369 monne
974 2297 1147 2384 peccatoris
1159 2315 1224 2360 non
1243 2302 1362 2358 monent
1374 2307 1425 2362 ants

329 2401 462 2466 scriltit:
480 2423 497 2464 s
512 2403 665 2468 Radicem
687 2405 809 2487 peccati
830 2413 863 2469 ct
883 2412 981 2485 capnt
1002 2403 1124 2483 peccati
1147 2400 1271 2471 timuit,
1294 2397 1352 2477 qui
1373 2393 1426 2455 hon
1500 2379 1501 2396 ¹

331 2502 424 2565 dixit.
448 2501 521 2568 Non
537 2505 648 2568 deerat
669 2507 772 2586 primo
794 2505 883 2570 tuse
897 2505 1044 2587 justitla3
1065 2503 1119 2566 sed
1144 2499 1229 2564 venit
1243 2498 1300 2560 ille
1315 2509 1427 2577 pessu-
1499 2519 1500 2523 ¹

334 2603 483 2683 perbiae:
499 2615 532 2670 et
552 2611 654 2670 mnsit
667 2609 760 2672 illum
783 2627 894 2672 manns
910 2607 1104 2688 peccatoris3
1121 2603 1202 2667 idest
1223 2601 1357 2664 tentatio
1370 2597 1427 2658 dia·

332 2705 409 2769 lsoli.
432 2705 588 2787 Superbia
610 2727 688 2788 ergo
708 2709 788 2789 lapsi
807 2726 942 2786 snmus,
973 2715 1010 2770 nt
1030 2707 1069 2768 sd
1091 2707 1183 2768 istam
1206 2701 1427 2765 mortalitatem

332 2810 586 2887 perveniremus.
603 2829 620 2868 s
637 2809 764 2874 Pariter
787 2829 829 2874 ex
855 2805 960 2874 rerltis
981 2807 1098 2872 Psalmi
1119 2803 1169 2871 57.
1190 2797 1397 2884 supercecidit
1407 2794 1430 2857 i·

334 2908 428 2989 pois,
458 2911 498 2974 de
519 2912 590 2992 igne
610 2913 885 2993 concupiscentiae
906 2928 1057 2992 arguens,
1077 2909 1212 2974 asserit:
1229 2901 1429 2975 «Delectatio
1502 2979 1503 2988 ἵ

336 3011 466 3090 quidem
489 3015 626 3078 carnalis
646 3032 720 3077 cum
744 3013 871 3077 humine
892 3011 1043 3076 nascitur.
1071 3009 1132 3075 Sed
1153 3009 1210 3090 qul
1231 3008 1312 3070 bene
1332 2999 1430 3067 erudi·
1502 3069 1503 3096 ἶ

338 3117 413 3188 tur,
435 3113 498 3176 cito
521 3113 605 3176 sidet
627 3115 749 3178 hostem
773 3131 891 3178 suum.
909 3110 1020 3189 ..Qui
1045 3121 1154 3175 sutem
1177 3111 1266 3172 illam
1288 3101 1429 3182 coucupi-
1502 3103 1503 3110 ’

337 3211 502 3288 scentirm‚
525 3231 599 3276 cum
612 3231 675 3294 qua
698 3213 738 3278 de
752 3217 927 3295 propagine
949 3213 1071 3294 peccati
1093 3221 1186 3275 natus
1208 3217 1269 3283 est,
1291 3215 1380 3269 etc.»
1396 3201 1432 3265 Α·

336 3312 393 3375 lilti
414 3323 564 3378 nntnrom
588 3325 730 3379 nostrum
757 3326 881 3395 peccato
905 3312 1061 3395 perditem
1085 3320 1187 3376 vocat.
1210 3309 1355 3376 Morinos
1374 3297 1434 3370 nol·

338 3432 464 3479 morum
484 3417 572 3493 dicit,
594 3435 690 3496 quem
713 3417 846 3481 curandi
868 3434 965 3480 causa
988 3417 1074 3478 veuit
1094 3415 1132 3478 de
1154 3413 1246 3476 coelo
1269 3410 1418 3474 medicus.

420 3515 501 3593 Qniu
517 3519 614 3598 igitur
634 3521 739 3583 exuis
759 3519 940 3599 patentibus
972 3517 1157 3580 testimoniis
1171 3513 1326 3577 dubitarit
1341 3511 1381 3572 de
1398 3507 1435 3567 iu·

342 3627 431 3700 tegro
447 3618 565 3684 llulllui
587 3639 661 3686 cum
677 3620 820 3702 Ecclesia
841 3619 1007 3684 Catholica
1029 3635 1184 3682 cunseusn
1207 3613 1314 3696 quoad
1338 3617 1436 3690 proto·

344 3721 523 3799 plastorum
546 3722 675 3804 culpam
692 3729 795 3786 toturn
810 3719 1011 3784 insedentem
1033 3735 1132 3798 penus
1153 3707 1359 3779 humanum?
1374 3723 1436 3790 pru·

343 3821 480 3901 indeque
501 3821 682 3898 alllrmcrit,
697 3840 811 3886 resera
826 3821 974 3886 eumdem
996 3819 1142 3884 docuisse
1157 3816 1317 3880 trndncem
1327 3799 1436 3892 peccet·¹

344 3941 409 3984 non
430 3920 519 3988 ease?
541 3921 760 4000 Quamobrem
781 3921 963 4002 etquidem
982 3920 1060 4002 inre
1075 3917 1237 3993 nonnulli,
1259 3929 1298 3978 ne
1319 3915 1349 3974 iu
1369 3905 1436 3972 anti·

344 4023 462 4107 logium
484 4025 610 4104 lapsum
632 4024 802 4090 crederent
823 4021 1007 4096 Bullinum,
1029 4019 1115 4083 leand
1136 4017 1306 4082 sentientes
1327 4011 1398 4076 talia
1416 4008 1436 4070 i·

345 4143 439 4206 psum
458 4127 633 4205 admisisse,
646 4133 816 4207 putarunt,
831 4133 889 4188 ant
903 4122 1098 4190 Coelestlnm
1115 4119 1282 4184 mentitum
1296 4131 1374 4187 esse,
1387 4113 1436 4172 tul

345 4227 447 4296 slinm
461 4228 603 4294 extitisse
625 4226 793 4294 Bullinum
807 4225 848 4292 nb
867 4224 981 4291 eodem
995 4220 1156 4290 Goelestlo
1176 4219 1321 4286 ettstum.
1343 4211 1376 4276 lu
1388 4227 1435 4274 no·
