3028 4942
322 493 386 536 non
406 473 538 552 gravius
559 474 710 538 lutnrnm
725 475 767 538 alt
787 489 885 554 quom
908 470 1077 554 Epiphanli
1093 476 1150 533 ant
1166 467 1354 553 Hieronymi
1373 483 1422 528 su·

231 637 232 646 ,
320 572 483 638 ctoritas'l
497 594 514 632 u
531 573 656 650 Quibus
680 575 785 638 verhis
806 576 831 638 si
853 574 1016 636 addantur
1044 574 1213 652 hucusque
1234 573 1422 651 pertrsetota

323 692 382 752 pro
403 674 556 753 Origene,
575 675 668 756 eujus
691 683 796 756 partes
817 677 957 754 suscepit
979 673 1131 747 loannes,
1147 671 1321 751 etquidem
1340 670 1422 750 jure,

323 785 357 836 et
377 775 506 854 quidem
528 786 648 850 sancte,
665 786 697 839 et
716 776 846 857 quidem
869 778 1085 856 undequaque
1105 773 1322 840 oommnnitus
1335 788 1354 832 a
1369 769 1425 848 pri·

322 893 454 939 aeorum
472 875 604 940 Petrum
622 879 806 954 traditione,
830 897 933 942 nonne
955 880 985 941 in
1008 877 1195 956 quaestione
1215 883 1322 938 nostre
1344 878 1424 933 uter·

322 995 388 1056 que
410 979 609 1055 triumphurn
632 979 722 1042 dueit
742 979 899 1058 Origenes
919 987 952 1041 et
972 975 1113 1041 Ioannes
1134 975 1291 1038 adversus
1311 991 1336 1034 s.
1359 969 1425 1048 Epi·
1490 1017 1491 1050 ἐ

326 1078 477 1157 phanioqt
499 1087 530 1140 et
552 1078 813 1160 Hieronymum?

406 1177 589 1255 Praeterea,
600 1181 694 1242 sicuti
710 1181 741 1241 io
752 1179 901 1259 Origenis
915 1196 1025 1253 eausa,
1037 1175 1159 1242 Rudini
1172 1183 1204 1238 et
1217 1173 1349 1239 loannis
1359 1169 1424 1236 Hie·

326 1280 568 1365 rosolymorom
594 1282 734 1360 episcopi
764 1282 935 1361 hueusque
963 1280 1074 1345 studui
1109 1277 1182 1340 tidei
1221 1275 1427 1354 integritatem

324 1383 422 1457 tueri,
434 1391 471 1444 nt
482 1381 584 1445 omois
595 1381 635 1444 ah
646 1381 839 1445 adversariis
856 1382 993 1446 tollatur
1006 1386 1209 1460 praetextus,
1222 1377 1307 1452 dein,
1321 1383 1354 1438 nt
1366 1389 1425 1436 am·

325 1483 411 1562 plius
431 1483 597 1562 proposito
617 1482 811 1557 serviamus,
830 1483 960 1564 iuvabit
979 1500 1055 1546 sane
1076 1487 1109 1544 et
1132 1477 1266 1544 Palladii
1289 1477 1425 1557 galatae,

324 1583 574 1664 helenopolitani
594 1585 736 1663 episcopi
751 1601 863 1647 sensns
878 1591 909 1646 et
931 1594 1017 1663 gesta
1032 1583 1224 1663 disquirere.
1249 1579 1328 1645 Cum
1351 1579 1427 1642 eninr

328 1693 361 1747 et
384 1686 501 1764 ipsein
524 1687 584 1749 hae
604 1687 793 1765 quaestione
815 1685 993 1765 plurimum
1015 1686 1073 1748 nisi
1096 1692 1200 1757 reeta,
1222 1683 1333 1746 saltem
1357 1677 1429 1743 ohli·
1491 1703 1492 1768 y

324 1804 390 1865 que
404 1785 562 1848 laborarit
576 1804 636 1866 pro
658 1787 821 1850 monachis
844 1785 1073 1862 nitriensihus,
1088 1795 1120 1848 et
1134 1789 1368 1863 cousequenter
1381 1780 1429 1842 sd·
1491 1771 1492 1852 l

327 1903 439 1948 versus
460 1883 692 1965 Theophilum,
721 1884 956 1968 Hieronymum
978 1893 1011 1948 et
1032 1883 1270 1965 Epiphaninms
1293 1881 1343 1946 isti
1364 1881 1428 1942 ideo

327 2003 387 2048 oen
411 1987 579 2049 haereseos
607 1987 857 2065 origenistarum
879 1986 1068 2064 participem
1093 2001 1131 2047 ao
1159 1990 1330 2063 patronum
1362 1977 1427 2043 insi·

328 2085 504 2151 mutarunt.
524 2083 564 2148 Et
585 2104 620 2148 re
641 2085 771 2164 quidem
788 2103 877 2164 vers,
902 2083 1100 2165 Epiphanius
1115 2083 1154 2145 od
1176 2081 1331 2147 Ioannem
1344 2095 1427 2160 prae·

326 2184 430 2248 iatum
451 2186 593 2248 scribens
613 2185 699 2258 cirea
731 2203 850 2248 annum
871 2183 942 2252 392.
977 2184 1101 2264 lnquit:
1120 2203 1137 2242 α
1155 2181 1334 2244 Palladium
1358 2194 1427 2240 sero

326 2287 466 2366 galatam
480 2330 489 2362 ,
505 2289 561 2367 qui
582 2271 744 2367 qnondam
766 2288 855 2350 nohis
875 2289 995 2350 charos
1011 2285 1084 2360 luit,
1106 2293 1138 2348 et
1152 2301 1238 2347 nuno
1259 2282 1429 2346 miseriror-

325 2385 377 2447 dia
401 2383 457 2448 llei
479 2385 609 2465 indiget,
633 2403 733 2460 eave,
767 2387 842 2464 quio
864 2383 1013 2466 Origenis
1034 2386 1192 2448 haeresim
1223 2384 1384 2464 praedicat
1402 2384 1428 2442 et

286 2527 302 2546 .
326 2487 446 2550 doeet:
472 2505 510 2548 ue
532 2486 618 2550 torte
638 2487 766 2567 aliquos
786 2487 826 2550 de
848 2487 970 2567 populo
995 2487 1049 2550 tibi
1071 2487 1195 2550 cr'edito
1218 2487 1257 2548 ad
1281 2481 1429 2564 perversi·

331 2595 427 2648 tatem
441 2587 491 2650 sui
507 2586 638 2650 inducat
652 2589 815 2652 erroris.»
830 2585 1048 2671 Hieronymus
1063 2585 1178 2650 deinde
1192 2588 1223 2648 in
1238 2587 1349 2650 eadem
1364 2585 1429 2645 hae·
1492 2659 1493 2668 ἵ

328 2690 389 2750 resi
406 2696 438 2750 et
462 2688 618 2752 similibus
633 2689 802 2752 erroribus
818 2697 1076 2768 perseverantem
1094 2695 1317 2766 repraesentat
1338 2683 1429 2748 Palla·
1492 2671 1493 2766 l

328 2788 417 2852 dium
438 2790 499 2852 suh
520 2807 571 2851 an.
586 2782 655 2854 tlt.
679 2789 710 2850 in
733 2789 873 2870 Prologo
897 2788 1020 2870 Dialogi
1045 2789 1203 2852 adversus
1230 2788 1425 2868 pelagianos;

330 2890 386 2952 uhi
408 2890 449 2950 ita
472 2890 603 2952 scribit:
620 2911 637 2948 u
655 2889 818 2954 Palladius
838 2891 964 2955 servilis
986 2891 1148 2970 nequitiae
1168 2888 1314 2951 eamdem
1331 2885 1429 2965 (Pela

330 2989 393 3068 gii)
417 2989 574 3052 haeresim
597 2990 779 3054 instaurare
800 2999 935 3054 conatos
956 2999 1016 3066 est,
1033 2999 1066 3054 et
1086 3007 1202 3052 noram
1226 2983 1429 3052 translationis

332 3090 502 3152 hehraieae
523 3091 600 3152 mihi
632 3092 824 3155 calumniam
847 3099 986 3155 struere.
1017 3089 1105 3154 Num
1126 3099 1159 3153 et
1186 3088 1278 3152 illins
1298 3085 1429 3167 ingenio,

334 3191 560 3271 nobilitatique
582 3191 789 3272 insidemus?
813 3191 908 3258 Nune
929 3209 1062 3273 quoqne
1083 3191 1272 3272 mysterium
1295 3189 1430 3269 iniquite-

334 3292 372 3355 tis
393 3299 574 3371 operatur;
597 3303 630 3356 et
650 3295 751 3372 garrit
774 3295 998 3373 unusquisqne
1029 3291 1117 3371 quod
1138 3271 1247 3354 sentit:
1266 3289 1336 3371 Ego
1355 3286 1430 3353 solos

330 3410 427 3466 sum,
450 3394 506 3473 qni
528 3403 720 3457 onnctorum
744 3393 846 3473 gloria
870 3393 1039 3466 mordear,
1067 3398 1101 3454 at
1123 3397 1186 3454 tam
1209 3391 1318 3464 miser,
1340 3396 1375 3452 nt
1393 3383 1431 3448 hit

332 3512 464 3575 qnoque
479 3495 651 3568 invideam,
669 3496 724 3574 qui
746 3513 809 3558 non
826 3501 994 3557 merentur
1007 3493 1171 3556 invidiam.
1187 3489 1276 3555 Unde
1292 3499 1328 3554 ut
1346 3483 1432 3552 omul-

337 3594 398 3658 aus
419 3594 605 3674 prhharem,
622 3613 672 3656 me
695 3613 757 3657 non
777 3594 883 3656 odisse
897 3594 1054 3666 homines,
1075 3592 1129 3654 sed
1153 3607 1296 3665 errores,
1312 3607 1370 3654 nee
1386 3583 1433 3646 aii·

334 3712 476 3773 quornm
498 3694 662 3756 iuiamlam
684 3709 858 3773 quaerere,
881 3694 1047 3772 magisque
1061 3691 1174 3756 dolere
1196 3692 1298 3754 sicem
1318 3701 1432 3754 enrnns

334 3796 390 3872 qui
414 3794 484 3858 lalsi
507 3795 642 3858 nominis
673 3796 802 3858 scientia
826 3795 1090 3874 supplantantur,
1112 3791 1211 3855 htttot
1233 3799 1266 3854 et
1286 3780 1432 3854 critobuli

334 3893 461 3956 uomina
484 3897 601 3974 posui;
634 3913 693 3974 per
712 3913 795 3976 quos
817 3904 850 3960 et
879 3901 988 3958 nostra
1012 3911 1085 3972 pars
1106 3900 1140 3955 et
1169 3891 1430 3956 adversariorum

334 3994 411 4073 qnid
433 3998 578 4070 sentiret,
600 4014 840 4076 expromerem.
862 3994 948 4072 Quin
969 3995 1076 4074 potins
1096 4010 1219 4068 omnes,
1235 3993 1292 4072 qni
1314 3985 1432 4054 eutholi-

335 4111 405 4156 eam
419 4105 583 4160 sectamur
603 4096 711 4174 fldem,
731 4107 879 4177 optamus
900 4105 933 4160 et
953 4096 1102 4174 cupimus
1116 4092 1261 4158 damnari
1277 4087 1430 4154 haeresin·

337 4194 482 4260 homines
504 4196 677 4262 emendari.
701 4197 768 4263 hut
790 4195 924 4263 certost
948 4198 979 4258 iu
1001 4210 1116 4260 errore
1140 4192 1304 4258 voluerint
1323 4199 1431 4271 perrot-
