<?xml version="1.0" encoding="UTF-8"?>
<!DOCTYPE html PUBLIC "-//W3C//DTD XHTML 1.0 Transitional//EN"
    "http://www.w3.org/TR/xhtml1/DTD/xhtml1-transitional.dtd">
<html xmlns="http://www.w3.org/1999/xhtml" xml:lang="en" lang="en">
 <head>
  <title>
</title>
<meta http-equiv="Content-Type" content="text/html;charset=utf-8" />
  <meta name='ocr-system' content='tesseract 3.04.00' />
  <meta name='ocr-capabilities' content='ocr_page ocr_carea ocr_par ocr_line ocrx_word'/>
</head>
<body>
  <div class='ocr_page' id='page_1' title='image "./insgregoriinyss01vincgoog/insgregoriinyss01vincgoog_0778.png"; bbox 0 0 3138 4950; ppageno 0'>
   <div class='ocr_carea' id='block_1_1' title="bbox 8 408 1235 798">
    <p class='ocr_par' dir='ltr' id='par_1_1' title="bbox 8 408 1235 798">
     <span class='ocr_line' id='line_1_1' title="bbox 200 408 1234 589; baseline 0.006 -19"><span class='ocrx_word' id='word_1_1' title='bbox 200 503 295 570; x_wconf 85' lang='lat' dir='ltr'>llnnd</span> <span class='ocrx_word' id='word_1_2' title='bbox 317 503 413 572; x_wconf 89' lang='lat' dir='ltr'>aliter</span> <span class='ocrx_word' id='word_1_3' title='bbox 427 475 584 587; x_wconf 81' lang='lat' dir='ltr'>Origenes</span> <span class='ocrx_word' id='word_1_4' title='bbox 606 505 754 589; x_wconf 74' lang='lat' dir='ltr'>Apostoli</span> <span class='ocrx_word' id='word_1_5' title='bbox 775 507 955 576; x_wconf 88' lang='lat' dir='ltr'>doctrinam</span> <span class='ocrx_word' id='word_1_6' title='bbox 978 519 1010 576; x_wconf 89' lang='lat' dir='ltr'>et</span> <span class='ocrx_word' id='word_1_7' title='bbox 1030 517 1122 578; x_wconf 83' lang='lat' dir='ltr'>actus</span> <span class='ocrx_word' id='word_1_8' title='bbox 1135 408 1234 576; x_wconf 43' lang='lat' dir='ltr'>oba?-</span> 
     </span>
     <span class='ocr_line' id='line_1_2' title="bbox 8 607 1233 698; baseline 0.011 -31"><span class='ocrx_word' id='word_1_9' title='bbox 8 652 16 682; x_wconf 75' lang='lat'>,</span> <span class='ocrx_word' id='word_1_10' title='bbox 122 607 214 673; x_wconf 86' lang='lat' dir='ltr'>culos</span> <span class='ocrx_word' id='word_1_11' title='bbox 233 627 311 674; x_wconf 88' lang='lat' dir='ltr'>suos</span> <span class='ocrx_word' id='word_1_12' title='bbox 340 609 486 698; x_wconf 80' lang='lat' dir='ltr'>quotidie</span> <span class='ocrx_word' id='word_1_13' title='bbox 507 625 635 688; x_wconf 87' lang='lat' dir='ltr'>gerens,</span> <span class='ocrx_word' id='word_1_14' title='bbox 664 619 873 675; x_wconf 84' lang='lat' dir='ltr'>contactum</span> <span class='ocrx_word' id='word_1_15' title='bbox 897 611 984 676; x_wconf 86' lang='lat' dir='ltr'>Petri</span> <span class='ocrx_word' id='word_1_16' title='bbox 1009 632 1233 680; x_wconf 73' lang='lat' dir='ltr'>successorem</span> 
     </span>
     <span class='ocr_line' id='line_1_3' title="bbox 74 705 1235 798; baseline 0.003 -26"><span class='ocrx_word' id='word_1_17' title='bbox 74 747 76 752; x_wconf 93' lang='lat'>-</span> <span class='ocrx_word' id='word_1_18' title='bbox 120 705 338 791; x_wconf 76' lang='lat' dir='ltr'><strong>zephyrinum</strong></span> <span class='ocrx_word' id='word_1_19' title='bbox 358 711 443 784; x_wconf 81' lang='lat' dir='ltr'>risit,</span> <span class='ocrx_word' id='word_1_20' title='bbox 460 709 686 776; x_wconf 86' lang='lat' dir='ltr'>rerum&#39;otians</span> <span class='ocrx_word' id='word_1_21' title='bbox 703 729 780 792; x_wconf 85' lang='lat' dir='ltr'>crgo</span> <span class='ocrx_word' id='word_1_22' title='bbox 794 711 881 778; x_wconf 79' lang='lat' dir='ltr'>Petri</span> <span class='ocrx_word' id='word_1_23' title='bbox 897 711 1092 778; x_wconf 71' lang='lat' dir='ltr'><strong>cathedram</strong></span> <span class='ocrx_word' id='word_1_24' title='bbox 1115 725 1147 778; x_wconf 89' lang='lat' dir='ltr'>et</span> <span class='ocrx_word' id='word_1_25' title='bbox 1162 717 1235 798; x_wconf 61' lang='lat' dir='ltr'>qui,</span> 
     </span>
    </p>
   </div>
   <div class='ocr_carea' id='block_1_2' title="bbox 6 809 1255 1100">
    <p class='ocr_par' dir='ltr' id='par_1_2' title="bbox 6 809 1255 1100">
     <span class='ocr_line' id='line_1_4' title="bbox 120 809 1234 908; baseline 0.011 -38"><span class='ocrx_word' id='word_1_26' title='bbox 120 809 192 874; x_wconf 81' lang='lat' dir='ltr'>deni</span> <span class='ocrx_word' id='word_1_27' title='bbox 213 811 362 908; x_wconf 64' lang='lat' dir='ltr'>paritatis</span> <span class='ocrx_word' id='word_1_28' title='bbox 382 809 509 889; x_wconf 80' lang='lat' dir='ltr'>Sedens,</span> <span class='ocrx_word' id='word_1_29' title='bbox 524 830 616 878; x_wconf 84' lang='lat' dir='ltr'>snam</span> <span class='ocrx_word' id='word_1_30' title='bbox 639 813 857 879; x_wconf 85' lang='lat' dir='ltr'>omnimodum</span> <span class='ocrx_word' id='word_1_31' title='bbox 880 817 1069 886; x_wconf 72' lang='lat' dir='ltr'>manile-etst-</span> <span class='ocrx_word' id='word_1_32' title='bbox 1084 837 1234 882; x_wconf 81' lang='lat' dir='ltr'>reseren-</span> 
     </span>
     <span class='ocr_line' id='line_1_5' title="bbox 6 913 1233 1004; baseline 0.01 -31"><span class='ocrx_word' id='word_1_33' title='bbox 6 982 9 993; x_wconf 41' lang='lat'>‚</span> <span class='ocrx_word' id='word_1_34' title='bbox 122 913 211 986; x_wconf 90' lang='lat' dir='ltr'>tiam,</span> <span class='ocrx_word' id='word_1_35' title='bbox 228 931 302 978; x_wconf 86' lang='lat' dir='ltr'>cum</span> <span class='ocrx_word' id='word_1_36' title='bbox 317 913 359 977; x_wconf 80' lang='lat' dir='ltr'>ult</span> <span class='ocrx_word' id='word_1_37' title='bbox 379 915 517 978; x_wconf 75' lang='lat' dir='ltr'>aemulis</span> <span class='ocrx_word' id='word_1_38' title='bbox 537 915 604 981; x_wconf 87' lang='lat' dir='ltr'>suis</span> <span class='ocrx_word' id='word_1_39' title='bbox 625 916 830 996; x_wconf 68' lang='lat' dir='ltr'>culparetur,</span> <span class='ocrx_word' id='word_1_40' title='bbox 845 918 939 1000; x_wconf 77' lang='lat' dir='ltr'>guasi</span> <span class='ocrx_word' id='word_1_41' title='bbox 960 921 1022 992; x_wconf 81' lang='lat' dir='ltr'>non</span> <span class='ocrx_word' id='word_1_42' title='bbox 1043 929 1131 996; x_wconf 77' lang='lat' dir='ltr'>recta</span> <span class='ocrx_word' id='word_1_43' title='bbox 1150 921 1233 1004; x_wconf 84' lang='lat' dir='ltr'>ioco·</span> 
     </span>
     <span class='ocr_line' id='line_1_6' title="bbox 42 1012 1255 1100; baseline 0.009 -27"><span class='ocrx_word' id='word_1_44' title='bbox 42 1083 43 1088; x_wconf 6' lang='grc' dir='ltr'>ἵ</span> <span class='ocrx_word' id='word_1_45' title='bbox 119 1012 196 1076; x_wconf 87' lang='lat' dir='ltr'>dens</span> <span class='ocrx_word' id='word_1_46' title='bbox 218 1017 251 1080; x_wconf 90' lang='lat' dir='ltr'>in</span> <span class='ocrx_word' id='word_1_47' title='bbox 266 1015 433 1096; x_wconf 76' lang='lat' dir='ltr'>Evangelii</span> <span class='ocrx_word' id='word_1_48' title='bbox 457 1017 647 1095; x_wconf 87' lang='lat' dir='ltr'>ministerio,</span> <span class='ocrx_word' id='word_1_49' title='bbox 669 1017 882 1084; x_wconf 78' lang='lat' dir='ltr'>ecclesiarum</span> <span class='ocrx_word' id='word_1_50' title='bbox 896 1022 1064 1100; x_wconf 87' lang='lat' dir='ltr'>episcopos</span> <span class='ocrx_word' id='word_1_51' title='bbox 1085 1031 1255 1100; x_wconf 52' lang='lat' dir='ltr'>ct·prsc·,</span> 
     </span>
    </p>
   </div>
   <div class='ocr_carea' id='block_1_3' title="bbox 4 1116 1234 1208">
    <p class='ocr_par' dir='ltr' id='par_1_3' title="bbox 4 1116 1234 1208">
     <span class='ocr_line' id='line_1_7' title="bbox 4 1116 1234 1208; baseline 0.01 -34"><span class='ocrx_word' id='word_1_52' title='bbox 4 1157 20 1194; x_wconf 74' lang='lat'><em>„</em></span> <span class='ocrx_word' id='word_1_53' title='bbox 118 1118 230 1180; x_wconf 85' lang='lat' dir='ltr'>sertim</span> <span class='ocrx_word' id='word_1_54' title='bbox 255 1116 443 1184; x_wconf 84' lang='lat' dir='ltr'>Pontidcsm</span> <span class='ocrx_word' id='word_1_55' title='bbox 459 1117 642 1182; x_wconf 74' lang='lat' dir='ltr'>Romanum</span> <span class='ocrx_word' id='word_1_56' title='bbox 665 1135 724 1198; x_wconf 90' lang='lat' dir='ltr'>per</span> <span class='ocrx_word' id='word_1_57' title='bbox 745 1119 1162 1202; x_wconf 65' lang='lat' dir='ltr'>tlttcreecppettetgcujm</span> <span class='ocrx_word' id='word_1_58' title='bbox 1181 1124 1234 1208; x_wconf 73' lang='lat' dir='ltr'>jn-</span> 
     </span>
    </p>
   </div>
   <div class='ocr_carea' id='block_1_4' title="bbox 4 1217 1233 1506">
    <p class='ocr_par' dir='ltr' id='par_1_4' title="bbox 4 1217 1233 1506">
     <span class='ocr_line' id='line_1_8' title="bbox 4 1217 1232 1308; baseline 0.007 -30"><span class='ocrx_word' id='word_1_59' title='bbox 4 1289 7 1300; x_wconf 34' lang='grc' dir='ltr'>Ι</span> <span class='ocrx_word' id='word_1_60' title='bbox 116 1217 202 1284; x_wconf 89' lang='lat' dir='ltr'>dicio</span> <span class='ocrx_word' id='word_1_61' title='bbox 220 1236 301 1284; x_wconf 85' lang='lat' dir='ltr'>ense</span> <span class='ocrx_word' id='word_1_62' title='bbox 323 1219 396 1284; x_wconf 88' lang='lat' dir='ltr'>iidci</span> <span class='ocrx_word' id='word_1_63' title='bbox 412 1220 643 1300; x_wconf 79' lang='lat' dir='ltr'>professionem</span> <span class='ocrx_word' id='word_1_64' title='bbox 665 1219 813 1301; x_wconf 81' lang='lat' dir='ltr'>subjicit:</span> <span class='ocrx_word' id='word_1_65' title='bbox 830 1221 977 1286; x_wconf 77' lang='lat' dir='ltr'>«Scribit</span> <span class='ocrx_word' id='word_1_66' title='bbox 1000 1221 1116 1302; x_wconf 74' lang='lat' dir='ltr'>(iuquit</span> <span class='ocrx_word' id='word_1_67' title='bbox 1133 1220 1232 1308; x_wconf 73' lang='lat' dir='ltr'>Eusc-</span> 
     </span>
     <span class='ocr_line' id='line_1_9' title="bbox 5 1320 1233 1406; baseline 0.003 -24"><span class='ocrx_word' id='word_1_68' title='bbox 5 1394 8 1404; x_wconf 31' lang='grc' dir='ltr'>Ι</span> <span class='ocrx_word' id='word_1_69' title='bbox 119 1320 191 1386; x_wconf 87' lang='lat' dir='ltr'>bins</span> <span class='ocrx_word' id='word_1_70' title='bbox 217 1323 250 1385; x_wconf 92' lang='lat' dir='ltr'>in</span> <span class='ocrx_word' id='word_1_71' title='bbox 265 1320 363 1388; x_wconf 86' lang='lat' dir='ltr'>Libro</span> <span class='ocrx_word' id='word_1_72' title='bbox 385 1320 453 1400; x_wconf 77' lang='lat' dir='ltr'>Vl.)</span> <span class='ocrx_word' id='word_1_73' title='bbox 467 1323 581 1389; x_wconf 85' lang='lat' dir='ltr'>scribit</span> <span class='ocrx_word' id='word_1_74' title='bbox 594 1323 750 1402; x_wconf 75' lang='lat' dir='ltr'>Origenes</span> <span class='ocrx_word' id='word_1_75' title='bbox 768 1333 936 1402; x_wconf 78' lang='lat' dir='ltr'>praeterea</span> <span class='ocrx_word' id='word_1_76' title='bbox 956 1321 1233 1406; x_wconf 78' lang='lat' dir='ltr'>Fabianolionra-</span> 
     </span>
     <span class='ocr_line' id='line_1_10' title="bbox 117 1418 1233 1506; baseline 0.004 -22"><span class='ocrx_word' id='word_1_77' title='bbox 117 1441 159 1485; x_wconf 92' lang='lat' dir='ltr'>no</span> <span class='ocrx_word' id='word_1_78' title='bbox 182 1421 358 1504; x_wconf 78' lang='lat' dir='ltr'>Episcopo,</span> <span class='ocrx_word' id='word_1_79' title='bbox 382 1418 521 1506; x_wconf 84' lang='lat' dir='ltr'>aliis&#39;que</span> <span class='ocrx_word' id='word_1_80' title='bbox 543 1422 713 1504; x_wconf 86' lang='lat' dir='ltr'>permultis</span> <span class='ocrx_word' id='word_1_81' title='bbox 734 1425 946 1488; x_wconf 84' lang='lat' dir='ltr'>ccclesinrurn</span> <span class='ocrx_word' id='word_1_82' title='bbox 969 1425 1170 1506; x_wconf 76' lang='lat' dir='ltr'>praesidibus</span> <span class='ocrx_word' id='word_1_83' title='bbox 1193 1425 1233 1488; x_wconf 89' lang='lat' dir='ltr'>do</span> 
     </span>
    </p>
   </div>
   <div class='ocr_carea' id='block_1_5' title="bbox 2 1525 1234 1709">
    <p class='ocr_par' dir='ltr' id='par_1_5' title="bbox 2 1525 1234 1709">
     <span class='ocr_line' id='line_1_11' title="bbox 3 1525 1230 1610; baseline 0.001 -23"><span class='ocrx_word' id='word_1_84' title='bbox 3 1551 9 1610; x_wconf 72' lang='lat' dir='ltr'>ss.</span> <span class='ocrx_word' id='word_1_85' title='bbox 116 1541 175 1588; x_wconf 86' lang='lat' dir='ltr'>sus</span> <span class='ocrx_word' id='word_1_86' title='bbox 199 1533 290 1590; x_wconf 81' lang='lat' dir='ltr'>recu</span> <span class='ocrx_word' id='word_1_87' title='bbox 311 1537 344 1592; x_wconf 86' lang='lat' dir='ltr'>et</span> <span class='ocrx_word' id='word_1_88' title='bbox 364 1525 547 1590; x_wconf 82' lang='lat' dir='ltr'>ortlrodoxa</span> <span class='ocrx_word' id='word_1_89' title='bbox 571 1528 656 1590; x_wconf 89' lang='lat' dir='ltr'>circa</span> <span class='ocrx_word' id='word_1_90' title='bbox 680 1527 773 1592; x_wconf 87' lang='lat' dir='ltr'>lidctn</span> <span class='ocrx_word' id='word_1_91' title='bbox 796 1529 1005 1600; x_wconf 76' lang='lat' dir='ltr'>christianam</span> <span class='ocrx_word' id='word_1_92' title='bbox 1026 1531 1230 1595; x_wconf 77' lang='lat' dir='ltr'>sententia.»</span> 
     </span>
     <span class='ocr_line' id='line_1_12' title="bbox 2 1625 1234 1709; baseline 0.006 -22"><span class='ocrx_word' id='word_1_93' title='bbox 2 1686 4 1699; x_wconf 49' lang='lat'>,</span> <span class='ocrx_word' id='word_1_94' title='bbox 115 1625 237 1690; x_wconf 79' lang='lat' dir='ltr'>scribit</span> <span class='ocrx_word' id='word_1_95' title='bbox 250 1643 328 1690; x_wconf 85' lang='lat' dir='ltr'>sane</span> <span class='ocrx_word' id='word_1_96' title='bbox 342 1626 381 1688; x_wconf 91' lang='lat' dir='ltr'>ad</span> <span class='ocrx_word' id='word_1_97' title='bbox 399 1625 582 1692; x_wconf 80' lang='lat' dir='ltr'>llomcnnnn</span> <span class='ocrx_word' id='word_1_98' title='bbox 597 1625 807 1708; x_wconf 84' lang='lat' dir='ltr'>Episcopum,</span> <span class='ocrx_word' id='word_1_99' title='bbox 824 1627 912 1692; x_wconf 90' lang='lat' dir='ltr'>illins</span> <span class='ocrx_word' id='word_1_100' title='bbox 925 1647 1161 1704; x_wconf 85' lang='lat' dir='ltr'>successorem,-</span> <span class='ocrx_word' id='word_1_101' title='bbox 1175 1633 1234 1709; x_wconf 85' lang='lat' dir='ltr'>qni</span> 
     </span>
    </p>
   </div>
   <div class='ocr_carea' id='block_1_6' title="bbox 116 1723 1232 1808">
    <p class='ocr_par' dir='ltr' id='par_1_6' title="bbox 116 1723 1232 1808">
     <span class='ocr_line' id='line_1_13' title="bbox 116 1723 1232 1808; baseline 0.007 -20"><span class='ocrx_word' id='word_1_102' title='bbox 116 1725 201 1792; x_wconf 84' lang='lat' dir='ltr'>hano</span> <span class='ocrx_word' id='word_1_103' title='bbox 217 1726 416 1792; x_wconf 87' lang='lat' dir='ltr'>lundascrrt</span> <span class='ocrx_word' id='word_1_104' title='bbox 436 1723 630 1802; x_wconf 84' lang='lat' dir='ltr'>Ecclesium,</span> <span class='ocrx_word' id='word_1_105' title='bbox 653 1730 748 1808; x_wconf 77' lang='lat' dir='ltr'>cuius</span> <span class='ocrx_word' id='word_1_106' title='bbox 760 1729 837 1792; x_wconf 86' lang='lat' dir='ltr'>tides</span> <span class='ocrx_word' id='word_1_107' title='bbox 859 1730 1118 1798; x_wconf 77' lang='lat' dir='ltr'>incunctancter</span> <span class='ocrx_word' id='word_1_108' title='bbox 1142 1734 1173 1793; x_wconf 90' lang='lat' dir='ltr'>in</span> <span class='ocrx_word' id='word_1_109' title='bbox 1197 1752 1232 1796; x_wconf 89' lang='lat' dir='ltr'>n·</span> 
     </span>
    </p>
   </div>
   <div class='ocr_carea' id='block_1_7' title="bbox 2 1828 1353 1911">
    <p class='ocr_par' dir='ltr' id='par_1_7' title="bbox 2 1828 1353 1911">
     <span class='ocr_line' id='line_1_14' title="bbox 2 1828 1353 1911; baseline 0.003 -21"><span class='ocrx_word' id='word_1_110' title='bbox 2 1863 3 1870; x_wconf 23' lang='grc' dir='ltr'><strong>κ</strong></span> <span class='ocrx_word' id='word_1_111' title='bbox 115 1831 250 1894; x_wconf 86' lang='lat' dir='ltr'>diverso</span> <span class='ocrx_word' id='word_1_112' title='bbox 273 1828 510 1896; x_wconf 77' lang='lat' dir='ltr'>muudocsllo</span> <span class='ocrx_word' id='word_1_113' title='bbox 531 1832 633 1911; x_wconf 85' lang='lat' dir='ltr'>quod,</span> <span class='ocrx_word' id='word_1_114' title='bbox 655 1831 786 1910; x_wconf 70' lang='lat' dir='ltr'>(subdit</span> <span class='ocrx_word' id='word_1_115' title='bbox 807 1830 954 1902; x_wconf 82' lang='lat' dir='ltr'>Librol.</span> <span class='ocrx_word' id='word_1_116' title='bbox 976 1831 1233 1901; x_wconf 72' lang='lat' dir='ltr'>condonentu-</span> <span class='ocrx_word' id='word_1_117' title='bbox 1348 1829 1353 1840; x_wconf 91' lang='lat'>&#39;</span> 
     </span>
    </p>
   </div>
   <div class='ocr_carea' id='block_1_8' title="bbox 3 1925 1233 2016">
    <p class='ocr_par' dir='ltr' id='par_1_8' title="bbox 3 1925 1233 2016">
     <span class='ocr_line' id='line_1_15' title="bbox 3 1925 1233 2016; baseline 0.004 -23"><span class='ocrx_word' id='word_1_118' title='bbox 3 1990 5 1993; x_wconf 83' lang='lat'>.</span> <span class='ocrx_word' id='word_1_119' title='bbox 105 1947 191 1995; x_wconf 88' lang='lat' dir='ltr'>rum</span> <span class='ocrx_word' id='word_1_120' title='bbox 207 1930 245 1994; x_wconf 83' lang='lat' dir='ltr'>iu</span> <span class='ocrx_word' id='word_1_121' title='bbox 261 1929 438 2011; x_wconf 79' lang='lat' dir='ltr'>Epistulam</span> <span class='ocrx_word' id='word_1_122' title='bbox 452 1931 495 2001; x_wconf 89' lang='lat' dir='ltr'>nd</span> <span class='ocrx_word' id='word_1_123' title='bbox 509 1929 675 1996; x_wconf 74' lang='lat' dir='ltr'>Romanos</span> <span class='ocrx_word' id='word_1_124' title='bbox 690 1953 719 2004; x_wconf 86' lang='lat' dir='ltr'>n.</span> <span class='ocrx_word' id='word_1_125' title='bbox 735 1931 778 2012; x_wconf 84' lang='lat' dir='ltr'>il.)</span> <span class='ocrx_word' id='word_1_126' title='bbox 794 1952 833 1998; x_wconf 90' lang='lat' dir='ltr'>eo</span> <span class='ocrx_word' id='word_1_127' title='bbox 848 1925 935 2016; x_wconf 66' lang='lat' dir='ltr'>qiud</span> <span class='ocrx_word' id='word_1_128' title='bbox 948 1933 1035 2000; x_wconf 88' lang='lat' dir='ltr'>-iidcs</span> <span class='ocrx_word' id='word_1_129' title='bbox 1049 1931 1122 2011; x_wconf 85' lang='lat' dir='ltr'>ista,</span> <span class='ocrx_word' id='word_1_130' title='bbox 1133 1953 1233 2015; x_wconf 84' lang='lat' dir='ltr'>quem</span> 
     </span>
    </p>
   </div>
   <div class='ocr_carea' id='block_1_9' title="bbox 0 1899 5 2423">
    <p class='ocr_par' dir='ltr' id='par_1_9' title="bbox 0 1899 5 2423">
     <span class='ocr_line' id='line_1_16' title="bbox 0 1899 5 2423; baseline 0 0"><span class='ocrx_word' id='word_1_131' title='bbox 0 1899 5 2423; x_wconf 95' lang='lat' dir='ltr'> </span> 
     </span>
    </p>
   </div>
   <div class='ocr_carea' id='block_1_10' title="bbox 3 2025 1324 2522">
    <p class='ocr_par' dir='ltr' id='par_1_10' title="bbox 114 2025 1233 2118">
     <span class='ocr_line' id='line_1_17' title="bbox 114 2025 1233 2118; baseline 0.007 -23"><span class='ocrx_word' id='word_1_132' title='bbox 114 2025 244 2100; x_wconf 80' lang='lat' dir='ltr'>remini</span> <span class='ocrx_word' id='word_1_133' title='bbox 262 2034 489 2116; x_wconf 40' lang='lat' dir='ltr'>,hobenb&#39;ipsa</span> <span class='ocrx_word' id='word_1_134' title='bbox 512 2035 690 2116; x_wconf 84' lang='lat' dir='ltr'>sudemque</span> <span class='ocrx_word' id='word_1_135' title='bbox 710 2037 765 2114; x_wconf 87' lang='lat' dir='ltr'>sit,</span> <span class='ocrx_word' id='word_1_136' title='bbox 791 2045 822 2100; x_wconf 92' lang='lat' dir='ltr'>ct</span> <span class='ocrx_word' id='word_1_137' title='bbox 844 2055 906 2100; x_wconf 89' lang='lat' dir='ltr'>non</span> <span class='ocrx_word' id='word_1_138' title='bbox 926 2037 1004 2114; x_wconf 82' lang='lat' dir='ltr'>slis,</span> <span class='ocrx_word' id='word_1_139' title='bbox 1027 2054 1125 2118; x_wconf 82' lang='lat' dir='ltr'>gorm</span> <span class='ocrx_word' id='word_1_140' title='bbox 1147 2055 1233 2118; x_wconf 85' lang='lat' dir='ltr'>quse</span> 
     </span>
    </p>

    <p class='ocr_par' dir='ltr' id='par_1_11' title="bbox 113 2136 1233 2219">
     <span class='ocr_line' id='line_1_18' title="bbox 113 2136 1233 2219; baseline 0.005 -20"><span class='ocrx_word' id='word_1_141' title='bbox 113 2136 145 2200; x_wconf 93' lang='lat' dir='ltr'>in</span> <span class='ocrx_word' id='word_1_142' title='bbox 162 2140 322 2201; x_wconf 82' lang='lat' dir='ltr'>universo</span> <span class='ocrx_word' id='word_1_143' title='bbox 344 2136 465 2206; x_wconf 86' lang='lat' dir='ltr'>mundo</span> <span class='ocrx_word' id='word_1_144' title='bbox 479 2137 695 2202; x_wconf 85' lang='lat' dir='ltr'>renunciatur</span> <span class='ocrx_word' id='word_1_145' title='bbox 708 2145 743 2200; x_wconf 88' lang='lat' dir='ltr'>et</span> <span class='ocrx_word' id='word_1_146' title='bbox 755 2137 922 2202; x_wconf 87' lang='lat' dir='ltr'>creditur:</span> <span class='ocrx_word' id='word_1_147' title='bbox 946 2155 1029 2219; x_wconf 87' lang='lat' dir='ltr'>quse</span> <span class='ocrx_word' id='word_1_148' title='bbox 1049 2156 1111 2202; x_wconf 93' lang='lat' dir='ltr'>non</span> <span class='ocrx_word' id='word_1_149' title='bbox 1124 2140 1233 2205; x_wconf 89' lang='lat' dir='ltr'>solunr</span> 
     </span>
    </p>

    <p class='ocr_par' dir='ltr' id='par_1_12' title="bbox 111 2237 922 2320">
     <span class='ocr_line' id='line_1_19' title="bbox 111 2237 922 2320; baseline -0.004 -20"><span class='ocrx_word' id='word_1_150' title='bbox 111 2237 144 2300; x_wconf 92' lang='lat' dir='ltr'>in</span> <span class='ocrx_word' id='word_1_151' title='bbox 168 2247 276 2315; x_wconf 84' lang='lat' dir='ltr'>terro,</span> <span class='ocrx_word' id='word_1_152' title='bbox 297 2239 352 2302; x_wconf 89' lang='lat' dir='ltr'>sed</span> <span class='ocrx_word' id='word_1_153' title='bbox 376 2238 526 2303; x_wconf 76' lang='lat' dir='ltr'>attento</span> <span class='ocrx_word' id='word_1_154' title='bbox 547 2239 647 2303; x_wconf 89' lang='lat' dir='ltr'>coelis</span> <span class='ocrx_word' id='word_1_155' title='bbox 668 2239 887 2320; x_wconf 79' lang='lat' dir='ltr'>praedicatur.</span> <span class='ocrx_word' id='word_1_156' title='bbox 904 2260 922 2297; x_wconf 76' lang='lat' dir='ltr'>s</span> 
     </span>
    </p>

    <p class='ocr_par' dir='ltr' id='par_1_13' title="bbox 3 2338 1324 2522">
     <span class='ocr_line' id='line_1_20' title="bbox 3 2338 1233 2424; baseline -0.002 -16"><span class='ocrx_word' id='word_1_157' title='bbox 3 2419 4 2424; x_wconf 6' lang='grc' dir='ltr'>ἵ</span> <span class='ocrx_word' id='word_1_158' title='bbox 191 2340 280 2408; x_wconf 84' lang='lat' dir='ltr'>Cum</span> <span class='ocrx_word' id='word_1_159' title='bbox 295 2359 374 2422; x_wconf 91' lang='lat' dir='ltr'>ergo</span> <span class='ocrx_word' id='word_1_160' title='bbox 389 2341 546 2422; x_wconf 76' lang='lat' dir='ltr'>Origenes</span> <span class='ocrx_word' id='word_1_161' title='bbox 560 2349 683 2423; x_wconf 87' lang='lat' dir='ltr'>perstet</span> <span class='ocrx_word' id='word_1_162' title='bbox 698 2338 802 2403; x_wconf 83' lang='lat' dir='ltr'>tidelis</span> <span class='ocrx_word' id='word_1_163' title='bbox 824 2348 934 2406; x_wconf 88' lang='lat' dir='ltr'>custos</span> <span class='ocrx_word' id='word_1_164' title='bbox 950 2342 1091 2405; x_wconf 86' lang='lat' dir='ltr'>mandati</span> <span class='ocrx_word' id='word_1_165' title='bbox 1105 2351 1233 2422; x_wconf 83' lang='lat' dir='ltr'>sposto-</span> 
     </span>
     <span class='ocr_line' id='line_1_21' title="bbox 107 2441 1324 2522; baseline 0.002 -17"><span class='ocrx_word' id='word_1_166' title='bbox 107 2443 166 2508; x_wconf 93' lang='lat' dir='ltr'>lioi</span> <span class='ocrx_word' id='word_1_167' title='bbox 180 2445 223 2514; x_wconf 78' lang='lat' dir='ltr'>ad</span> <span class='ocrx_word' id='word_1_168' title='bbox 249 2445 535 2509; x_wconf 84' lang='lat' dir='ltr'>thessalonicenses</span> <span class='ocrx_word' id='word_1_169' title='bbox 550 2441 591 2522; x_wconf 74' lang='lat'>(2.</span> <span class='ocrx_word' id='word_1_170' title='bbox 609 2441 756 2521; x_wconf 82' lang='lat' dir='ltr'>Epistola</span> <span class='ocrx_word' id='word_1_171' title='bbox 771 2461 800 2506; x_wconf 90' lang='lat' dir='ltr'>c.</span> <span class='ocrx_word' id='word_1_172' title='bbox 820 2441 887 2520; x_wconf 83' lang='lat' dir='ltr'>ll.)=</span> <span class='ocrx_word' id='word_1_173' title='bbox 904 2453 984 2507; x_wconf 81' lang='lat' dir='ltr'>stote</span> <span class='ocrx_word' id='word_1_174' title='bbox 1004 2454 1032 2508; x_wconf 87' lang='lat' dir='ltr'>rt</span> <span class='ocrx_word' id='word_1_175' title='bbox 1053 2452 1149 2510; x_wconf 83' lang='lat' dir='ltr'>tcosts</span> <span class='ocrx_word' id='word_1_176' title='bbox 1167 2454 1234 2516; x_wconf 84' lang='lat' dir='ltr'>tro·</span> <span class='ocrx_word' id='word_1_177' title='bbox 1319 2447 1324 2457; x_wconf 95' lang='grc'><strong>’</strong></span> 
     </span>
    </p>
   </div>
   <div class='ocr_carea' id='block_1_11' title="bbox 0 2542 1373 2632">
    <p class='ocr_par' dir='ltr' id='par_1_14' title="bbox 0 2542 1373 2632">
     <span class='ocr_line' id='line_1_22' title="bbox 0 2542 1373 2632; baseline -0.002 -22"><span class='ocrx_word' id='word_1_178' title='bbox 0 2629 1 2632; x_wconf 9' lang='lat'>¹</span> <span class='ocrx_word' id='word_1_179' title='bbox 107 2544 266 2621; x_wconf 64' lang='lat' dir='ltr'>ditium</span> <span class='ocrx_word' id='word_1_180' title='bbox 288 2564 368 2626; x_wconf 79' lang='lat' dir='ltr'>quos</span> <span class='ocrx_word' id='word_1_181' title='bbox 394 2542 555 2632; x_wconf 72' lang='lat' dir='ltr'>didicistis</span> <span class='ocrx_word' id='word_1_182' title='bbox 575 2543 640 2608; x_wconf 82' lang='lat' dir='ltr'>sicr</span> <span class='ocrx_word' id='word_1_183' title='bbox 664 2555 723 2624; x_wconf 84' lang='lat' dir='ltr'>prr</span> <span class='ocrx_word' id='word_1_184' title='bbox 750 2544 1094 2628; x_wconf 57' lang='lat' dir='ltr'>caturcensium</span> <span class='ocrx_word' id='word_1_185' title='bbox 1122 2545 1236 2628; x_wconf 83' lang='lat' dir='ltr'>episto·</span> <span class='ocrx_word' id='word_1_186' title='bbox 1370 2577 1373 2584; x_wconf 86' lang='lat'>.</span> 
     </span>
    </p>
   </div>
   <div class='ocr_carea' id='block_1_12' title="bbox 104 2649 1234 2834">
    <p class='ocr_par' dir='ltr' id='par_1_15' title="bbox 104 2649 1234 2834">
     <span class='ocr_line' id='line_1_23' title="bbox 107 2649 1232 2731; baseline 0.001 -19"><span class='ocrx_word' id='word_1_187' title='bbox 107 2649 175 2720; x_wconf 84' lang='lat' dir='ltr'>lom</span> <span class='ocrx_word' id='word_1_188' title='bbox 195 2657 412 2724; x_wconf 65' lang='lat' dir='ltr'>nostramet</span> <span class='ocrx_word' id='word_1_189' title='bbox 432 2650 507 2716; x_wconf 90' lang='lat' dir='ltr'>hinc</span> <span class='ocrx_word' id='word_1_190' title='bbox 528 2651 656 2714; x_wconf 84' lang='lat' dir='ltr'>intentis</span> <span class='ocrx_word' id='word_1_191' title='bbox 676 2653 962 2731; x_wconf 61' lang='lat' dir='ltr'>praecipiendum</span> <span class='ocrx_word' id='word_1_192' title='bbox 984 2651 1136 2714; x_wconf 83' lang='lat' dir='ltr'>ecclesius</span> <span class='ocrx_word' id='word_1_193' title='bbox 1159 2651 1232 2714; x_wconf 84' lang='lat' dir='ltr'>risit</span> 
     </span>
     <span class='ocr_line' id='line_1_24' title="bbox 104 2749 1234 2834; baseline 0 -20"><span class='ocrx_word' id='word_1_194' title='bbox 104 2749 286 2834; x_wconf 74' lang='lat' dir='ltr'>Origenes,</span> <span class='ocrx_word' id='word_1_195' title='bbox 301 2767 383 2831; x_wconf 82' lang='lat' dir='ltr'>quaa</span> <span class='ocrx_word' id='word_1_196' title='bbox 405 2751 586 2830; x_wconf 78' lang='lat' dir='ltr'>provincias</span> <span class='ocrx_word' id='word_1_197' title='bbox 602 2758 670 2814; x_wconf 88' lang='lat' dir='ltr'>tum</span> <span class='ocrx_word' id='word_1_198' title='bbox 688 2749 795 2826; x_wconf 68' lang='lat' dir='ltr'>deice,</span> <span class='ocrx_word' id='word_1_199' title='bbox 820 2759 888 2815; x_wconf 90' lang='lat' dir='ltr'>tum</span> <span class='ocrx_word' id='word_1_200' title='bbox 907 2751 1065 2831; x_wconf 86' lang='lat' dir='ltr'>licropse.</span> <span class='ocrx_word' id='word_1_201' title='bbox 1080 2766 1234 2831; x_wconf 84' lang='lat' dir='ltr'>pcrngrs-</span> 
     </span>
    </p>
   </div>
   <div class='ocr_carea' id='block_1_13' title="bbox 1 2853 1231 3036">
    <p class='ocr_par' dir='ltr' id='par_1_16' title="bbox 1 2853 1231 3036">
     <span class='ocr_line' id='line_1_25' title="bbox 1 2853 1230 2934; baseline 0.003 -18"><span class='ocrx_word' id='word_1_202' title='bbox 1 2913 2 2930; x_wconf 59' lang='grc'>,</span> <span class='ocrx_word' id='word_1_203' title='bbox 106 2855 168 2931; x_wconf 83' lang='lat' dir='ltr'>vit,</span> <span class='ocrx_word' id='word_1_204' title='bbox 193 2855 278 2918; x_wconf 86' lang='lat' dir='ltr'>olim</span> <span class='ocrx_word' id='word_1_205' title='bbox 299 2853 340 2917; x_wconf 79' lang='lat' dir='ltr'>ab</span> <span class='ocrx_word' id='word_1_206' title='bbox 370 2853 596 2934; x_wconf 87' lang='lat' dir='ltr'>apostolorum</span> <span class='ocrx_word' id='word_1_207' title='bbox 628 2854 709 2934; x_wconf 89' lang='lat' dir='ltr'>peda</span> <span class='ocrx_word' id='word_1_208' title='bbox 729 2853 892 2931; x_wconf 77' lang='lat' dir='ltr'>calostss5</span> <span class='ocrx_word' id='word_1_209' title='bbox 917 2872 955 2918; x_wconf 84' lang='lat' dir='ltr'>sc</span> <span class='ocrx_word' id='word_1_210' title='bbox 977 2872 1040 2918; x_wconf 84' lang='lat' dir='ltr'>nna</span> <span class='ocrx_word' id='word_1_211' title='bbox 1073 2855 1230 2934; x_wconf 86' lang='lat' dir='ltr'>repetitis,</span> 
     </span>
     <span class='ocr_line' id='line_1_26' title="bbox 1 2952 1231 3036; baseline 0.001 -18"><span class='ocrx_word' id='word_1_212' title='bbox 1 3015 2 3026; x_wconf 70' lang='grc'>,</span> <span class='ocrx_word' id='word_1_213' title='bbox 103 2972 197 3036; x_wconf 85' lang='lat' dir='ltr'>qnae</span> <span class='ocrx_word' id='word_1_214' title='bbox 219 2955 376 3035; x_wconf 88' lang='lat' dir='ltr'>superius</span> <span class='ocrx_word' id='word_1_215' title='bbox 407 2954 439 3016; x_wconf 94' lang='lat' dir='ltr'>in</span> <span class='ocrx_word' id='word_1_216' title='bbox 460 2953 562 3034; x_wconf 87' lang='lat' dir='ltr'>prima</span> <span class='ocrx_word' id='word_1_217' title='bbox 585 2961 617 3016; x_wconf 91' lang='lat' dir='ltr'>et</span> <span class='ocrx_word' id='word_1_218' title='bbox 647 2953 788 3018; x_wconf 86' lang='lat' dir='ltr'>secunda</span> <span class='ocrx_word' id='word_1_219' title='bbox 813 2952 909 3019; x_wconf 85' lang='lat' dir='ltr'>Parte</span> <span class='ocrx_word' id='word_1_220' title='bbox 930 2953 1072 3019; x_wconf 85' lang='lat' dir='ltr'>discussa</span> <span class='ocrx_word' id='word_1_221' title='bbox 1092 2964 1167 3017; x_wconf 84' lang='lat' dir='ltr'>sunl</span> <span class='ocrx_word' id='word_1_222' title='bbox 1189 2974 1231 3019; x_wconf 83' lang='lat' dir='ltr'>os</span> 
     </span>
    </p>
   </div>
   <div class='ocr_carea' id='block_1_14' title="bbox 1 3039 1229 3138">
    <p class='ocr_par' dir='ltr' id='par_1_17' title="bbox 1 3039 1229 3138">
     <span class='ocr_line' id='line_1_27' title="bbox 1 3039 1229 3138; baseline -0.002 -18"><span class='ocrx_word' id='word_1_223' title='bbox 1 3039 2 3048; x_wconf 8' lang='grc' dir='ltr'>ἵ</span> <span class='ocrx_word' id='word_1_224' title='bbox 102 3057 269 3138; x_wconf 80' lang='lat' dir='ltr'>pluribus</span> <span class='ocrx_word' id='word_1_225' title='bbox 290 3055 389 3138; x_wconf 85' lang='lat' dir='ltr'>ipsius</span> <span class='ocrx_word' id='word_1_226' title='bbox 410 3055 502 3120; x_wconf 86' lang='lat' dir='ltr'>libris</span> <span class='ocrx_word' id='word_1_227' title='bbox 522 3055 663 3134; x_wconf 81' lang='lat' dir='ltr'>dogmati</span> <span class='ocrx_word' id='word_1_228' title='bbox 685 3056 847 3120; x_wconf 84' lang='lat' dir='ltr'>catholico</span> <span class='ocrx_word' id='word_1_229' title='bbox 862 3065 894 3118; x_wconf 87' lang='lat' dir='ltr'>et</span> <span class='ocrx_word' id='word_1_230' title='bbox 916 3054 1104 3135; x_wconf 83' lang='lat' dir='ltr'>discipliuae</span> <span class='ocrx_word' id='word_1_231' title='bbox 1125 3055 1229 3120; x_wconf 86' lang='lat' dir='ltr'>cccle-</span> 
     </span>
    </p>
   </div>
   <div class='ocr_carea' id='block_1_15' title="bbox 101 3149 1337 3238">
    <p class='ocr_par' dir='ltr' id='par_1_18' title="bbox 101 3149 1337 3238">
     <span class='ocr_line' id='line_1_28' title="bbox 101 3149 1337 3238; baseline -0.002 -16"><span class='ocrx_word' id='word_1_232' title='bbox 101 3161 269 3223; x_wconf 71' lang='lat' dir='ltr'>siasticse&#39;</span> <span class='ocrx_word' id='word_1_233' title='bbox 293 3149 519 3232; x_wconf 84' lang='lat' dir='ltr'>consentanea,</span> <span class='ocrx_word' id='word_1_234' title='bbox 549 3156 625 3238; x_wconf 84' lang='lat' dir='ltr'>jure</span> <span class='ocrx_word' id='word_1_235' title='bbox 654 3159 836 3238; x_wconf 85' lang='lat' dir='ltr'>meritoque</span> <span class='ocrx_word' id='word_1_236' title='bbox 857 3174 956 3237; x_wconf 89' lang='lat' dir='ltr'>supra</span> <span class='ocrx_word' id='word_1_237' title='bbox 985 3167 1110 3222; x_wconf 86' lang='lat' dir='ltr'>cetoros</span> <span class='ocrx_word' id='word_1_238' title='bbox 1141 3156 1230 3222; x_wconf 87' lang='lat' dir='ltr'>illins</span> <span class='ocrx_word' id='word_1_239' title='bbox 1334 3175 1337 3181; x_wconf 84' lang='grc'><strong>’</strong></span> 
     </span>
    </p>
   </div>
   <div class='ocr_carea' id='block_1_16' title="bbox 58 3259 1230 4051">
    <p class='ocr_par' dir='ltr' id='par_1_19' title="bbox 58 3259 1230 4051">
     <span class='ocr_line' id='line_1_29' title="bbox 100 3259 1230 3342; baseline -0.001 -18"><span class='ocrx_word' id='word_1_240' title='bbox 100 3263 229 3327; x_wconf 82' lang='lat' dir='ltr'>aetatis</span> <span class='ocrx_word' id='word_1_241' title='bbox 262 3259 419 3326; x_wconf 85' lang='lat' dir='ltr'>Doctores</span> <span class='ocrx_word' id='word_1_242' title='bbox 440 3265 472 3327; x_wconf 92' lang='lat' dir='ltr'>in</span> <span class='ocrx_word' id='word_1_243' title='bbox 491 3259 640 3342; x_wconf 87' lang='lat' dir='ltr'>Origonis</span> <span class='ocrx_word' id='word_1_244' title='bbox 661 3261 788 3339; x_wconf 88' lang='lat' dir='ltr'>scriptis</span> <span class='ocrx_word' id='word_1_245' title='bbox 809 3261 1023 3324; x_wconf 69' lang='lat' dir='ltr'>constituitur</span> <span class='ocrx_word' id='word_1_246' title='bbox 1043 3259 1161 3324; x_wconf 77' lang='lat' dir='ltr'>anulus</span> <span class='ocrx_word' id='word_1_247' title='bbox 1184 3262 1230 3324; x_wconf 90' lang='lat' dir='ltr'>in·</span> 
     </span>
     <span class='ocr_line' id='line_1_30' title="bbox 98 3361 1229 3443; baseline -0.003 -15"><span class='ocrx_word' id='word_1_248' title='bbox 98 3363 276 3440; x_wconf 88' lang='lat' dir='ltr'>solubilis,</span> <span class='ocrx_word' id='word_1_249' title='bbox 297 3381 365 3443; x_wconf 85' lang='lat' dir='ltr'>quo</span> <span class='ocrx_word' id='word_1_250' title='bbox 388 3369 513 3428; x_wconf 81' lang='lat' dir='ltr'>vetusta</span> <span class='ocrx_word' id='word_1_251' title='bbox 535 3369 711 3426; x_wconf 90' lang='lat' dir='ltr'>nectuntur</span> <span class='ocrx_word' id='word_1_252' title='bbox 741 3379 832 3426; x_wconf 88' lang='lat' dir='ltr'>sacra</span> <span class='ocrx_word' id='word_1_253' title='bbox 854 3367 886 3424; x_wconf 91' lang='lat' dir='ltr'>et</span> <span class='ocrx_word' id='word_1_254' title='bbox 907 3364 1043 3441; x_wconf 89' lang='lat' dir='ltr'>genuina</span> <span class='ocrx_word' id='word_1_255' title='bbox 1066 3361 1229 3443; x_wconf 87' lang='lat' dir='ltr'>apostolo·</span> 
     </span>
     <span class='ocr_line' id='line_1_31' title="bbox 97 3461 1226 3545; baseline -0.004 -15"><span class='ocrx_word' id='word_1_256' title='bbox 97 3485 183 3532; x_wconf 89' lang='lat' dir='ltr'>rom</span> <span class='ocrx_word' id='word_1_257' title='bbox 206 3465 354 3528; x_wconf 87' lang='lat' dir='ltr'>instituta</span> <span class='ocrx_word' id='word_1_258' title='bbox 382 3483 457 3528; x_wconf 87' lang='lat' dir='ltr'>edm</span> <span class='ocrx_word' id='word_1_259' title='bbox 488 3465 526 3526; x_wconf 86' lang='lat' dir='ltr'>iis</span> <span class='ocrx_word' id='word_1_260' title='bbox 545 3463 737 3528; x_wconf 82' lang='lat' dir='ltr'>successivis</span> <span class='ocrx_word' id='word_1_261' title='bbox 767 3463 912 3545; x_wconf 85' lang='lat' dir='ltr'>ejusdem</span> <span class='ocrx_word' id='word_1_262' title='bbox 933 3461 1083 3544; x_wconf 88' lang='lat' dir='ltr'>Origeois</span> <span class='ocrx_word' id='word_1_263' title='bbox 1115 3465 1226 3540; x_wconf 82' lang='lat' dir='ltr'>aetati,</span> 
     </span>
     <span class='ocr_line' id='line_1_32' title="bbox 94 3563 1228 3644; baseline -0.004 -12"><span class='ocrx_word' id='word_1_264' title='bbox 94 3569 180 3634; x_wconf 83' lang='lat' dir='ltr'>lniuc</span> <span class='ocrx_word' id='word_1_265' title='bbox 204 3565 282 3630; x_wconf 88' lang='lat' dir='ltr'>inde</span> <span class='ocrx_word' id='word_1_266' title='bbox 302 3574 393 3629; x_wconf 85' lang='lat' dir='ltr'>arcte</span> <span class='ocrx_word' id='word_1_267' title='bbox 413 3583 482 3630; x_wconf 87' lang='lat' dir='ltr'>esse</span> <span class='ocrx_word' id='word_1_268' title='bbox 503 3563 748 3643; x_wconf 87' lang='lat' dir='ltr'>recipientibus,</span> <span class='ocrx_word' id='word_1_269' title='bbox 771 3565 849 3644; x_wconf 86' lang='lat' dir='ltr'>quin</span> <span class='ocrx_word' id='word_1_270' title='bbox 869 3581 984 3626; x_wconf 86' lang='lat' dir='ltr'>earnm</span> <span class='ocrx_word' id='word_1_271' title='bbox 1005 3563 1228 3644; x_wconf 86' lang='lat' dir='ltr'>disrumpatur</span> 
     </span>
     <span class='ocr_line' id='line_1_33' title="bbox 58 3661 1228 3746; baseline -0.003 -14"><span class='ocrx_word' id='word_1_272' title='bbox 58 3689 59 3692; x_wconf 44' lang='lat'>¹</span> <span class='ocrx_word' id='word_1_273' title='bbox 92 3685 226 3734; x_wconf 83' lang='lat' dir='ltr'>nexus.</span> <span class='ocrx_word' id='word_1_274' title='bbox 248 3663 316 3742; x_wconf 85' lang='lat' dir='ltr'>Qui</span> <span class='ocrx_word' id='word_1_275' title='bbox 335 3663 551 3746; x_wconf 84' lang='lat' dir='ltr'>usquemodo</span> <span class='ocrx_word' id='word_1_276' title='bbox 572 3663 845 3728; x_wconf 85' lang='lat' dir='ltr'>indeclinabiliter</span> <span class='ocrx_word' id='word_1_277' title='bbox 859 3670 1049 3744; x_wconf 78' lang='lat' dir='ltr'>perseverat</span> <span class='ocrx_word' id='word_1_278' title='bbox 1068 3664 1099 3725; x_wconf 94' lang='lat' dir='ltr'>in</span> <span class='ocrx_word' id='word_1_279' title='bbox 1114 3661 1228 3730; x_wconf 86' lang='lat' dir='ltr'>Eccle-</span> 
     </span>
     <span class='ocr_line' id='line_1_34' title="bbox 90 3766 1229 3847; baseline -0.006 -13"><span class='ocrx_word' id='word_1_280' title='bbox 90 3773 144 3836; x_wconf 87' lang='lat' dir='ltr'>sia</span> <span class='ocrx_word' id='word_1_281' title='bbox 165 3767 356 3844; x_wconf 78' lang='lat' dir='ltr'>Catholica,</span> <span class='ocrx_word' id='word_1_282' title='bbox 371 3775 404 3832; x_wconf 85' lang='lat' dir='ltr'>at</span> <span class='ocrx_word' id='word_1_283' title='bbox 423 3770 479 3847; x_wconf 88' lang='lat' dir='ltr'>qni</span> <span class='ocrx_word' id='word_1_284' title='bbox 491 3766 617 3846; x_wconf 87' lang='lat' dir='ltr'>jugiter</span> <span class='ocrx_word' id='word_1_285' title='bbox 628 3766 821 3830; x_wconf 50' lang='lat' dir='ltr'>¹obtestatur</span> <span class='ocrx_word' id='word_1_286' title='bbox 841 3767 998 3830; x_wconf 83' lang='lat' dir='ltr'>adversus</span> <span class='ocrx_word' id='word_1_287' title='bbox 1014 3774 1158 3829; x_wconf 83' lang='lat' dir='ltr'>recentes</span> <span class='ocrx_word' id='word_1_288' title='bbox 1174 3766 1229 3828; x_wconf 86' lang='lat' dir='ltr'>ire·</span> 
     </span>
     <span class='ocr_line' id='line_1_35' title="bbox 94 3867 1146 3951; baseline -0.008 -15"><span class='ocrx_word' id='word_1_289' title='bbox 94 3869 289 3936; x_wconf 76' lang='lat' dir='ltr'>teredones</span> <span class='ocrx_word' id='word_1_290' title='bbox 310 3867 455 3951; x_wconf 72' lang='lat' dir='ltr'>eiusdem</span> <span class='ocrx_word' id='word_1_291' title='bbox 478 3867 657 3932; x_wconf 80' lang='lat' dir='ltr'>traditionis</span> <span class='ocrx_word' id='word_1_292' title='bbox 678 3867 875 3945; x_wconf 87' lang='lat' dir='ltr'>apostolicae</span> <span class='ocrx_word' id='word_1_293' title='bbox 896 3881 1146 3948; x_wconf 77' lang='lat' dir='ltr'>oppugnatores.</span> 
     </span>
     <span class='ocr_line' id='line_1_36' title="bbox 186 3967 1230 4051; baseline -0.003 -17"><span class='ocrx_word' id='word_1_294' title='bbox 186 3967 282 4034; x_wconf 81' lang='lat' dir='ltr'>Haec</span> <span class='ocrx_word' id='word_1_295' title='bbox 302 3979 413 4034; x_wconf 85' lang='lat' dir='ltr'>autem</span> <span class='ocrx_word' id='word_1_296' title='bbox 428 3970 510 4034; x_wconf 84' lang='lat' dir='ltr'>adeo</span> <span class='ocrx_word' id='word_1_297' title='bbox 524 3978 638 4034; x_wconf 83' lang='lat' dir='ltr'>crecta</span> <span class='ocrx_word' id='word_1_298' title='bbox 660 3977 820 4045; x_wconf 89' lang='lat' dir='ltr'>sunt,-nt,</span> <span class='ocrx_word' id='word_1_299' title='bbox 837 3987 921 4049; x_wconf 84' lang='lat' dir='ltr'>quac</span> <span class='ocrx_word' id='word_1_300' title='bbox 941 3969 1078 4035; x_wconf 90' lang='lat' dir='ltr'>credidit</span> <span class='ocrx_word' id='word_1_301' title='bbox 1091 3972 1230 4051; x_wconf 76' lang='lat' dir='ltr'>Aposto-</span> 
     </span>
    </p>
   </div>
   <div class='ocr_carea' id='block_1_17' title="bbox 88 4067 1345 4154">
    <p class='ocr_par' dir='ltr' id='par_1_20' title="bbox 88 4067 1345 4154">
     <span class='ocr_line' id='line_1_37' title="bbox 88 4067 1345 4154; baseline -0.002 -15"><span class='ocrx_word' id='word_1_302' title='bbox 88 4075 168 4150; x_wconf 86' lang='lat' dir='ltr'>lus,</span> <span class='ocrx_word' id='word_1_303' title='bbox 194 4071 375 4136; x_wconf 82' lang='lat' dir='ltr'>crediderit</span> <span class='ocrx_word' id='word_1_304' title='bbox 406 4070 575 4152; x_wconf 68' lang='lat' dir='ltr'>Origenisp</span> <span class='ocrx_word' id='word_1_305' title='bbox 597 4088 682 4152; x_wconf 88' lang='lat' dir='ltr'>quae</span> <span class='ocrx_word' id='word_1_306' title='bbox 714 4067 863 4136; x_wconf 85' lang='lat' dir='ltr'>fidelibus</span> <span class='ocrx_word' id='word_1_307' title='bbox 886 4073 1016 4136; x_wconf 87' lang='lat' dir='ltr'>tradidit</span> <span class='ocrx_word' id='word_1_308' title='bbox 1038 4072 1227 4154; x_wconf 75' lang='lat' dir='ltr'>Apostolus,</span> <span class='ocrx_word' id='word_1_309' title='bbox 1338 4144 1345 4154; x_wconf 24' lang='lat'>⁸</span> 
     </span>
    </p>
   </div>
   <div class='ocr_carea' id='block_1_18' title="bbox 90 4169 1228 4252">
    <p class='ocr_par' dir='ltr' id='par_1_21' title="bbox 90 4169 1228 4252">
     <span class='ocr_line' id='line_1_38' title="bbox 90 4169 1228 4252; baseline -0.006 -11"><span class='ocrx_word' id='word_1_310' title='bbox 90 4169 283 4246; x_wconf 72' lang='lat' dir='ltr'>tradiderit</span> <span class='ocrx_word' id='word_1_311' title='bbox 304 4169 483 4250; x_wconf 82' lang='lat' dir='ltr'>Origenes:</span> <span class='ocrx_word' id='word_1_312' title='bbox 500 4189 585 4250; x_wconf 82' lang='lat' dir='ltr'>quse</span> <span class='ocrx_word' id='word_1_313' title='bbox 605 4173 727 4252; x_wconf 85' lang='lat' dir='ltr'>scripto</span> <span class='ocrx_word' id='word_1_314' title='bbox 748 4170 912 4251; x_wconf 75' lang='lat' dir='ltr'>mundnvit</span> <span class='ocrx_word' id='word_1_315' title='bbox 929 4171 1118 4251; x_wconf 71' lang='lat' dir='ltr'>Apostolus,</span> <span class='ocrx_word' id='word_1_316' title='bbox 1142 4191 1228 4236; x_wconf 88' lang='lat' dir='ltr'>mun-</span> 
     </span>
    </p>
   </div>
   <div class='ocr_carea' id='block_1_19' title="bbox 86 4269 1228 4436">
    <p class='ocr_par' dir='ltr' id='par_1_22' title="bbox 86 4269 1228 4436">
     <span class='ocr_line' id='line_1_39' title="bbox 86 4269 1228 4436; baseline -0.005 -92"><span class='ocrx_word' id='word_1_317' title='bbox 86 4269 437 4436; x_wconf 50' lang='lat' dir='ltr'>dsrcrityillrige&#39;ncs:</span> <span class='ocrx_word' id='word_1_318' title='bbox 460 4291 545 4354; x_wconf 84' lang='lat' dir='ltr'>quac</span> <span class='ocrx_word' id='word_1_319' title='bbox 569 4272 622 4338; x_wconf 83' lang='lat' dir='ltr'>tcl</span> <span class='ocrx_word' id='word_1_320' title='bbox 643 4291 701 4354; x_wconf 88' lang='lat' dir='ltr'>por</span> <span class='ocrx_word' id='word_1_321' title='bbox 721 4289 904 4338; x_wconf 84' lang='lat' dir='ltr'>sermonem</span> <span class='ocrx_word' id='word_1_322' title='bbox 922 4274 973 4338; x_wconf 82' lang='lat' dir='ltr'>rcl</span> <span class='ocrx_word' id='word_1_323' title='bbox 995 4292 1054 4356; x_wconf 83' lang='lat' dir='ltr'>per</span> <span class='ocrx_word' id='word_1_324' title='bbox 1075 4274 1228 4435; x_wconf 56' lang='lat' dir='ltr'>epistolas</span> 
     </span>
     <span class='ocr_line' id='line_1_40' title="bbox 258 4369 1090 4435; baseline -0.005 4"><span class='ocrx_word' id='word_1_325' title='bbox 258 4392 300 4432; x_wconf 74' lang='grc' dir='ltr'>υ.</span> <span class='ocrx_word' id='word_1_326' title='bbox 371 4369 387 4433; x_wconf 79' lang='grc'>.“</span> <span class='ocrx_word' id='word_1_327' title='bbox 1068 4371 1090 4435; x_wconf 76' lang='lat' dir='ltr'>‘d</span> 
     </span>
    </p>
   </div>
   <div class='ocr_carea' id='block_1_20' title="bbox 0 0 1574 4950">
    <p class='ocr_par' dir='ltr' id='par_1_23' title="bbox 0 0 1574 4950">
     <span class='ocr_line' id='line_1_41' title="bbox 0 0 1574 4950; baseline 0 8"><span class='ocrx_word' id='word_1_328' title='bbox 0 0 1574 4950; x_wconf 95' lang='lat' dir='ltr'> </span> 
     </span>
    </p>
   </div>
  </div>
 </body>
</html>
