3042 4940
1141 357 1184 436 di

158 465 243 550 Siqoi
266 482 345 532 vcro
374 483 417 532 ea
438 463 575 532 adverso
606 464 808 532 arbitrentur
828 464 868 531 de
898 467 1073 548 praeterito
1093 464 1186 548 loqui
1240 493 1243 504 ⁴

87 565 283 648 Pontificem
297 567 390 651 quasi
406 569 472 648 ipse
493 576 570 634 tunc
583 585 712 633 sensum
727 587 823 633 snum
839 577 1005 647 mutasset,
1022 569 1118 634 niodo
1131 569 1188 632 da·

88 689 209 750 musas,
229 671 316 752 quod
337 679 431 736 antea
452 671 691 752 propugnavit,
721 689 781 736 nec
802 670 886 737 istud
908 672 1038 752 quidem
1059 671 1189 735 cruitur

86 793 124 839 ca
142 774 279 856 praelata
299 773 475 838 locutione.
496 769 568 836 Nou
590 774 675 836 enim
696 772 773 836 dicit
789 770 927 852 vigilius
939 789 1188 854 quaecumquae

86 893 141 950 oss,
158 875 211 940 sed
230 892 442 955 quoscumque
462 891 529 936 saco
551 869 678 936 samios
693 875 821 953 protom
839 871 982 956 [wicta
1006 874 1093 954 quod
1115 889 1188 954 per·

86 975 188 1055 spiens
206 975 238 1040 io
257 991 353 1040 sensu
376 975 490 1038 uariat.
514 971 700 1049 Personam,
715 974 758 1037 ita
774 975 894 1048 dicens,
917 974 1022 1055 Papae
1042 973 1189 1038 excludit

85 1076 260 1141 acalterius
280 1091 449 1156 personam
471 1075 614 1140 inducit:
634 1076 691 1155 qui
713 1073 821 1155 vigilii
848 1075 975 1140 nomina
989 1075 1122 1152 abnsns,
1143 1075 1189 1137 ei·

85 1175 151 1240 dem
169 1176 368 1253 inscriberet,
382 1193 468 1256 quae
489 1177 556 1254 ipss
576 1175 688 1240 nollet.
704 1174 752 1239 lle
773 1177 823 1240 bis
846 1192 936 1250 sero,
956 1193 1030 1239 com
1052 1174 1187 1238 interius

85 1278 177 1358 magd
197 1275 359 1358 patefient,
381 1277 469 1340 sotis.
487 1273 528 1338 lit
547 1276 587 1338 ad
601 1277 736 1340 alteram
759 1276 867 1357 potius
888 1293 1069 1340 remeamus
1090 1293 1188 1356 quae·

85 1378 211 1440 ctionem
231 1375 273 1440 de
296 1375 451 1457 Origene,
473 1385 679 1457 quaerentes,
706 1394 783 1441 oum
806 1377 837 1441 in
860 1378 922 1440 boc
943 1377 1058 1441 ultimo
1080 1373 1189 1456 vigilii

86 1476 279 1556 Comtitnto,
306 1477 397 1544 illius
422 1485 457 1543 et
475 1479 724 1558 origenistarum
750 1480 981 1562 comprehensa
1010 1481 1052 1544 sit
1071 1479 1188 1544 conde-

84 1579 205 1644 mnatio.

155 1679 192 1746 ln
212 1677 397 1760 praemissis
420 1682 487 1742 tom
509 1677 609 1759 buius
631 1677 805 1756 Pontificio
822 1686 890 1744 inm
912 1679 1096 1755 iustiniani,
1120 1685 1192 1746 lum

85 1776 225 1858 lienuae,
249 1787 318 1847 tum
341 1777 505 1862 Eutychi,
523 1785 591 1844 tom
612 1787 798 1844 ceterorum
813 1782 1038 1862 episcoporum
1060 1780 1189 1866 syuodo

85 1881 299 1946 adsistentium
332 1881 401 1946 sise
421 1880 580 1956 decretis,
604 1881 656 1944 rel
677 1883 832 1962 epistolis,
854 1891 912 1945 aut
932 1883 1049 1962 quovis
1070 1881 1191 1946 discus·

83 1982 201 2048 sununs
222 1999 340 2064 genera
361 1983 393 2045 in
414 1981 512 2046 trium
534 1979 760 2062 Capitulorum
782 2001 880 2048 causa
900 1982 1003 2047 altum
1025 1982 1065 2046 de
1086 1985 1191 2063 oripo·

84 2083 169 2148 uana
191 2083 382 2165 quaestione
404 2081 568 2146 silentium
582 2091 748 2150 serratum
763 2101 832 2148 csse
856 2087 1079 2164 comperitur:
1102 2083 1191 2166 quod

85 2193 313 2267 consequenter
332 2185 365 2248 iu
385 2185 447 2248 boc
468 2183 583 2248 ultimo
604 2181 788 2250 Constituto
809 2186 1002 2250 servandum
1025 2194 1106 2252 erat.
1123 2183 1191 2250 Nos
1264 2191 1275 2220 ¹

85 2285 215 2352 vidimus
224 2308 237 2368 3
259 2294 294 2351 et
313 2285 460 2368 quisquis
473 2286 535 2350 boo
549 2284 730 2365 perlegens,
750 2287 928 2352 nullimode
950 2287 1098 2350 dubitare
1119 2305 1192 2367 pos·

85 2396 130 2452 set
148 2387 187 2454 ds
213 2386 426 2452 damnationis
455 2386 659 2467 origenianae
681 2387 892 2464 exclusione,
925 2389 983 2450 nisi
1006 2387 1190 2453 mutilatum

85 2488 142 2556 boc
160 2489 337 2556 ostenderit
357 2488 586 2555 Constitutum.
620 2485 748 2552 Revera
769 2489 811 2554 c'x
833 2491 1067 2554 recentioribus
1088 2488 1192 2553 critici

86 2587 239 2656 baronius
261 2575 662 2672 potissimum31’etrusde
684 2587 808 2666 lias-oa,
824 2598 857 2654 et
880 2589 1026 2672 Valesius
1046 2589 1191 2671 persuasi

84 2692 114 2754 in
131 2693 190 2756 bac
202 2691 334 2774 Synodo
349 2688 387 2753 V.
410 2690 606 2770 proscriptos
622 2689 720 2754 luisse
739 2689 889 2772 Origeois
902 2709 1033 2754 errores
1054 2691 1191 2773 eiusque

86 2809 249 2872 personam
265 2800 298 2856 et
317 2791 467 2866 asseclas,
490 2792 724 2855 mutilationem
741 2793 930 2857 incusarunt
952 2793 1090 2872 vigiliani
1111 2790 1194 2856 Coo-

85 2895 205 2972 atituti„
217 2893 437 2959 Nihilominus
452 2892 699 2958 desiderandum
721 2891 819 2968 toret,
835 2895 966 2974 aliquod
989 2895 1131 2972 ipsismet
1151 2893 1192 2958 de

86 2993 142 3058 bac
172 2995 395 3060 subtractione
424 2992 596 3071 suffragari
624 2992 853 3057 documentum
885 2993 1128 3069 solistimum,
1154 3013 1192 3058 sc

85 3098 270 3175 praesertim
285 3113 305 3158 a
319 3096 431 3176 priscis
446 3093 609 3158 codicibus
626 3095 811 3172 repetitum.
830 3092 952 3158 Verum
967 3113 1071 3174 usquc
1085 3095 1193 3159 adbuc

88 3197 192 3261 nullus
224 3195 389 3275 reperitur
418 3193 535 3270 codex,
558 3193 667 3273 quiin
690 3190 796 3273 vigilii
828 3192 1007 3258 Goustilnlo
1029 3193 1068 3257 de
1091 3194 1193 3259 tribus

86 3295 238 3378 Capitulis
260 3296 341 3359 banc
362 3302 451 3359 notet
471 3293 674 3359 omissionem
695 3301 753 3356 ant
774 3294 1069 3373 detruncationem
1086 3312 1192 3374 oeque

85 3407 229 3462 veteram
251 3396 291 3462 de
312 3398 373 3462 bac
403 3402 568 3460 remanet
596 3395 823 3460 testimonium.
845 3393 1032 3471 Quinimmo
1065 3403 1193 3459 coutra-

85 3501 171 3564 rinm
186 3499 315 3580 pcuitus
334 3505 369 3562 ot
380 3497 421 3560 ab
437 3497 513 3577 ipsis
532 3497 660 3560 coaevis
681 3496 811 3560 eruitur
818 3515 831 3576 ;
847 3513 921 3560 cnm
943 3497 1098 3577 probatae
1120 3495 1194 3561 tidei

85 3601 257 3680 scriptores
290 3599 504 3673 mendesium,
530 3595 749 3662 constitutum
770 3615 884 3678 nempe
911 3595 1017 3678 vigilii
1038 3615 1099 3678 pro
1119 3614 1194 3662 oon·

85 3697 262 3765 firmatione
291 3700 423 3780 quintae
450 3695 591 3778 smodi,
617 3695 663 3760 nil
693 3699 832 3776 amplius
852 3717 951 3780 quam
983 3699 1081 3762 trium
1102 3697 1195 3780 Capi·

86 3801 229 3866 totorum
251 3800 417 3866 continere
430 3798 613 3874 anathema,
628 3797 700 3862 ulio
719 3799 842 3880 absque
862 3799 977 3864 iudicio
991 3801 1195 3879 origenianae

84 3900 288 3982 quaestionis.

163 4002 323 4084 insuper,
345 4021 420 4068 cnm
450 4001 482 4066 in
513 3999 736 4082 hujuscemodi
763 4000 952 4082 tractatibus
973 4001 1099 4064 initium
1120 3997 1196 4074 tini,

87 4107 117 4164 ct
137 4101 209 4168 iunia
229 4103 319 4168 initio
338 4099 599 4183 aequiparandus
633 4100 685 4177 sit,
707 4099 822 4178 sedplo
843 4101 923 4164 actis
942 4100 1041 4181 buius
1062 4097 1196 4164 Consilii

83 4207 321 4288 pervestigatio,
354 4214 490 4287 atquae
520 4219 723 4282 praecessere
754 4209 788 4268 et
807 4219 892 4283 quae
911 4202 1085 4270 subsecuta
1105 4205 1193 4282 suot,
