<?xml version="1.0" encoding="UTF-8"?>
<!DOCTYPE html PUBLIC "-//W3C//DTD XHTML 1.0 Transitional//EN"
    "http://www.w3.org/TR/xhtml1/DTD/xhtml1-transitional.dtd">
<html xmlns="http://www.w3.org/1999/xhtml" xml:lang="en" lang="en">
 <head>
  <title>
</title>
<meta http-equiv="Content-Type" content="text/html;charset=utf-8" />
  <meta name='ocr-system' content='tesseract 3.04.00' />
  <meta name='ocr-capabilities' content='ocr_page ocr_carea ocr_par ocr_line ocrx_word'/>
</head>
<body>
  <div class='ocr_page' id='page_1' title='image "./insgregoriinyss01vincgoog/insgregoriinyss01vincgoog_0043.png"; bbox 0 0 3186 4946; ppageno 0'>
   <div class='ocr_carea' id='block_1_1' title="bbox 309 395 351 467">
    <p class='ocr_par' dir='ltr' id='par_1_1' title="bbox 309 395 351 467">
     <span class='ocr_line' id='line_1_1' title="bbox 309 395 351 467; baseline 0 0"><span class='ocrx_word' id='word_1_1' title='bbox 309 395 351 467; x_wconf 72' lang='lat' dir='ltr'><strong>ill</strong></span> 
     </span>
    </p>
   </div>
   <div class='ocr_carea' id='block_1_2' title="bbox 310 501 1437 3716">
    <p class='ocr_par' dir='ltr' id='par_1_2' title="bbox 310 501 1431 2605">
     <span class='ocr_line' id='line_1_2' title="bbox 312 501 1425 587; baseline 0.004 -22"><span class='ocrx_word' id='word_1_2' title='bbox 312 518 378 578; x_wconf 92' lang='lat' dir='ltr'><strong>mo,</strong></span> <span class='ocrx_word' id='word_1_3' title='bbox 404 519 486 583; x_wconf 87' lang='lat' dir='ltr'><strong>opus</strong></span> <span class='ocrx_word' id='word_1_4' title='bbox 501 503 664 585; x_wconf 90' lang='lat' dir='ltr'><strong>inceptum</strong></span> <span class='ocrx_word' id='word_1_5' title='bbox 681 503 890 584; x_wconf 64' lang='lat' dir='ltr'><strong>aggreditun</strong></span> <span class='ocrx_word' id='word_1_6' title='bbox 913 521 951 568; x_wconf 92' lang='lat' dir='ltr'><strong>ac</strong></span> <span class='ocrx_word' id='word_1_7' title='bbox 965 504 1005 567; x_wconf 92' lang='lat' dir='ltr'><strong>ad</strong></span> <span class='ocrx_word' id='word_1_8' title='bbox 1020 502 1137 569; x_wconf 87' lang='lat' dir='ltr'><strong>charos</strong></span> <span class='ocrx_word' id='word_1_9' title='bbox 1160 521 1237 569; x_wconf 91' lang='lat' dir='ltr'><strong>snos</strong></span> <span class='ocrx_word' id='word_1_10' title='bbox 1257 519 1315 587; x_wconf 87' lang='lat' dir='ltr'><strong>per</strong></span> <span class='ocrx_word' id='word_1_11' title='bbox 1335 501 1425 570; x_wconf 65' lang='lat' dir='ltr'><strong>litte</strong></span> 
     </span>
     <span class='ocr_line' id='line_1_3' title="bbox 310 603 1425 679; baseline 0.004 -14"><span class='ocrx_word' id='word_1_12' title='bbox 310 619 363 666; x_wconf 87' lang='lat' dir='ltr'><strong>ras</strong></span> <span class='ocrx_word' id='word_1_13' title='bbox 384 604 525 678; x_wconf 91' lang='lat' dir='ltr'><strong>locutus,</strong></span> <span class='ocrx_word' id='word_1_14' title='bbox 542 623 604 669; x_wconf 92' lang='lat' dir='ltr'><strong>non</strong></span> <span class='ocrx_word' id='word_1_15' title='bbox 621 614 754 669; x_wconf 82' lang='lat' dir='ltr'><strong>seretur</strong></span> <span class='ocrx_word' id='word_1_16' title='bbox 774 605 880 670; x_wconf 87' lang='lat' dir='ltr'><strong>debita</strong></span> <span class='ocrx_word' id='word_1_17' title='bbox 901 607 1118 679; x_wconf 80' lang='lat' dir='ltr'><strong>observantia,</strong></span> <span class='ocrx_word' id='word_1_18' title='bbox 1136 606 1216 670; x_wconf 87' lang='lat' dir='ltr'><strong>ialso</strong></span> <span class='ocrx_word' id='word_1_19' title='bbox 1236 608 1295 670; x_wconf 78' lang='lat' dir='ltr'><strong>silai</strong></span> <span class='ocrx_word' id='word_1_20' title='bbox 1318 625 1334 669; x_wconf 89' lang='lat' dir='ltr'><strong>a</strong></span> <span class='ocrx_word' id='word_1_21' title='bbox 1359 603 1425 670; x_wconf 86' lang='lat' dir='ltr'><strong>De·</strong></span> 
     </span>
     <span class='ocr_line' id='line_1_4' title="bbox 311 703 1422 788; baseline 0 -21"><span class='ocrx_word' id='word_1_22' title='bbox 311 706 427 769; x_wconf 90' lang='lat' dir='ltr'><strong>metrio</strong></span> <span class='ocrx_word' id='word_1_23' title='bbox 441 707 606 788; x_wconf 87' lang='lat' dir='ltr'><strong>imputatis</strong></span> <span class='ocrx_word' id='word_1_24' title='bbox 621 706 826 787; x_wconf 87' lang='lat' dir='ltr'><strong>respondere.</strong></span> <span class='ocrx_word' id='word_1_25' title='bbox 838 704 913 783; x_wconf 87' lang='lat' dir='ltr'><strong>Quo</strong></span> <span class='ocrx_word' id='word_1_26' title='bbox 928 716 1046 769; x_wconf 85' lang='lat' dir='ltr'><strong>exacto</strong></span> <span class='ocrx_word' id='word_1_27' title='bbox 1060 707 1099 768; x_wconf 93' lang='lat' dir='ltr'><strong>ad</strong></span> <span class='ocrx_word' id='word_1_28' title='bbox 1112 703 1216 769; x_wconf 79' lang='lat' dir='ltr'><strong>Drum</strong></span> <span class='ocrx_word' id='word_1_29' title='bbox 1233 723 1346 770; x_wconf 83' lang='lat' dir='ltr'><strong>versus</strong></span> <span class='ocrx_word' id='word_1_30' title='bbox 1361 707 1422 768; x_wconf 78' lang='lat' dir='ltr'><strong>aits</strong></span> 
     </span>
     <span class='ocr_line' id='line_1_5' title="bbox 313 805 1426 890; baseline 0.002 -22"><span class='ocrx_word' id='word_1_31' title='bbox 313 806 454 887; x_wconf 76' lang='lat' dir='ltr'><strong>«Atque</strong></span> <span class='ocrx_word' id='word_1_32' title='bbox 469 811 590 872; x_wconf 90' lang='lat' dir='ltr'><strong>utinam</strong></span> <span class='ocrx_word' id='word_1_33' title='bbox 603 808 715 871; x_wconf 89' lang='lat' dir='ltr'><strong>audiat</strong></span> <span class='ocrx_word' id='word_1_34' title='bbox 735 805 821 872; x_wconf 89' lang='lat' dir='ltr'><strong>llens</strong></span> <span class='ocrx_word' id='word_1_35' title='bbox 836 824 948 890; x_wconf 78' lang='lat' dir='ltr'><strong>preces</strong></span> <span class='ocrx_word' id='word_1_36' title='bbox 969 818 1106 884; x_wconf 89' lang='lat' dir='ltr'><strong>nostras,</strong></span> <span class='ocrx_word' id='word_1_37' title='bbox 1129 817 1166 871; x_wconf 91' lang='lat' dir='ltr'><strong>nt</strong></span> <span class='ocrx_word' id='word_1_38' title='bbox 1186 825 1306 888; x_wconf 85' lang='lat' dir='ltr'><strong>corpus</strong></span> <span class='ocrx_word' id='word_1_39' title='bbox 1326 808 1426 871; x_wconf 83' lang='lat' dir='ltr'><strong>totius</strong></span> 
     </span>
     <span class='ocr_line' id='line_1_6' title="bbox 313 908 1427 991; baseline -0.003 -20"><span class='ocrx_word' id='word_1_40' title='bbox 313 909 420 988; x_wconf 86' lang='lat' dir='ltr'><strong>operis</strong></span> <span class='ocrx_word' id='word_1_41' title='bbox 440 908 637 991; x_wconf 71' lang='lat' dir='ltr'><strong>conjungere</strong></span> <span class='ocrx_word' id='word_1_42' title='bbox 658 911 836 990; x_wconf 79' lang='lat' dir='ltr'><strong>possimns3</strong></span> <span class='ocrx_word' id='word_1_43' title='bbox 858 927 917 972; x_wconf 87' lang='lat' dir='ltr'><strong>nec</strong></span> <span class='ocrx_word' id='word_1_44' title='bbox 939 909 1007 971; x_wconf 91' lang='lat' dir='ltr'><strong>nlla</strong></span> <span class='ocrx_word' id='word_1_45' title='bbox 1029 909 1163 988; x_wconf 86' lang='lat' dir='ltr'><strong>posthae</strong></span> <span class='ocrx_word' id='word_1_46' title='bbox 1183 910 1354 972; x_wconf 74' lang='lat' dir='ltr'><strong>necessitas</strong></span> <span class='ocrx_word' id='word_1_47' title='bbox 1379 909 1427 969; x_wconf 93' lang='lat' dir='ltr'><strong>in-</strong></span> 
     </span>
     <span class='ocr_line' id='line_1_7' title="bbox 314 1007 1422 1091; baseline 0 -19"><span class='ocrx_word' id='word_1_48' title='bbox 314 1010 480 1091; x_wconf 87' lang='lat' dir='ltr'><strong>tercipiat,</strong></span> <span class='ocrx_word' id='word_1_49' title='bbox 502 1017 601 1091; x_wconf 86' lang='lat' dir='ltr'><strong>atque</strong></span> <span class='ocrx_word' id='word_1_50' title='bbox 621 1013 839 1091; x_wconf 70' lang='lat' dir='ltr'><strong>interrumpat</strong></span> <span class='ocrx_word' id='word_1_51' title='bbox 852 1010 1040 1090; x_wconf 85' lang='lat' dir='ltr'><strong>Scripturas</strong></span> <span class='ocrx_word' id='word_1_52' title='bbox 1058 1011 1186 1074; x_wconf 90' lang='lat' dir='ltr'><strong>seriem.</strong></span> <span class='ocrx_word' id='word_1_53' title='bbox 1202 1029 1218 1066; x_wconf 79' lang='lat' dir='ltr'><strong>a</strong></span> <span class='ocrx_word' id='word_1_54' title='bbox 1235 1007 1422 1086; x_wconf 86' lang='lat' dir='ltr'><strong>Quomodo,</strong></span> 
     </span>
     <span class='ocr_line' id='line_1_8' title="bbox 312 1109 1426 1190; baseline 0 -20"><span class='ocrx_word' id='word_1_55' title='bbox 312 1109 455 1190; x_wconf 85' lang='lat' dir='ltr'><strong>inquam,</strong></span> <span class='ocrx_word' id='word_1_56' title='bbox 471 1111 497 1173; x_wconf 86' lang='lat' dir='ltr'><strong>si</strong></span> <span class='ocrx_word' id='word_1_57' title='bbox 511 1110 550 1172; x_wconf 91' lang='lat' dir='ltr'><strong>de</strong></span> <span class='ocrx_word' id='word_1_58' title='bbox 564 1111 680 1174; x_wconf 87' lang='lat' dir='ltr'><strong>erratis</strong></span> <span class='ocrx_word' id='word_1_59' title='bbox 697 1110 855 1174; x_wconf 80' lang='lat' dir='ltr'><strong>similibus</strong></span> <span class='ocrx_word' id='word_1_60' title='bbox 869 1120 978 1174; x_wconf 91' lang='lat' dir='ltr'><strong>actam</strong></span> <span class='ocrx_word' id='word_1_61' title='bbox 994 1109 1106 1174; x_wconf 87' lang='lat' dir='ltr'><strong>inisset</strong></span> <span class='ocrx_word' id='word_1_62' title='bbox 1119 1128 1233 1173; x_wconf 81' lang='lat' dir='ltr'><strong>resera</strong></span> <span class='ocrx_word' id='word_1_63' title='bbox 1249 1112 1279 1171; x_wconf 95' lang='lat' dir='ltr'><strong>in</strong></span> <span class='ocrx_word' id='word_1_64' title='bbox 1297 1128 1333 1172; x_wconf 89' lang='lat' dir='ltr'><strong>ea</strong></span> <span class='ocrx_word' id='word_1_65' title='bbox 1350 1128 1426 1189; x_wconf 91' lang='lat' dir='ltr'><strong>pro-</strong></span> 
     </span>
     <span class='ocr_line' id='line_1_9' title="bbox 314 1207 1427 1292; baseline -0.002 -18"><span class='ocrx_word' id='word_1_66' title='bbox 314 1211 410 1287; x_wconf 89' lang='lat' dir='ltr'><strong>cella,</strong></span> <span class='ocrx_word' id='word_1_67' title='bbox 427 1211 513 1276; x_wconf 88' lang='lat' dir='ltr'><strong>unde</strong></span> <span class='ocrx_word' id='word_1_68' title='bbox 533 1212 647 1288; x_wconf 85' lang='lat' dir='ltr'><strong>erasit,</strong></span> <span class='ocrx_word' id='word_1_69' title='bbox 664 1213 828 1292; x_wconf 87' lang='lat' dir='ltr'><strong>quomodo</strong></span> <span class='ocrx_word' id='word_1_70' title='bbox 851 1219 915 1276; x_wconf 88' lang='lat' dir='ltr'><strong>tam</strong></span> <span class='ocrx_word' id='word_1_71' title='bbox 928 1211 1065 1276; x_wconf 88' lang='lat' dir='ltr'><strong>tidenter</strong></span> <span class='ocrx_word' id='word_1_72' title='bbox 1086 1211 1144 1274; x_wconf 90' lang='lat' dir='ltr'><strong>ista</strong></span> <span class='ocrx_word' id='word_1_73' title='bbox 1159 1209 1305 1285; x_wconf 77' lang='lat' dir='ltr'><strong>dixisset,</strong></span> <span class='ocrx_word' id='word_1_74' title='bbox 1321 1207 1427 1272; x_wconf 79' lang='lat' dir='ltr'><strong>liran-</strong></span> 
     </span>
     <span class='ocr_line' id='line_1_10' title="bbox 315 1311 1429 1394; baseline 0 -19"><span class='ocrx_word' id='word_1_75' title='bbox 315 1313 400 1392; x_wconf 76' lang='lat' dir='ltr'><strong>gelio</strong></span> <span class='ocrx_word' id='word_1_76' title='bbox 415 1312 487 1376; x_wconf 92' lang='lat' dir='ltr'><strong>ideo</strong></span> <span class='ocrx_word' id='word_1_77' title='bbox 508 1313 674 1376; x_wconf 88' lang='lat' dir='ltr'><strong>inimicum</strong></span> <span class='ocrx_word' id='word_1_78' title='bbox 690 1331 806 1377; x_wconf 81' lang='lat' dir='ltr'><strong>vocans</strong></span> <span class='ocrx_word' id='word_1_79' title='bbox 828 1311 1041 1388; x_wconf 83' lang='lat' dir='ltr'><strong>Demetrium,</strong></span> <span class='ocrx_word' id='word_1_80' title='bbox 1055 1311 1111 1394; x_wconf 89' lang='lat' dir='ltr'><strong>qni</strong></span> <span class='ocrx_word' id='word_1_81' title='bbox 1127 1313 1282 1376; x_wconf 75' lang='lat' dir='ltr'><strong>insontem</strong></span> <span class='ocrx_word' id='word_1_82' title='bbox 1297 1312 1429 1375; x_wconf 78' lang='lat' dir='ltr'><strong>damos-</strong></span> 
     </span>
     <span class='ocr_line' id='line_1_11' title="bbox 316 1410 1427 1494; baseline 0.002 -20"><span class='ocrx_word' id='word_1_83' title='bbox 316 1422 429 1490; x_wconf 85' lang='lat' dir='ltr'><strong>rerat,</strong></span> <span class='ocrx_word' id='word_1_84' title='bbox 452 1422 636 1477; x_wconf 82' lang='lat' dir='ltr'><strong>etecusam</strong></span> <span class='ocrx_word' id='word_1_85' title='bbox 657 1415 724 1493; x_wconf 92' lang='lat' dir='ltr'><strong>ipse</strong></span> <span class='ocrx_word' id='word_1_86' title='bbox 748 1431 841 1477; x_wconf 87' lang='lat' dir='ltr'><strong>snam</strong></span> <span class='ocrx_word' id='word_1_87' title='bbox 864 1413 931 1478; x_wconf 84' lang='lat' dir='ltr'><strong>ileo</strong></span> <span class='ocrx_word' id='word_1_88' title='bbox 945 1410 1203 1478; x_wconf 78' lang='lat' dir='ltr'><strong>commendans?</strong></span> <span class='ocrx_word' id='word_1_89' title='bbox 1224 1414 1427 1494; x_wconf 86' lang='lat' dir='ltr'><strong>usquedum</strong></span> 
     </span>
     <span class='ocr_line' id='line_1_12' title="bbox 314 1513 1428 1597; baseline -0.003 -19"><span class='ocrx_word' id='word_1_90' title='bbox 314 1532 424 1578; x_wconf 89' lang='lat' dir='ltr'><strong>omnes</strong></span> <span class='ocrx_word' id='word_1_91' title='bbox 446 1514 485 1578; x_wconf 89' lang='lat' dir='ltr'><strong>de</strong></span> <span class='ocrx_word' id='word_1_92' title='bbox 499 1533 539 1577; x_wconf 92' lang='lat' dir='ltr'><strong>eo</strong></span> <span class='ocrx_word' id='word_1_93' title='bbox 554 1515 746 1579; x_wconf 70' lang='lat' dir='ltr'><strong>evanuerint</strong></span> <span class='ocrx_word' id='word_1_94' title='bbox 766 1517 888 1580; x_wconf 91' lang='lat' dir='ltr'><strong>erroris</strong></span> <span class='ocrx_word' id='word_1_95' title='bbox 908 1517 1118 1597; x_wconf 86' lang='lat' dir='ltr'><strong>suspiciones,</strong></span> <span class='ocrx_word' id='word_1_96' title='bbox 1135 1514 1271 1578; x_wconf 85' lang='lat' dir='ltr'><strong>llomlno</strong></span> <span class='ocrx_word' id='word_1_97' title='bbox 1291 1514 1351 1577; x_wconf 88' lang='lat' dir='ltr'><strong>sibi</strong></span> <span class='ocrx_word' id='word_1_98' title='bbox 1372 1513 1428 1577; x_wconf 83' lang='lat' dir='ltr'><strong>ad·</strong></span> 
     </span>
     <span class='ocr_line' id='line_1_13' title="bbox 317 1615 1428 1698; baseline -0.001 -18"><span class='ocrx_word' id='word_1_99' title='bbox 317 1618 447 1681; x_wconf 80' lang='lat' dir='ltr'><strong>sistente</strong></span> <span class='ocrx_word' id='word_1_100' title='bbox 468 1617 502 1678; x_wconf 93' lang='lat' dir='ltr'><strong>iu</strong></span> <span class='ocrx_word' id='word_1_101' title='bbox 523 1617 793 1697; x_wconf 88' lang='lat' dir='ltr'><strong>discooperieadis</strong></span> <span class='ocrx_word' id='word_1_102' title='bbox 814 1617 946 1695; x_wconf 82' lang='lat' dir='ltr'><strong>insidiis,</strong></span> <span class='ocrx_word' id='word_1_103' title='bbox 964 1619 1044 1698; x_wconf 87' lang='lat' dir='ltr'><strong>quin</strong></span> <span class='ocrx_word' id='word_1_104' title='bbox 1065 1633 1208 1697; x_wconf 82' lang='lat' dir='ltr'><strong>unquam</strong></span> <span class='ocrx_word' id='word_1_105' title='bbox 1231 1633 1269 1678; x_wconf 92' lang='lat' dir='ltr'><strong>ne</strong></span> <span class='ocrx_word' id='word_1_106' title='bbox 1292 1615 1428 1679; x_wconf 82' lang='lat' dir='ltr'><strong>verbani</strong></span> 
     </span>
     <span class='ocr_line' id='line_1_14' title="bbox 317 1715 1430 1798; baseline -0.002 -19"><span class='ocrx_word' id='word_1_107' title='bbox 317 1717 449 1798; x_wconf 87' lang='lat' dir='ltr'><strong>quidem</strong></span> <span class='ocrx_word' id='word_1_108' title='bbox 472 1720 709 1782; x_wconf 83' lang='lat' dir='ltr'><strong>retractationis</strong></span> <span class='ocrx_word' id='word_1_109' title='bbox 725 1717 941 1798; x_wconf 81' lang='lat' dir='ltr'><strong>prolerretex</strong></span> <span class='ocrx_word' id='word_1_110' title='bbox 964 1717 1113 1798; x_wconf 86' lang='lat' dir='ltr'><strong>pluribus</strong></span> <span class='ocrx_word' id='word_1_111' title='bbox 1135 1715 1339 1796; x_wconf 85' lang='lat' dir='ltr'><strong>blasphemiis</strong></span> <span class='ocrx_word' id='word_1_112' title='bbox 1354 1733 1430 1780; x_wconf 92' lang='lat' dir='ltr'><strong>con·</strong></span> 
     </span>
     <span class='ocr_line' id='line_1_15' title="bbox 316 1815 1428 1899; baseline -0.003 -17"><span class='ocrx_word' id='word_1_113' title='bbox 316 1826 365 1882; x_wconf 91' lang='lat' dir='ltr'><strong>tra</strong></span> <span class='ocrx_word' id='word_1_114' title='bbox 389 1817 492 1882; x_wconf 83' lang='lat' dir='ltr'><strong>Deum</strong></span> <span class='ocrx_word' id='word_1_115' title='bbox 514 1826 548 1882; x_wconf 91' lang='lat' dir='ltr'><strong>et</strong></span> <span class='ocrx_word' id='word_1_116' title='bbox 568 1829 679 1882; x_wconf 91' lang='lat' dir='ltr'><strong>contra</strong></span> <span class='ocrx_word' id='word_1_117' title='bbox 696 1817 910 1899; x_wconf 74' lang='lat' dir='ltr'><strong>Evangelium</strong></span> <span class='ocrx_word' id='word_1_118' title='bbox 930 1817 969 1880; x_wconf 90' lang='lat' dir='ltr'><strong>de</strong></span> <span class='ocrx_word' id='word_1_119' title='bbox 990 1818 1162 1898; x_wconf 90' lang='lat' dir='ltr'><strong>impietatis</strong></span> <span class='ocrx_word' id='word_1_120' title='bbox 1187 1815 1329 1879; x_wconf 77' lang='lat' dir='ltr'><strong>fontibus</strong></span> <span class='ocrx_word' id='word_1_121' title='bbox 1351 1833 1428 1879; x_wconf 91' lang='lat' dir='ltr'><strong>ern·</strong></span> 
     </span>
     <span class='ocr_line' id='line_1_16' title="bbox 320 1913 1426 2000; baseline -0.004 -18"><span class='ocrx_word' id='word_1_122' title='bbox 320 1922 373 1996; x_wconf 93' lang='lat' dir='ltr'><strong>tis,</strong></span> <span class='ocrx_word' id='word_1_123' title='bbox 402 1920 500 1982; x_wconf 89' lang='lat' dir='ltr'><strong>sicuti</strong></span> <span class='ocrx_word' id='word_1_124' title='bbox 523 1937 651 1984; x_wconf 86' lang='lat' dir='ltr'><strong>necesse</strong></span> <span class='ocrx_word' id='word_1_125' title='bbox 676 1927 760 1996; x_wconf 88' lang='lat' dir='ltr'><strong>arat,</strong></span> <span class='ocrx_word' id='word_1_126' title='bbox 780 1922 806 1983; x_wconf 88' lang='lat' dir='ltr'><strong>si</strong></span> <span class='ocrx_word' id='word_1_127' title='bbox 833 1937 947 2000; x_wconf 87' lang='lat' dir='ltr'><strong>reapse</strong></span> <span class='ocrx_word' id='word_1_128' title='bbox 969 1926 1057 1983; x_wconf 85' lang='lat' dir='ltr'><strong>sture</strong></span> <span class='ocrx_word' id='word_1_129' title='bbox 1082 1918 1219 1981; x_wconf 79' lang='lat' dir='ltr'><strong>velimus</strong></span> <span class='ocrx_word' id='word_1_130' title='bbox 1243 1913 1426 1997; x_wconf 82' lang='lat' dir='ltr'><strong>Theophili,</strong></span> 
     </span>
     <span class='ocr_line' id='line_1_17' title="bbox 319 2018 1431 2104; baseline -0.001 -21"><span class='ocrx_word' id='word_1_131' title='bbox 319 2018 510 2104; x_wconf 77' lang='lat' dir='ltr'><strong>Hieronymi</strong></span> <span class='ocrx_word' id='word_1_132' title='bbox 536 2028 568 2084; x_wconf 91' lang='lat' dir='ltr'><strong>et</strong></span> <span class='ocrx_word' id='word_1_133' title='bbox 582 2019 752 2101; x_wconf 83' lang='lat' dir='ltr'><strong>Epiphanii</strong></span> <span class='ocrx_word' id='word_1_134' title='bbox 769 2019 986 2086; x_wconf 74' lang='lat' dir='ltr'><strong>testimoniis?</strong></span> <span class='ocrx_word' id='word_1_135' title='bbox 1012 2018 1161 2100; x_wconf 89' lang='lat' dir='ltr'><strong>inspicito</strong></span> <span class='ocrx_word' id='word_1_136' title='bbox 1189 2019 1289 2098; x_wconf 73' lang='lat' dir='ltr'><strong>igitur</strong></span> <span class='ocrx_word' id='word_1_137' title='bbox 1311 2037 1353 2082; x_wconf 85' lang='lat' dir='ltr'><strong>cx</strong></span> <span class='ocrx_word' id='word_1_138' title='bbox 1367 2020 1431 2082; x_wconf 87' lang='lat' dir='ltr'><strong>hoc</strong></span> 
     </span>
     <span class='ocr_line' id='line_1_18' title="bbox 318 2116 1428 2202; baseline -0.004 -18"><span class='ocrx_word' id='word_1_139' title='bbox 318 2139 484 2202; x_wconf 90' lang='lat' dir='ltr'><strong>processu,</strong></span> <span class='ocrx_word' id='word_1_140' title='bbox 507 2138 604 2201; x_wconf 86' lang='lat' dir='ltr'><strong>qnam</strong></span> <span class='ocrx_word' id='word_1_141' title='bbox 627 2124 764 2201; x_wconf 79' lang='lat' dir='ltr'><strong>ingenue</strong></span> <span class='ocrx_word' id='word_1_142' title='bbox 784 2122 824 2185; x_wconf 90' lang='lat' dir='ltr'><strong>de</strong></span> <span class='ocrx_word' id='word_1_143' title='bbox 843 2141 878 2186; x_wconf 90' lang='lat' dir='ltr'><strong>se</strong></span> <span class='ocrx_word' id='word_1_144' title='bbox 895 2121 1015 2185; x_wconf 86' lang='lat' dir='ltr'><strong>scribat</strong></span> <span class='ocrx_word' id='word_1_145' title='bbox 1031 2117 1187 2201; x_wconf 72' lang='lat' dir='ltr'><strong>Origenes</strong></span> <span class='ocrx_word' id='word_1_146' title='bbox 1206 2120 1237 2182; x_wconf 94' lang='lat' dir='ltr'><strong>in</strong></span> <span class='ocrx_word' id='word_1_147' title='bbox 1257 2116 1350 2183; x_wconf 86' lang='lat' dir='ltr'><strong>Tomi</strong></span> <span class='ocrx_word' id='word_1_148' title='bbox 1372 2116 1428 2182; x_wconf 82' lang='lat' dir='ltr'><strong>Vl.</strong></span> 
     </span>
     <span class='ocr_line' id='line_1_19' title="bbox 319 2221 1429 2303; baseline 0.001 -19"><span class='ocrx_word' id='word_1_149' title='bbox 319 2223 422 2298; x_wconf 93' lang='lat' dir='ltr'><strong>initio,</strong></span> <span class='ocrx_word' id='word_1_150' title='bbox 438 2223 534 2286; x_wconf 88' lang='lat' dir='ltr'><strong>sicuti</strong></span> <span class='ocrx_word' id='word_1_151' title='bbox 556 2223 587 2284; x_wconf 94' lang='lat' dir='ltr'><strong>in</strong></span> <span class='ocrx_word' id='word_1_152' title='bbox 603 2223 756 2303; x_wconf 88' lang='lat' dir='ltr'><strong>praelatis</strong></span> <span class='ocrx_word' id='word_1_153' title='bbox 770 2222 810 2286; x_wconf 92' lang='lat' dir='ltr'><strong>ad</strong></span> <span class='ocrx_word' id='word_1_154' title='bbox 826 2222 1064 2286; x_wconf 77' lang='lat' dir='ltr'><strong>Alexandrinos</strong></span> <span class='ocrx_word' id='word_1_155' title='bbox 1076 2223 1205 2297; x_wconf 88' lang='lat' dir='ltr'><strong>litteris,</strong></span> <span class='ocrx_word' id='word_1_156' title='bbox 1222 2228 1337 2285; x_wconf 90' lang='lat' dir='ltr'><strong>mutuo</strong></span> <span class='ocrx_word' id='word_1_157' title='bbox 1352 2221 1429 2285; x_wconf 87' lang='lat' dir='ltr'><strong>illn-</strong></span> 
     </span>
     <span class='ocr_line' id='line_1_20' title="bbox 319 2321 1428 2404; baseline -0.002 -18"><span class='ocrx_word' id='word_1_158' title='bbox 319 2325 429 2387; x_wconf 89' lang='lat' dir='ltr'><strong>stratia</strong></span> <span class='ocrx_word' id='word_1_159' title='bbox 450 2331 483 2387; x_wconf 87' lang='lat' dir='ltr'><strong>ct</strong></span> <span class='ocrx_word' id='word_1_160' title='bbox 497 2321 628 2388; x_wconf 85' lang='lat' dir='ltr'><strong>Eusebii</strong></span> <span class='ocrx_word' id='word_1_161' title='bbox 647 2325 827 2388; x_wconf 89' lang='lat' dir='ltr'><strong>testimonio</strong></span> <span class='ocrx_word' id='word_1_162' title='bbox 855 2325 1011 2388; x_wconf 88' lang='lat' dir='ltr'><strong>adauctis.</strong></span> <span class='ocrx_word' id='word_1_163' title='bbox 1026 2321 1178 2404; x_wconf 88' lang='lat' dir='ltr'><strong>inspicito</strong></span> <span class='ocrx_word' id='word_1_164' title='bbox 1198 2322 1330 2386; x_wconf 88' lang='lat' dir='ltr'><strong>demum</strong></span> <span class='ocrx_word' id='word_1_165' title='bbox 1351 2341 1428 2385; x_wconf 90' lang='lat' dir='ltr'><strong>num</strong></span> 
     </span>
     <span class='ocr_line' id='line_1_21' title="bbox 318 2423 1429 2504; baseline -0.002 -15"><span class='ocrx_word' id='word_1_166' title='bbox 318 2442 356 2489; x_wconf 89' lang='lat' dir='ltr'><strong>ea</strong></span> <span class='ocrx_word' id='word_1_167' title='bbox 371 2424 565 2488; x_wconf 90' lang='lat' dir='ltr'><strong>admittenda</strong></span> <span class='ocrx_word' id='word_1_168' title='bbox 596 2425 660 2488; x_wconf 90' lang='lat' dir='ltr'><strong>siot</strong></span> <span class='ocrx_word' id='word_1_169' title='bbox 680 2442 779 2504; x_wconf 85' lang='lat' dir='ltr'><strong>prava</strong></span> <span class='ocrx_word' id='word_1_170' title='bbox 802 2424 974 2504; x_wconf 73' lang='lat' dir='ltr'><strong>dogmata,</strong></span> <span class='ocrx_word' id='word_1_171' title='bbox 997 2441 1140 2504; x_wconf 87' lang='lat' dir='ltr'><strong>quornm</strong></span> <span class='ocrx_word' id='word_1_172' title='bbox 1153 2431 1323 2488; x_wconf 88' lang='lat' dir='ltr'><strong>auctorem</strong></span> <span class='ocrx_word' id='word_1_173' title='bbox 1343 2423 1429 2488; x_wconf 87' lang='lat' dir='ltr'><strong>cele·</strong></span> 
     </span>
     <span class='ocr_line' id='line_1_22' title="bbox 318 2525 1023 2605; baseline 0 -19"><span class='ocrx_word' id='word_1_174' title='bbox 318 2525 401 2588; x_wconf 91' lang='lat' dir='ltr'><strong>brati</strong></span> <span class='ocrx_word' id='word_1_175' title='bbox 419 2526 594 2605; x_wconf 87' lang='lat' dir='ltr'><strong>scriptores</strong></span> <span class='ocrx_word' id='word_1_176' title='bbox 617 2525 763 2589; x_wconf 83' lang='lat' dir='ltr'><strong>lecerunt</strong></span> <span class='ocrx_word' id='word_1_177' title='bbox 784 2525 1023 2590; x_wconf 74' lang='lat' dir='ltr'><strong>adamantium.</strong></span> 
     </span>
    </p>

    <p class='ocr_par' dir='ltr' id='par_1_3' title="bbox 321 2621 1437 3716">
     <span class='ocr_line' id='line_1_23' title="bbox 402 2621 1431 2707; baseline 0.001 -20"><span class='ocrx_word' id='word_1_178' title='bbox 402 2621 450 2688; x_wconf 79' lang='lat' dir='ltr'><strong>lix</strong></span> <span class='ocrx_word' id='word_1_179' title='bbox 467 2627 514 2688; x_wconf 87' lang='lat' dir='ltr'><strong>his</strong></span> <span class='ocrx_word' id='word_1_180' title='bbox 528 2627 710 2706; x_wconf 81' lang='lat' dir='ltr'><strong>praemissis</strong></span> <span class='ocrx_word' id='word_1_181' title='bbox 732 2627 763 2688; x_wconf 92' lang='lat' dir='ltr'><strong>in</strong></span> <span class='ocrx_word' id='word_1_182' title='bbox 777 2628 922 2690; x_wconf 87' lang='lat' dir='ltr'><strong>eamdem</strong></span> <span class='ocrx_word' id='word_1_183' title='bbox 938 2625 1107 2689; x_wconf 81' lang='lat' dir='ltr'><strong>incidimus</strong></span> <span class='ocrx_word' id='word_1_184' title='bbox 1121 2626 1311 2701; x_wconf 87' lang='lat' dir='ltr'><strong>illationem,</strong></span> <span class='ocrx_word' id='word_1_185' title='bbox 1332 2643 1431 2707; x_wconf 83' lang='lat' dir='ltr'><strong>qnam</strong></span> 
     </span>
     <span class='ocr_line' id='line_1_24' title="bbox 321 2725 1432 2808; baseline 0.001 -21"><span class='ocrx_word' id='word_1_186' title='bbox 321 2726 420 2805; x_wconf 89' lang='lat' dir='ltr'><strong>panio</strong></span> <span class='ocrx_word' id='word_1_187' title='bbox 440 2735 532 2791; x_wconf 87' lang='lat' dir='ltr'><strong>autea</strong></span> <span class='ocrx_word' id='word_1_188' title='bbox 548 2729 727 2791; x_wconf 74' lang='lat' dir='ltr'><strong>trecenario</strong></span> <span class='ocrx_word' id='word_1_189' title='bbox 749 2727 916 2806; x_wconf 85' lang='lat' dir='ltr'><strong>eroimns;</strong></span> <span class='ocrx_word' id='word_1_190' title='bbox 934 2727 1013 2790; x_wconf 90' lang='lat' dir='ltr'><strong>idest</strong></span> <span class='ocrx_word' id='word_1_191' title='bbox 1027 2725 1199 2807; x_wconf 78' lang='lat' dir='ltr'><strong>Oripeuem</strong></span> <span class='ocrx_word' id='word_1_192' title='bbox 1215 2744 1274 2791; x_wconf 90' lang='lat' dir='ltr'><strong>nec</strong></span> <span class='ocrx_word' id='word_1_193' title='bbox 1290 2743 1432 2808; x_wconf 87' lang='lat' dir='ltr'><strong>unquam</strong></span> 
     </span>
     <span class='ocr_line' id='line_1_25' title="bbox 324 2826 1432 2909; baseline 0.001 -21"><span class='ocrx_word' id='word_1_194' title='bbox 324 2826 397 2889; x_wconf 88' lang='lat' dir='ltr'><strong>talia</strong></span> <span class='ocrx_word' id='word_1_195' title='bbox 420 2826 567 2891; x_wconf 89' lang='lat' dir='ltr'><strong>docuisse</strong></span> <span class='ocrx_word' id='word_1_196' title='bbox 588 2827 740 2904; x_wconf 87' lang='lat' dir='ltr'><strong>absurda,</strong></span> <span class='ocrx_word' id='word_1_197' title='bbox 763 2847 868 2909; x_wconf 84' lang='lat' dir='ltr'><strong>neque</strong></span> <span class='ocrx_word' id='word_1_198' title='bbox 887 2829 955 2891; x_wconf 90' lang='lat' dir='ltr'><strong>sais</strong></span> <span class='ocrx_word' id='word_1_199' title='bbox 975 2828 1147 2891; x_wconf 87' lang='lat' dir='ltr'><strong>inseruisse</strong></span> <span class='ocrx_word' id='word_1_200' title='bbox 1166 2828 1294 2908; x_wconf 89' lang='lat' dir='ltr'><strong>scriptis</strong></span> <span class='ocrx_word' id='word_1_201' title='bbox 1305 2848 1317 2907; x_wconf 78' lang='lat'>3</span> <span class='ocrx_word' id='word_1_202' title='bbox 1339 2834 1383 2901; x_wconf 91' lang='lat' dir='ltr'><strong>et,</strong></span> <span class='ocrx_word' id='word_1_203' title='bbox 1405 2826 1432 2890; x_wconf 94' lang='lat' dir='ltr'><strong>si</strong></span> 
     </span>
     <span class='ocr_line' id='line_1_26' title="bbox 321 2927 1429 3008; baseline -0.001 -18"><span class='ocrx_word' id='word_1_204' title='bbox 321 2929 433 2990; x_wconf 85' lang='lat' dir='ltr'><strong>ooaari</strong></span> <span class='ocrx_word' id='word_1_205' title='bbox 455 2929 654 2994; x_wconf 85' lang='lat' dir='ltr'><strong>occasionem</strong></span> <span class='ocrx_word' id='word_1_206' title='bbox 690 2931 773 2993; x_wconf 90' lang='lat' dir='ltr'><strong>nacti</strong></span> <span class='ocrx_word' id='word_1_207' title='bbox 794 2931 857 2992; x_wconf 91' lang='lat' dir='ltr'><strong>sint</strong></span> <span class='ocrx_word' id='word_1_208' title='bbox 884 2929 978 2992; x_wconf 88' lang='lat' dir='ltr'><strong>illum</strong></span> <span class='ocrx_word' id='word_1_209' title='bbox 1002 2927 1167 2992; x_wconf 89' lang='lat' dir='ltr'><strong>incusandi</strong></span> <span class='ocrx_word' id='word_1_210' title='bbox 1198 2929 1240 2992; x_wconf 77' lang='lat' dir='ltr'><strong>oli</strong></span> <span class='ocrx_word' id='word_1_211' title='bbox 1261 2929 1429 3008; x_wconf 79' lang='lat' dir='ltr'><strong>peregrina</strong></span> 
     </span>
     <span class='ocr_line' id='line_1_27' title="bbox 321 3027 1433 3108; baseline 0 -19"><span class='ocrx_word' id='word_1_212' title='bbox 321 3027 484 3107; x_wconf 81' lang='lat' dir='ltr'><strong>dogmata,</strong></span> <span class='ocrx_word' id='word_1_213' title='bbox 506 3037 563 3093; x_wconf 91' lang='lat' dir='ltr'><strong>ant</strong></span> <span class='ocrx_word' id='word_1_214' title='bbox 583 3047 712 3095; x_wconf 88' lang='lat' dir='ltr'><strong>sensnm</strong></span> <span class='ocrx_word' id='word_1_215' title='bbox 736 3029 910 3093; x_wconf 81' lang='lat' dir='ltr'><strong>uerborum</strong></span> <span class='ocrx_word' id='word_1_216' title='bbox 932 3046 1069 3092; x_wconf 91' lang='lat' dir='ltr'><strong>snorum</strong></span> <span class='ocrx_word' id='word_1_217' title='bbox 1091 3047 1153 3092; x_wconf 93' lang='lat' dir='ltr'><strong>non</strong></span> <span class='ocrx_word' id='word_1_218' title='bbox 1174 3029 1433 3108; x_wconf 85' lang='lat' dir='ltr'><strong>comprehendis·</strong></span> 
     </span>
     <span class='ocr_line' id='line_1_28' title="bbox 322 3129 1431 3212; baseline -0.002 -20"><span class='ocrx_word' id='word_1_219' title='bbox 322 3147 369 3205; x_wconf 89' lang='lat' dir='ltr'><strong>se,</strong></span> <span class='ocrx_word' id='word_1_220' title='bbox 387 3129 438 3192; x_wconf 85' lang='lat' dir='ltr'><strong>rel</strong></span> <span class='ocrx_word' id='word_1_221' title='bbox 452 3149 528 3193; x_wconf 91' lang='lat' dir='ltr'><strong>suos</strong></span> <span class='ocrx_word' id='word_1_222' title='bbox 550 3131 761 3212; x_wconf 85' lang='lat' dir='ltr'><strong>interpolasse</strong></span> <span class='ocrx_word' id='word_1_223' title='bbox 782 3131 905 3205; x_wconf 84' lang='lat' dir='ltr'><strong>libros,</strong></span> <span class='ocrx_word' id='word_1_224' title='bbox 927 3129 1066 3204; x_wconf 87' lang='lat' dir='ltr'><strong>eisdem,</strong></span> <span class='ocrx_word' id='word_1_225' title='bbox 1094 3148 1175 3211; x_wconf 86' lang='lat' dir='ltr'><strong>qnos</strong></span> <span class='ocrx_word' id='word_1_226' title='bbox 1196 3131 1263 3212; x_wconf 90' lang='lat' dir='ltr'><strong>ipse</strong></span> <span class='ocrx_word' id='word_1_227' title='bbox 1285 3129 1431 3206; x_wconf 79' lang='lat' dir='ltr'><strong>nescirit,</strong></span> 
     </span>
     <span class='ocr_line' id='line_1_29' title="bbox 322 3229 1434 3313; baseline -0.003 -19"><span class='ocrx_word' id='word_1_228' title='bbox 322 3231 556 3313; x_wconf 84' lang='lat' dir='ltr'><strong>reiutaaitque,</strong></span> <span class='ocrx_word' id='word_1_229' title='bbox 574 3233 796 3313; x_wconf 74' lang='lat' dir='ltr'><strong>inspergendis</strong></span> <span class='ocrx_word' id='word_1_230' title='bbox 818 3232 996 3298; x_wconf 87' lang='lat' dir='ltr'><strong>erroribus.</strong></span> <span class='ocrx_word' id='word_1_231' title='bbox 1020 3229 1081 3294; x_wconf 87' lang='lat' dir='ltr'><strong>Sed</strong></span> <span class='ocrx_word' id='word_1_232' title='bbox 1103 3231 1179 3311; x_wconf 86' lang='lat' dir='ltr'><strong>quid</strong></span> <span class='ocrx_word' id='word_1_233' title='bbox 1201 3231 1305 3294; x_wconf 88' lang='lat' dir='ltr'><strong>dicam</strong></span> <span class='ocrx_word' id='word_1_234' title='bbox 1327 3231 1367 3294; x_wconf 90' lang='lat' dir='ltr'><strong>de</strong></span> <span class='ocrx_word' id='word_1_235' title='bbox 1388 3229 1434 3292; x_wconf 92' lang='lat' dir='ltr'><strong>di·</strong></span> 
     </span>
     <span class='ocr_line' id='line_1_30' title="bbox 321 3329 1433 3417; baseline -0.002 -23"><span class='ocrx_word' id='word_1_236' title='bbox 321 3333 453 3413; x_wconf 89' lang='lat' dir='ltr'><strong>scipulis</strong></span> <span class='ocrx_word' id='word_1_237' title='bbox 466 3335 532 3398; x_wconf 91' lang='lat' dir='ltr'><strong>suis</strong></span> <span class='ocrx_word' id='word_1_238' title='bbox 556 3333 693 3397; x_wconf 85' lang='lat' dir='ltr'><strong>Heraeis</strong></span> <span class='ocrx_word' id='word_1_239' title='bbox 715 3344 749 3396; x_wconf 91' lang='lat' dir='ltr'><strong>et</strong></span> <span class='ocrx_word' id='word_1_240' title='bbox 764 3331 946 3417; x_wconf 76' lang='lat' dir='ltr'><strong>Dionysio?</strong></span> <span class='ocrx_word' id='word_1_241' title='bbox 968 3329 1118 3394; x_wconf 85' lang='lat' dir='ltr'><strong>Fortasse</strong></span> <span class='ocrx_word' id='word_1_242' title='bbox 1133 3333 1204 3412; x_wconf 87' lang='lat' dir='ltr'><strong>quis</strong></span> <span class='ocrx_word' id='word_1_243' title='bbox 1218 3332 1433 3412; x_wconf 88' lang='lat' dir='ltr'><strong>suspicionem</strong></span> 
     </span>
     <span class='ocr_line' id='line_1_31' title="bbox 321 3432 1437 3515; baseline -0.002 -19"><span class='ocrx_word' id='word_1_244' title='bbox 321 3435 407 3496; x_wconf 89' lang='lat' dir='ltr'><strong>circa</strong></span> <span class='ocrx_word' id='word_1_245' title='bbox 424 3453 478 3498; x_wconf 89' lang='lat' dir='ltr'><strong>eoa</strong></span> <span class='ocrx_word' id='word_1_246' title='bbox 495 3437 526 3496; x_wconf 92' lang='lat' dir='ltr'><strong>in</strong></span> <span class='ocrx_word' id='word_1_247' title='bbox 541 3433 690 3515; x_wconf 73' lang='lat' dir='ltr'><strong>Origenis</strong></span> <span class='ocrx_word' id='word_1_248' title='bbox 705 3451 801 3498; x_wconf 89' lang='lat' dir='ltr'><strong>eausa</strong></span> <span class='ocrx_word' id='word_1_249' title='bbox 818 3434 963 3513; x_wconf 85' lang='lat' dir='ltr'><strong>reperire</strong></span> <span class='ocrx_word' id='word_1_250' title='bbox 981 3432 1059 3496; x_wconf 81' lang='lat' dir='ltr'><strong>velit</strong></span> <span class='ocrx_word' id='word_1_251' title='bbox 1074 3441 1225 3512; x_wconf 87' lang='lat' dir='ltr'><strong>tanquam</strong></span> <span class='ocrx_word' id='word_1_252' title='bbox 1242 3450 1371 3498; x_wconf 90' lang='lat' dir='ltr'><strong>comeo</strong></span> <span class='ocrx_word' id='word_1_253' title='bbox 1386 3449 1437 3495; x_wconf 90' lang='lat' dir='ltr'><strong>er-</strong></span> 
     </span>
     <span class='ocr_line' id='line_1_32' title="bbox 321 3533 1434 3616; baseline -0.001 -20"><span class='ocrx_word' id='word_1_254' title='bbox 321 3545 450 3611; x_wconf 86' lang='lat' dir='ltr'><strong>rantes,</strong></span> <span class='ocrx_word' id='word_1_255' title='bbox 472 3555 529 3600; x_wconf 90' lang='lat' dir='ltr'><strong>sen</strong></span> <span class='ocrx_word' id='word_1_256' title='bbox 552 3539 583 3600; x_wconf 94' lang='lat' dir='ltr'><strong>in</strong></span> <span class='ocrx_word' id='word_1_257' title='bbox 604 3536 715 3599; x_wconf 87' lang='lat' dir='ltr'><strong>eadem</strong></span> <span class='ocrx_word' id='word_1_258' title='bbox 737 3537 926 3616; x_wconf 84' lang='lat' dir='ltr'><strong>quaestione</strong></span> <span class='ocrx_word' id='word_1_259' title='bbox 947 3535 1081 3599; x_wconf 79' lang='lat' dir='ltr'><strong>socios?</strong></span> <span class='ocrx_word' id='word_1_260' title='bbox 1102 3533 1185 3598; x_wconf 83' lang='lat' dir='ltr'><strong>Com</strong></span> <span class='ocrx_word' id='word_1_261' title='bbox 1206 3535 1290 3597; x_wconf 89' lang='lat' dir='ltr'><strong>enim</strong></span> <span class='ocrx_word' id='word_1_262' title='bbox 1313 3534 1352 3596; x_wconf 91' lang='lat' dir='ltr'><strong>da</strong></span> <span class='ocrx_word' id='word_1_263' title='bbox 1375 3534 1434 3596; x_wconf 88' lang='lat' dir='ltr'><strong>hae</strong></span> 
     </span>
     <span class='ocr_line' id='line_1_33' title="bbox 325 3635 1437 3716; baseline 0.001 -20"><span class='ocrx_word' id='word_1_264' title='bbox 325 3653 360 3698; x_wconf 87' lang='lat' dir='ltr'><strong>re</strong></span> <span class='ocrx_word' id='word_1_265' title='bbox 380 3636 545 3716; x_wconf 85' lang='lat' dir='ltr'><strong>scripserit</strong></span> <span class='ocrx_word' id='word_1_266' title='bbox 560 3636 598 3698; x_wconf 88' lang='lat' dir='ltr'><strong>ad</strong></span> <span class='ocrx_word' id='word_1_267' title='bbox 614 3635 734 3698; x_wconf 88' lang='lat' dir='ltr'><strong>amicos</strong></span> <span class='ocrx_word' id='word_1_268' title='bbox 757 3635 1007 3707; x_wconf 77' lang='lat' dir='ltr'><strong>Alexandrinos,</strong></span> <span class='ocrx_word' id='word_1_269' title='bbox 1030 3636 1061 3697; x_wconf 92' lang='lat' dir='ltr'><strong>io</strong></span> <span class='ocrx_word' id='word_1_270' title='bbox 1074 3635 1193 3714; x_wconf 82' lang='lat' dir='ltr'><strong>quinus</strong></span> <span class='ocrx_word' id='word_1_271' title='bbox 1209 3635 1303 3715; x_wconf 91' lang='lat' dir='ltr'><strong>primi</strong></span> <span class='ocrx_word' id='word_1_272' title='bbox 1326 3651 1437 3698; x_wconf 89' lang='lat' dir='ltr'><strong>nume·</strong></span> 
     </span>
    </p>
   </div>
   <div class='ocr_carea' id='block_1_3' title="bbox 221 3735 1476 4319">
    <p class='ocr_par' dir='ltr' id='par_1_4' title="bbox 221 3735 1476 4319">
     <span class='ocr_line' id='line_1_34' title="bbox 324 3735 1476 3820; baseline -0.001 -23"><span class='ocrx_word' id='word_1_273' title='bbox 324 3737 414 3797; x_wconf 90' lang='lat' dir='ltr'><strong>randi</strong></span> <span class='ocrx_word' id='word_1_274' title='bbox 443 3745 518 3799; x_wconf 86' lang='lat' dir='ltr'><strong>aunt</strong></span> <span class='ocrx_word' id='word_1_275' title='bbox 532 3736 703 3816; x_wconf 87' lang='lat' dir='ltr'><strong>discipuli;</strong></span> <span class='ocrx_word' id='word_1_276' title='bbox 720 3737 767 3800; x_wconf 86' lang='lat' dir='ltr'><strong>lais</strong></span> <span class='ocrx_word' id='word_1_277' title='bbox 785 3738 825 3800; x_wconf 87' lang='lat' dir='ltr'><strong>ab</strong></span> <span class='ocrx_word' id='word_1_278' title='bbox 842 3737 988 3820; x_wconf 79' lang='lat' dir='ltr'><strong>Aegypto</strong></span> <span class='ocrx_word' id='word_1_279' title='bbox 1003 3737 1166 3800; x_wconf 88' lang='lat' dir='ltr'><strong>discedens</strong></span> <span class='ocrx_word' id='word_1_280' title='bbox 1181 3735 1331 3800; x_wconf 85' lang='lat' dir='ltr'><strong>Scholam</strong></span> <span class='ocrx_word' id='word_1_281' title='bbox 1352 3753 1440 3798; x_wconf 90' lang='lat' dir='ltr'><strong>cum·</strong></span> <span class='ocrx_word' id='word_1_282' title='bbox 1470 3763 1476 3778; x_wconf 94' lang='lat'><strong>·</strong></span> 
     </span>
     <span class='ocr_line' id='line_1_35' title="bbox 325 3835 1441 3917; baseline -0.003 -19"><span class='ocrx_word' id='word_1_283' title='bbox 325 3837 495 3899; x_wconf 80' lang='lat' dir='ltr'><strong>mesdavit.</strong></span> <span class='ocrx_word' id='word_1_284' title='bbox 514 3835 559 3898; x_wconf 86' lang='lat' dir='ltr'><strong>lle</strong></span> <span class='ocrx_word' id='word_1_285' title='bbox 575 3837 703 3917; x_wconf 86' lang='lat' dir='ltr'><strong>reliquo</strong></span> <span class='ocrx_word' id='word_1_286' title='bbox 725 3845 825 3916; x_wconf 88' lang='lat' dir='ltr'><strong>patet,</strong></span> <span class='ocrx_word' id='word_1_287' title='bbox 847 3856 905 3901; x_wconf 90' lang='lat' dir='ltr'><strong>nee</strong></span> <span class='ocrx_word' id='word_1_288' title='bbox 921 3838 1004 3914; x_wconf 91' lang='lat' dir='ltr'><strong>ipsos</strong></span> <span class='ocrx_word' id='word_1_289' title='bbox 1026 3837 1129 3900; x_wconf 88' lang='lat' dir='ltr'><strong>eidem</strong></span> <span class='ocrx_word' id='word_1_290' title='bbox 1150 3839 1181 3900; x_wconf 92' lang='lat' dir='ltr'><strong>in</strong></span> <span class='ocrx_word' id='word_1_291' title='bbox 1202 3835 1374 3916; x_wconf 86' lang='lat' dir='ltr'><strong>suppositis</strong></span> <span class='ocrx_word' id='word_1_292' title='bbox 1389 3853 1441 3897; x_wconf 87' lang='lat' dir='ltr'><strong>cr·</strong></span> 
     </span>
     <span class='ocr_line' id='line_1_36' title="bbox 324 3931 1439 4017; baseline -0.004 -18"><span class='ocrx_word' id='word_1_293' title='bbox 324 3939 453 4000; x_wconf 88' lang='lat' dir='ltr'><strong>roribus</strong></span> <span class='ocrx_word' id='word_1_294' title='bbox 476 3940 683 4015; x_wconf 83' lang='lat' dir='ltr'><strong>convenisse,</strong></span> <span class='ocrx_word' id='word_1_295' title='bbox 707 3958 765 4002; x_wconf 90' lang='lat' dir='ltr'><strong>nec</strong></span> <span class='ocrx_word' id='word_1_296' title='bbox 787 3936 933 4017; x_wconf 73' lang='lat' dir='ltr'><strong>Magistri</strong></span> <span class='ocrx_word' id='word_1_297' title='bbox 953 3938 1089 4000; x_wconf 84' lang='lat' dir='ltr'><strong>subiisse</strong></span> <span class='ocrx_word' id='word_1_298' title='bbox 1120 3937 1315 4000; x_wconf 77' lang='lat' dir='ltr'><strong>vexationes.</strong></span> <span class='ocrx_word' id='word_1_299' title='bbox 1338 3931 1439 3998; x_wconf 87' lang='lat' dir='ltr'><strong>iidem</strong></span> 
     </span>
     <span class='ocr_line' id='line_1_37' title="bbox 322 4038 1441 4120; baseline -0.002 -22"><span class='ocrx_word' id='word_1_300' title='bbox 322 4055 462 4116; x_wconf 83' lang='lat' dir='ltr'><strong>namque</strong></span> <span class='ocrx_word' id='word_1_301' title='bbox 477 4038 508 4099; x_wconf 93' lang='lat' dir='ltr'><strong>in</strong></span> <span class='ocrx_word' id='word_1_302' title='bbox 523 4038 695 4119; x_wconf 90' lang='lat' dir='ltr'><strong>disciplinis</strong></span> <span class='ocrx_word' id='word_1_303' title='bbox 717 4040 898 4117; x_wconf 87' lang='lat' dir='ltr'><strong>ceterisque</strong></span> <span class='ocrx_word' id='word_1_304' title='bbox 916 4038 1104 4100; x_wconf 87' lang='lat' dir='ltr'><strong>munoribus</strong></span> <span class='ocrx_word' id='word_1_305' title='bbox 1119 4045 1383 4120; x_wconf 82' lang='lat' dir='ltr'><strong>perseverarunt,</strong></span> <span class='ocrx_word' id='word_1_306' title='bbox 1407 4041 1441 4097; x_wconf 90' lang='lat' dir='ltr'><strong>et</strong></span> 
     </span>
     <span class='ocr_line' id='line_1_38' title="bbox 221 4135 1440 4218; baseline -0.004 -18"><span class='ocrx_word' id='word_1_307' title='bbox 221 4175 222 4180; x_wconf 21' lang='grc' dir='ltr'><strong>κ</strong></span> <span class='ocrx_word' id='word_1_308' title='bbox 323 4154 399 4200; x_wconf 92' lang='lat' dir='ltr'><strong>cnm</strong></span> <span class='ocrx_word' id='word_1_309' title='bbox 420 4138 575 4217; x_wconf 72' lang='lat' dir='ltr'><strong>Origenes</strong></span> <span class='ocrx_word' id='word_1_310' title='bbox 597 4139 765 4203; x_wconf 87' lang='lat' dir='ltr'><strong>calumniis</strong></span> <span class='ocrx_word' id='word_1_311' title='bbox 788 4147 1011 4216; x_wconf 86' lang='lat' dir='ltr'><strong>torqueretur,</strong></span> <span class='ocrx_word' id='word_1_312' title='bbox 1033 4145 1067 4202; x_wconf 88' lang='lat' dir='ltr'><strong>et</strong></span> <span class='ocrx_word' id='word_1_313' title='bbox 1087 4145 1258 4218; x_wconf 89' lang='lat' dir='ltr'><strong>postquam</strong></span> <span class='ocrx_word' id='word_1_314' title='bbox 1279 4138 1319 4201; x_wconf 88' lang='lat' dir='ltr'><strong>de</strong></span> <span class='ocrx_word' id='word_1_315' title='bbox 1341 4135 1440 4199; x_wconf 86' lang='lat' dir='ltr'><strong>hosti·</strong></span> 
     </span>
     <span class='ocr_line' id='line_1_39' title="bbox 325 4231 1438 4319; baseline -0.003 -20"><span class='ocrx_word' id='word_1_316' title='bbox 325 4236 383 4300; x_wconf 88' lang='lat' dir='ltr'><strong>bas</strong></span> <span class='ocrx_word' id='word_1_317' title='bbox 406 4238 627 4319; x_wconf 82' lang='lat' dir='ltr'><strong>triumphavit.</strong></span> <span class='ocrx_word' id='word_1_318' title='bbox 646 4237 809 4304; x_wconf 85' lang='lat' dir='ltr'><strong>Demetrio</strong></span> <span class='ocrx_word' id='word_1_319' title='bbox 829 4237 999 4315; x_wconf 89' lang='lat' dir='ltr'><strong>deiuneto,</strong></span> <span class='ocrx_word' id='word_1_320' title='bbox 1018 4238 1128 4305; x_wconf 88' lang='lat' dir='ltr'><strong>sedata</strong></span> <span class='ocrx_word' id='word_1_321' title='bbox 1153 4238 1313 4318; x_wconf 91' lang='lat' dir='ltr'><strong>procella,</strong></span> <span class='ocrx_word' id='word_1_322' title='bbox 1337 4231 1438 4300; x_wconf 85' lang='lat' dir='ltr'><strong>llere·</strong></span> 
     </span>
    </p>
   </div>
   <div class='ocr_carea' id='block_1_4' title="bbox 0 0 1613 4946">
    <p class='ocr_par' dir='ltr' id='par_1_5' title="bbox 0 0 1613 4946">
     <span class='ocr_line' id='line_1_40' title="bbox 0 0 1613 4946; baseline 0 0"><span class='ocrx_word' id='word_1_323' title='bbox 0 0 1613 4946; x_wconf 95' lang='lat' dir='ltr'><strong> </strong></span> 
     </span>
    </p>
   </div>
  </div>
 </body>
</html>
