3066 4950
86 463 204 528 toturn
225 463 350 542 aceolo,
375 469 518 530 attamen
541 465 620 530 mibi
643 464 796 532 ridentur
814 464 1015 548 explananda
1031 466 1128 548 iaxta
1142 365 1207 534 ἷξε

87 565 212 630 crinam
234 567 417 647 prucorum
441 567 576 633 Petrum
595 568 663 650 jaan
684 569 717 633 in
738 569 836 639 Parte
858 567 883 632 l.
905 569 1061 634 diuturna
1082 569 1206 638 dianna·

86 667 177 732 aione
197 668 391 747 expoaltnnu,
412 669 596 751 etquidem
617 669 798 740 secondum
828 669 1028 735 catholicum
1049 686 1202 737 rennuere

88 769 241 849 quamvls
261 770 384 849 peruri
414 777 448 834 et
468 771 661 853 praeaertim
682 788 701 835 a
723 769 860 838 Concilii
882 769 920 834 V.
942 777 1063 848 aetate,
1085 772 1117 836 in
1139 791 1207 837 run·

87 871 237 936 naateriia
257 870 458 938 Palaestinae
488 871 735 955 Baraannplrlua
755 871 878 954 aliique
898 889 973 936 cum
994 889 1035 938 ao
1056 874 1204 939 monachi

87 985 127 1036 ac
146 971 263 1036 deinde
283 969 446 1053 Evagrina
466 973 498 1036 io
520 990 659 1052 orarum
680 989 813 1038 aeneum
834 973 1066 1038 converterint.

170 1072 214 1138 Et
231 1091 308 1139 aane
328 1073 491 1140 Theodori
513 1094 601 1140 mene
622 1077 654 1140 io
685 1093 725 1142 eo
745 1093 895 1140 aermooe
917 1076 987 1140 lore
1009 1075 1206 1141 verbotenus

87 1183 187 1242 cruta
209 1177 340 1242 ridetur
359 1185 393 1242 et
414 1178 546 1259 insuper
566 1178 740 1258 explanata
761 1193 823 1242 aa.
840 1173 1002 1257 Gregorio
1015 1194 1153 1262 nysseno
1174 1179 1206 1242 in

90 1275 249 1343 Oratione
265 1275 310 1342 Dr
322 1279 457 1344 mortula
476 1295 581 1361 prope
601 1278 710 1344 docear
728 1276 882 1356 «Unum,
899 1279 957 1356 ait,
974 1279 1047 1343 lore
1060 1280 1207 1344 omnium

89 1393 206 1460 genna,
220 1397 389 1462 unumque
404 1379 524 1448 Curiati
547 1397 668 1462 corpur
684 1381 816 1446 lntnroa
837 1399 972 1461 omnea;
989 1386 1088 1462 atque
1108 1395 1206 1446 noant

89 1474 243 1546 omninno
264 1482 403 1548 lerneam
433 1483 698 1566 imprimendam,
729 1484 837 1548 divina
861 1485 892 1546 iu
920 1486 1045 1548 enuntia
1071 1483 1207 1564 imagine

90 1583 276 1664 acqualiter
289 1583 505 1662 elucescente,
520 1603 584 1648 nnn
595 1585 801 1666 ambigimus.
817 1605 834 1642 a
851 1583 943 1660 Quae
959 1584 1057 1648 rerba
1071 1584 1209 1664 Aposto-

92 1683 117 1746 li
137 1685 328 1748 seutentiam
349 1686 532 1763 intendunt,
554 1686 610 1752 nbi
625 1688 665 1750 ad
680 1685 866 1752 Corinthios
890 1683 914 1747 l.
937 1703 965 1750 e.
988 1683 1059 1750 xv.
1080 1681 1196 1754 wll.

92 1785 208 1852 docet:
230 1785 274 1851 Et
291 1785 375 1852 elcut
395 1786 431 1854 ιἰι
452 1786 557 1852 Adam
578 1807 683 1853 omnen
703 1787 900 1865 moriemur,
916 1788 965 1851 itn
984 1797 1012 1852 et
1031 1786 1068 1851 ιἰι
1086 1786 1210 1853 dlrieto

92 1901 198 1950 οιιιιιιι
212 1883 466 1968 oioifienduatur.
489 1885 608 1970 Igitur,
623 1887 706 1953 ricut
715 1886 916 1968 portavimus
933 1885 1103 1968 imaginem
1117 1897 1210 1952 terre·

94 1986 144 2065 ιιι’,
156 1997 316 2069 portemur
328 1997 357 2052 et
377 1986 545 2070 imaginem
565 1987 715 2054 minio.
738 1989 829 2067 ldae,
851 2007 936 2070 qnae
952 1987 1208 2070 Bareannglriua,

92 2093 263 2173 mteriqne
282 2109 359 2156 euru
378 2108 419 2157 ao
440 2093 589 2156 monachi
610 2109 649 2156 ae
668 2092 783 2156 deiude
804 2090 967 2171 Boagrius
987 2089 1210 2157 Scholasticua

93 2193 299 2278 corripienda
314 2201 474 2276 putarunt
486 2196 519 2258 in
533 2193 707 2260 Theodoro
723 2193 840 2260 decido
853 2195 952 2260 eicnti
967 2201 1002 2258 et
1023 2194 1054 2256 in
1070 2191 1211 2273 Origene

93 2295 138 2362 de
158 2296 409 2377 regenerationir
428 2303 488 2360 ant
501 2297 749 2362 rerurrectionis
771 2295 936 2377 dogmate,
951 2311 1015 2357 non
1037 2292 1096 2356 uiri
1110 2293 1151 2355 ab
1173 2292 1211 2354 il·

94 2397 207 2462 iorum
231 2397 411 2476 ignorantia
432 2399 606 2480 repetenda
626 2406 703 2464 aunt
724 2399 755 2461 in
777 2406 926 2461 ceterum
952 2395 1090 2461 Patrem
1112 2411 1213 2474 expo·

95 2499 208 2562 nendia
228 2499 320 2564 dictio
338 2499 434 2582 juxte
455 2501 667 2584 apostolicam
695 2500 886 2566 tententiaor
906 2498 948 2563 da
973 2497 1213 2562 resurreetione

98 2609 320 2666 mortuorum.
341 2601 495 2681 Quorum
516 2603 601 2668 dicta
632 2609 692 2668 aut
711 2620 775 2668 non
804 2600 1051 2676 intellexerunt,
1073 2605 1133 2664 ant
1153 2598 1214 2663 lal-

95 2713 226 2781 aarnnt‚
245 2706 342 2770 aienti
363 2712 456 2772 antea
478 2706 602 2771 lactnna
622 2723 692 2770 erae
712 2703 850 2786 probari
870 2701 912 2767 alt
925 2699 1077 2781 Origenie
1097 2701 1214 2766 adrer-

95 2807 193 2871 aariia
213 2807 245 2870 in
265 2807 410 2890 ejusdem
438 2807 607 2886 refutanda
629 2806 776 2874 doctrina
797 2811 831 2872 at
849 2806 1082 2888 omuertinta
1108 2800 1214 2868 ‘liaeo-

99 2909 183 2990 phili
205 2910 406 2975 alexandrini
429 2918 545 2976 aetate.
1187 2967 1192 2980 .

181 3011 228 3076 lle
250 3013 391 3093 reliquo,
414 3031 489 3077 cnrn
511 3013 627 3078 deiude
648 3014 678 3076 in
700 3011 875 3076 noviuima
895 3007 1092 3074 direnaeinne
1113 3005 1215 3071 lueti-

100 3112 187 3176 nianl
210 3113 415 3192 imperatoria
443 3115 569 3178 sincera
591 3123 624 3178 et
652 3111 836 3178 orthodoxa
857 3119 979 3176 aaaerta
1002 3109 1102 3175 inerit
1122 3106 1213 3184 lidae,

100 3216 134 3280 io
155 3234 219 3296 qua
243 3219 294 3296 nic
315 3215 488 3281 deiunctna
512 3222 573 3292 eei,
596 3213 761 3280 Theodori
775 3230 909 3294 quoqne
930 3211 1079 3276 monachi
1100 3228 1139 3274 ac
1158 3227 1216 3291 po·

98 3328 171 3384 atne
185 3319 364 3385 Caesareae
376 3318 600 3402 Cappadociae
615 3315 770 3400 episcopi,
787 3316 844 3396 qui
861 3315 893 3378 in
908 3313 1058 3377 omnibna
1074 3312 1113 3375 ad
1125 3311 1215 3374 Prin·

99 3423 182 3506 ciple
201 3423 289 3487 latos
309 3423 431 3488 adatitit
452 3420 669 3497 consiiiarius,
685 3417 889 3484 revelabitur
909 3432 1043 3496 quoqne
1063 3413 1142 3476 fides
1163 3430 1216 3476 or·

101 3523 245 3600 tlrodoga
267 3541 331 3588 nna
353 3541 428 3589 curn
450 3525 567 3587 eximia
591 3523 773 3603 priscorum
798 3518 960 3582 Ecclesiae
985 3515 1119 3580 l’atruur
1140 3532 1218 3580 ern-

101 3627 236 3702 ditinne,
263 3644 328 3706 qua
357 3633 436 3692 tune
456 3625 551 3688 raldn
570 3626 750 3688 excelluit:
775 3622 924 3703 qnamrin
948 3616 1129 3683 vehementi
1148 3621 1218 3680 etn-

100 3729 158 3794 dio
177 3730 344 3809 impetitna
365 3728 464 3792 inerit
480 3745 497 3790 a
515 3727 613 3792 trium
627 3724 857 3805 capitulorum
878 3716 1116 3796 delenaoribna,
1130 3721 1165 3782 et
1176 3714 1217 3780 ab

100 3829 250 3911 Origenia
272 3832 419 3897 hortibus
432 3829 603 3895 calumniis
626 3826 844 3906 undequaque
863 3820 1057 3900 exagitatur.

187 3933 267 3997 ltem
282 3933 322 3998 de
342 3929 527 3994 Dnmitiano
544 3925 729 3992 monasterii
752 3922 903 4008 Martyrii
918 3918 1097 4003 praelecto,
1118 3931 1218 3998 quen

102 4036 250 4122 Cyrillna
275 4030 586 4116 praroOrigenianri
606 4028 757 4109 dogmata
777 4024 938 4088 imbutum
960 4020 1050 4094 dicit,
1074 4033 1218 4098 eumque

104 4157 166 4222 per
188 4136 385 4222 hypocrisim
406 4135 445 4196 ad
467 4133 688 4214 episcopatum
711 4127 850 4207 regionis
870 4121 1019 4190 Galatiae
1038 4115 1218 4185 ascendiune

105 4246 194 4308 cirea
211 4242 274 4308 leuc
293 4239 378 4306 idem
395 4247 533 4321 tenone,
546 4233 585 4300 de
607 4250 647 4298 eo
667 4229 788 4297 mentio
807 4227 930 4310 legitur
945 4225 977 4290 in
992 4221 1138 4290 Concilio
1153 4217 1220 4282 hio·
