3126 4936
321 349 362 416 ³⁸
776 445 916 520 CAPUT
938 448 993 514 iv.

321 653 469 735 Dionysii
490 653 736 731 Alexandrini,
758 652 906 737 Gregorii
927 649 1162 734 Younotttrpi,
1187 650 1279 716 Petri
1299 653 1444 718 Alenon-

359 756 451 822 drino
470 756 618 838 episcopi,
644 755 742 820 Pierii
761 755 944 840 presbyteri,
971 751 1123 818 Victorini
1139 751 1369 836 petavionensis
1391 754 1444 818 di·

362 869 415 924 eto
435 869 463 923 et
482 872 570 940 pecto
589 858 733 923 ceonini
752 859 933 924 mhdnntur
958 858 994 920 oi
1014 877 1073 933 eo,
1094 873 1174 938 quoe
1201 859 1238 920 de
1266 855 1346 939 ipsis
1366 877 1446 922 not·-

366 971 485 1026 rontnr
506 961 542 1024 in
563 980 662 1025 conso
680 959 878 1041 origeniana.

323 1210 423 1334 Post
444 1271 525 1333 haee
544 1269 711 1350 proposito
731 1274 842 1330 nostro
868 1266 899 1328 iu
920 1263 1068 1346 Origeuis
1088 1280 1185 1328 cansa
1212 1279 1368 1344 prospero
1389 1261 1445 1326 he·

218 1365 222 1378 ’
324 1388 429 1452 neque
452 1379 567 1444 vertet,
589 1373 616 1432 si
636 1370 763 1444 aetatis,
789 1386 874 1448 qnae
896 1367 1044 1447 proxime
1069 1365 1169 1445 ipsius
1196 1365 1292 1428 morti
1315 1382 1446 1428 succes·

323 1473 376 1545 sit,
399 1471 647 1534 ecelesiasticam
669 1469 903 1532 contulerimus
926 1466 1141 1540 traditionem,
1166 1471 1235 1528 tum
1249 1483 1331 1544 qnos
1349 1463 1445 1528 disci·

323 1570 420 1651 pulos
443 1569 567 1643 hahuit,
590 1577 658 1636 tum
681 1576 820 1645 ceteros,
832 1569 888 1648 qui
904 1567 1047 1650 eiusdem
1063 1565 1199 1646 genuina
1213 1565 1351 1644 legerint
1363 1563 1446 1628 seri·

323 1680 390 1751 pta,
414 1672 660 1750 interrogantes.
685 1668 827 1751 ideoque
847 1687 921 1732 cum
945 1669 1114 1748 hucusque
1136 1675 1327 1745 argumento
1349 1665 1444 1730 utilia

306 1779 308 1782 ’
324 1771 493 1834 hausimus
514 1791 532 1834 o
553 1771 644 1833 libris
666 1790 692 1833 s.
707 1768 850 1855 Dionysii
872 1770 1080 1834 alexandriae
1100 1769 1272 1846 antistitis,
1288 1784 1373 1830 nunc
1387 1766 1446 1827 ad-

325 1872 458 1934 modnm
481 1874 635 1935 interesse
655 1880 748 1951 puto,
771 1881 808 1935 ut
828 1871 919 1934 istius
934 1888 1079 1951 qnoque,
1094 1876 1242 1948 utpotea
1265 1877 1353 1930 teuto
1373 1863 1447 1930 his·

325 1973 425 2053 gistro
446 1973 597 2055 dogmate
618 1975 793 2040 christiano
808 1973 936 2047 imhuti,
953 1971 1140 2036 illustretur
1155 1970 1233 2034 tides
1246 1969 1443 2034 orthodoxa.

325 2073 434 2156 liujus
454 2087 564 2139 antem
586 2077 629 2158 pii
653 2077 714 2140 siri
735 2076 823 2138 testis
844 2075 950 2138 adstat
969 2093 994 2136 ι.
1012 2073 1220 2148 Athanasius,
1236 2073 1293 2152 qut
1312 2072 1352 2135 de
1373 2089 1447 2135 sen-

327 2178 425 2238 tentia
447 2177 592 2258 ejusdem
615 2194 754 2257 arguens
776 2177 934 2240 haeresim
957 2176 1101 2239 amanam
1122 2175 1278 2238 adsersus
1299 2192 1376 2236 suos
1392 2191 1447 2236 ac·

325 2285 505 2354 cusatores,
528 2279 573 2341 ait
595 2296 625 2340 ιι.
647 2275 678 2342 3.
701 2278 788 2342 huuc
811 2277 998 2363 Dionysium
1014 2278 1065 2358 pie
1079 2277 1112 2339 in
1126 2275 1262 2340 eeclesia
1277 2274 1447 2339 dormiisse

325 2376 463 2458 ejusque
490 2381 678 2443 memoriam
708 2379 864 2443 hactenus
885 2377 1102 2456 celebratam,
1134 2395 1173 2440 ac
1194 2393 1257 2442 una
1280 2377 1310 2439 iu
1332 2375 1444 2440 album

234 2477 236 2480 ’
326 2494 352 2540 ι.
375 2476 510 2541 Petrum
545 2497 614 2542 ease
646 2479 793 2542 relatam.
825 2477 932 2554 Quem
965 2496 1083 2542 vocaus
1111 2477 1277 2542 Ecclesiae
1301 2477 1448 2544 Catholi-

327 2595 384 2640 cae
406 2581 618 2660 magistrum,
641 2580 727 2644 circa
750 2597 868 2643 anuum
889 2576 1281 2648 matriniacensem
1304 2579 1449 2644 Alexan·

328 2677 421 2742 driae
441 2679 571 2754 sedisse,
594 2687 759 2744 utcontra
781 2681 974 2745 sabellianos
995 2681 1231 2758 insurrexisse,
1246 2678 1305 2743 Dei
1324 2678 1446 2745 Filium

328 2778 466 2861 ejusque
487 2781 699 2860 divinitatem,
722 2786 946 2847 aeternitatem
968 2791 1001 2845 et
1021 2800 1097 2846 eum
1120 2781 1217 2846 Patre
1239 2782 1449 2846 consubstan-

327 2879 497 2944 tialitatem
526 2892 795 2962 propugnantem.
828 2881 863 2945 ln
894 2901 961 2964 quo
985 2884 1167 2948 testimonio
1196 2903 1222 2946 s.
1251 2882 1448 2948 Athanasius

326 2979 471 3060 eiusdem
494 2984 642 3046 antistitis
661 2985 765 3048 libros
786 2985 863 3049 citat
883 2997 917 3050 et
938 2985 1152 3066 Apologiam‚
1175 3002 1274 3064 qnam
1294 2985 1356 3048 suh
1381 2985 1450 3064 epi·

213 3129 217 3137 .
325 3080 430 3144 stolae
451 3082 556 3147 iorma
577 3086 706 3165 scripsit
727 3086 766 3150 sd
784 3084 971 3171 Dionysium
988 3084 1174 3150 Pontificem
1193 3083 1375 3149 Romanum
1390 3083 1447 3148 sd-

325 3198 441 3257 ‚sersns
463 3185 698 3250 obtrectatores
711 3206 799 3264 suos,
818 3195 855 3252 ut
875 3206 944 3251 ase
959 3187 1129 3250 haereseos
1149 3193 1318 3250 amoveret
1342 3187 1449 3265 suspi-

326 3283 444 3346 ciones.
466 3283 509 3349 Et
530 3289 561 3348 in
581 3306 645 3366 qua
667 3291 840 3369 specialem
863 3290 1055 3353 mentionem
1077 3288 1143 3367 agit
1159 3287 1198 3350 de
1215 3287 1376 3350 vocabulo
1392 3285 1448 3348 io-

324 3384 490 3462 morton,
515 3389 613 3471 hujus
633 3409 763 3456 sensum
785 3411 894 3455 eoram
919 3389 1072 3454 i’outilice
1102 3390 1301 3469 explanans,
1332 3389 1380 3451 uti
1402 3389 1449 3452 si·

325 3486 403 3548 dere
425 3497 472 3550 est
492 3489 524 3552 ln
546 3491 644 3571 ipsius
666 3492 832 3554 Athanasii
854 3490 988 3572 epistola
1014 3487 1057 3552 tte
1078 3485 1215 3568 Synodis
1237 3507 1269 3552 n.
1290 3485 1341 3554 ll.

405 3585 601 3669 Huiusmodi
625 3611 725 3670 porro
745 3613 780 3656 se
803 3594 920 3658 habent
942 3591 1086 3677 Dionysii
1118 3590 1319 3652 alexandrini
1349 3587 1451 3652 verba

327 3684 367 3747 ad
389 3688 530 3753 alterum
554 3690 742 3777 Dionysium
769 3693 892 3758 Romae
921 3697 1131 3774 episcopum:
1153 3713 1169 3750 ιι
1185 3689 1228 3754 El
1255 3691 1352 3753 aliam
1382 3691 1451 3769 epi·

327 3787 457 3864 stolam,
480 3794 596 3873 inquit,
617 3797 728 3875 scripsi
752 3795 960 3874 (Pontificatu
983 3805 1061 3859 tuno
1079 3796 1232 3874 temporis
1250 3791 1449 3871 fungebatur

328 3889 505 3974 Dionysius
537 3893 636 3974 Papa)
659 3896 714 3959 uhi
747 3898 894 3974 ostendi,
919 3896 1033 3959 ialsam
1057 3914 1147 3972 esse,
1180 3912 1244 3974 qna
1274 3893 1323 3957 illi
1345 3893 1376 3954 in
1397 3909 1451 3956 me

327 3999 469 4054 utuntur
490 3993 725 4072 criminatione,
748 3998 839 4078 quasi
861 3997 984 4061 scilicet
1004 3996 1061 4076 qui
1083 4013 1260 4076 negassem,
1281 3991 1454 4057 Christum

328 4089 396 4156 Deo
418 4111 486 4155 csse
508 4087 682 4184 ὃμοόυσισιι
705 4097 1022 4160 consubstantialem.
1047 4095 1115 4160 Etsi
1140 4097 1223 4158 enim
1246 4093 1373 4170 iatam,
1397 4111 1452 4158 me

328 4193 360 4255 id
382 4195 517 4258 nominis
538 4194 630 4257 nullo
650 4195 682 4258 iu
696 4192 770 4259 loco
784 4191 1029 4272 Scripturarum
1045 4194 1225 4276 invenisse,
1241 4201 1349 4261 tamen
1363 4213 1452 4275 quae
