<?xml version="1.0" encoding="UTF-8"?>
<!DOCTYPE html PUBLIC "-//W3C//DTD XHTML 1.0 Transitional//EN"
    "http://www.w3.org/TR/xhtml1/DTD/xhtml1-transitional.dtd">
<html xmlns="http://www.w3.org/1999/xhtml" xml:lang="en" lang="en">
 <head>
  <title>
</title>
<meta http-equiv="Content-Type" content="text/html;charset=utf-8" />
  <meta name='ocr-system' content='tesseract 3.04.00' />
  <meta name='ocr-capabilities' content='ocr_page ocr_carea ocr_par ocr_line ocrx_word'/>
</head>
<body>
  <div class='ocr_page' id='page_1' title='image "./insgregoriinyss01vincgoog/insgregoriinyss01vincgoog_0534.png"; bbox 0 0 3048 4946; ppageno 0'>
   <div class='ocr_carea' id='block_1_1' title="bbox 91 502 1197 2408">
    <p class='ocr_par' dir='ltr' id='par_1_1' title="bbox 91 502 1197 2408">
     <span class='ocr_line' id='line_1_1' title="bbox 101 502 1197 588; baseline -0.004 -18"><span class='ocrx_word' id='word_1_1' title='bbox 101 503 277 570; x_wconf 72' lang='lat' dir='ltr'><strong>Facnutnsr</strong></span> <span class='ocrx_word' id='word_1_2' title='bbox 293 505 380 588; x_wconf 81' lang='lat' dir='ltr'><strong>quod</strong></span> <span class='ocrx_word' id='word_1_3' title='bbox 397 521 533 585; x_wconf 85' lang='lat' dir='ltr'><strong>prorsus</strong></span> <span class='ocrx_word' id='word_1_4' title='bbox 555 506 673 573; x_wconf 88' lang='lat' dir='ltr'><strong>taismu</strong></span> <span class='ocrx_word' id='word_1_5' title='bbox 689 512 813 572; x_wconf 90' lang='lat' dir='ltr'><strong>constat</strong></span> <span class='ocrx_word' id='word_1_6' title='bbox 827 524 868 571; x_wconf 84' lang='lat' dir='ltr'><strong>ex</strong></span> <span class='ocrx_word' id='word_1_7' title='bbox 891 523 944 582; x_wconf 80' lang='lat' dir='ltr'><strong>eo,</strong></span> <span class='ocrx_word' id='word_1_8' title='bbox 959 504 1047 588; x_wconf 80' lang='lat' dir='ltr'><strong>quud</strong></span> <span class='ocrx_word' id='word_1_9' title='bbox 1064 503 1097 568; x_wconf 85' lang='lat' dir='ltr'><strong>in</strong></span> <span class='ocrx_word' id='word_1_10' title='bbox 1110 502 1197 568; x_wconf 86' lang='lat' dir='ltr'><strong>Goa-</strong></span> 
     </span>
     <span class='ocr_line' id='line_1_2' title="bbox 98 606 1193 690; baseline -0.003 -18"><span class='ocrx_word' id='word_1_11' title='bbox 98 611 201 673; x_wconf 87' lang='lat' dir='ltr'><strong>stituto</strong></span> <span class='ocrx_word' id='word_1_12' title='bbox 220 606 333 672; x_wconf 90' lang='lat' dir='ltr'><strong>uitimo</strong></span> <span class='ocrx_word' id='word_1_13' title='bbox 349 623 382 671; x_wconf 90' lang='lat' dir='ltr'><strong>u.</strong></span> <span class='ocrx_word' id='word_1_14' title='bbox 403 606 455 675; x_wconf 72' lang='lat'><strong>26.</strong></span> <span class='ocrx_word' id='word_1_15' title='bbox 481 609 629 674; x_wconf 87' lang='lat' dir='ltr'><strong>absolute</strong></span> <span class='ocrx_word' id='word_1_16' title='bbox 651 608 727 672; x_wconf 88' lang='lat' dir='ltr'><strong>dicit</strong></span> <span class='ocrx_word' id='word_1_17' title='bbox 743 607 892 690; x_wconf 73' lang='lat' dir='ltr'><strong>vigilius,</strong></span> <span class='ocrx_word' id='word_1_18' title='bbox 910 607 985 672; x_wconf 88' lang='lat' dir='ltr'><strong>ibas</strong></span> <span class='ocrx_word' id='word_1_19' title='bbox 999 607 1193 690; x_wconf 73' lang='lat' dir='ltr'><strong>Epistulam,</strong></span> 
     </span>
     <span class='ocr_line' id='line_1_3' title="bbox 98 708 1195 798; baseline 0.002 -26"><span class='ocrx_word' id='word_1_20' title='bbox 98 708 146 773; x_wconf 82' lang='lat' dir='ltr'><strong>ubi</strong></span> <span class='ocrx_word' id='word_1_21' title='bbox 165 727 283 772; x_wconf 86' lang='lat' dir='ltr'><strong>summa</strong></span> <span class='ocrx_word' id='word_1_22' title='bbox 305 709 533 774; x_wconf 75' lang='lat' dir='ltr'><strong>continebatur</strong></span> <span class='ocrx_word' id='word_1_23' title='bbox 554 727 720 786; x_wconf 84' lang='lat' dir='ltr'><strong>errorum,</strong></span> <span class='ocrx_word' id='word_1_24' title='bbox 736 711 869 798; x_wconf 31' lang='lat' dir='ltr'><strong>sicutilc</strong></span> <span class='ocrx_word' id='word_1_25' title='bbox 881 710 981 786; x_wconf 79' lang='lat' dir='ltr'><strong>nebia,</strong></span> <span class='ocrx_word' id='word_1_26' title='bbox 1001 710 1051 775; x_wconf 79' lang='lat' dir='ltr'><strong>ito</strong></span> <span class='ocrx_word' id='word_1_27' title='bbox 1071 721 1100 776; x_wconf 83' lang='lat' dir='ltr'><strong>ci</strong></span> <span class='ocrx_word' id='word_1_28' title='bbox 1119 727 1195 774; x_wconf 82' lang='lat' dir='ltr'><strong>rua·</strong></span> 
     </span>
     <span class='ocr_line' id='line_1_4' title="bbox 97 808 1128 894; baseline 0.001 -20"><span class='ocrx_word' id='word_1_29' title='bbox 97 809 149 874; x_wconf 82' lang='lat' dir='ltr'><strong>ctis</strong></span> <span class='ocrx_word' id='word_1_30' title='bbox 168 809 311 874; x_wconf 81' lang='lat' dir='ltr'><strong>Patribus</strong></span> <span class='ocrx_word' id='word_1_31' title='bbox 329 810 368 875; x_wconf 82' lang='lat' dir='ltr'><strong>s&#39;o</strong></span> <span class='ocrx_word' id='word_1_32' title='bbox 392 808 589 875; x_wconf 72' lang='lat' dir='ltr'><strong>concedano</strong></span> <span class='ocrx_word' id='word_1_33' title='bbox 609 811 817 878; x_wconf 69' lang='lat' dir='ltr'><strong>residentibus</strong></span> <span class='ocrx_word' id='word_1_34' title='bbox 834 814 920 894; x_wconf 69' lang='lat' dir='ltr'><strong>iuste</strong></span> <span class='ocrx_word' id='word_1_35' title='bbox 932 813 1128 878; x_wconf 66' lang='lat' dir='ltr'><strong>moutarn.</strong></span> 
     </span>
     <span class='ocr_line' id='line_1_5' title="bbox 168 909 1195 992; baseline -0.001 -16"><span class='ocrx_word' id='word_1_36' title='bbox 168 909 321 990; x_wconf 87' lang='lat' dir='ltr'><strong>Septimo,</strong></span> <span class='ocrx_word' id='word_1_37' title='bbox 342 910 519 977; x_wconf 84' lang='lat' dir='ltr'><strong>admodum</strong></span> <span class='ocrx_word' id='word_1_38' title='bbox 540 912 755 978; x_wconf 87' lang='lat' dir='ltr'><strong>dubitandum</strong></span> <span class='ocrx_word' id='word_1_39' title='bbox 781 920 830 978; x_wconf 85' lang='lat' dir='ltr'><strong>est</strong></span> <span class='ocrx_word' id='word_1_40' title='bbox 849 913 890 978; x_wconf 91' lang='lat' dir='ltr'><strong>ds</strong></span> <span class='ocrx_word' id='word_1_41' title='bbox 910 913 960 988; x_wconf 86' lang='lat' dir='ltr'><strong>iis,</strong></span> <span class='ocrx_word' id='word_1_42' title='bbox 983 929 1068 992; x_wconf 79' lang='lat' dir='ltr'><strong>quae</strong></span> <span class='ocrx_word' id='word_1_43' title='bbox 1088 915 1120 978; x_wconf 93' lang='lat' dir='ltr'><strong>in</strong></span> <span class='ocrx_word' id='word_1_44' title='bbox 1141 910 1195 975; x_wconf 80' lang='lat' dir='ltr'><strong>nt·</strong></span> 
     </span>
     <span class='ocr_line' id='line_1_6' title="bbox 96 1008 1196 1094; baseline 0.004 -21"><span class='ocrx_word' id='word_1_45' title='bbox 96 1008 150 1075; x_wconf 88' lang='lat' dir='ltr'><strong>bro</strong></span> <span class='ocrx_word' id='word_1_46' title='bbox 172 1008 223 1074; x_wconf 87' lang='lat' dir='ltr'><strong>tv.</strong></span> <span class='ocrx_word' id='word_1_47' title='bbox 245 1030 294 1075; x_wconf 92' lang='lat' dir='ltr'><strong>cc.</strong></span> <span class='ocrx_word' id='word_1_48' title='bbox 313 1010 370 1076; x_wconf 93' lang='lat' dir='ltr'><strong>iii.</strong></span> <span class='ocrx_word' id='word_1_49' title='bbox 396 1011 451 1078; x_wconf 85' lang='lat' dir='ltr'><strong>tv.</strong></span> <span class='ocrx_word' id='word_1_50' title='bbox 468 1012 582 1078; x_wconf 87' lang='lat' dir='ltr'><strong>scribit</strong></span> <span class='ocrx_word' id='word_1_51' title='bbox 603 1012 778 1080; x_wconf 84' lang='lat' dir='ltr'><strong>Facundos</strong></span> <span class='ocrx_word' id='word_1_52' title='bbox 792 1012 947 1094; x_wconf 72' lang='lat' dir='ltr'><strong>vigilium</strong></span> <span class='ocrx_word' id='word_1_53' title='bbox 968 1013 1010 1078; x_wconf 90' lang='lat' dir='ltr'><strong>ob</strong></span> <span class='ocrx_word' id='word_1_54' title='bbox 1030 1029 1081 1086; x_wconf 79' lang='lat' dir='ltr'><strong>ea,</strong></span> <span class='ocrx_word' id='word_1_55' title='bbox 1109 1029 1196 1093; x_wconf 75' lang='lat' dir='ltr'><strong>quaa</strong></span> 
     </span>
     <span class='ocr_line' id='line_1_7' title="bbox 97 1110 1194 1195; baseline 0.002 -21"><span class='ocrx_word' id='word_1_56' title='bbox 97 1110 215 1176; x_wconf 82' lang='lat' dir='ltr'><strong>decreta</strong></span> <span class='ocrx_word' id='word_1_57' title='bbox 237 1112 368 1178; x_wconf 82' lang='lat' dir='ltr'><strong>inerant</strong></span> <span class='ocrx_word' id='word_1_58' title='bbox 387 1114 546 1180; x_wconf 80' lang='lat' dir='ltr'><strong>adversus</strong></span> <span class='ocrx_word' id='word_1_59' title='bbox 563 1115 624 1178; x_wconf 87' lang='lat' dir='ltr'><strong>trie</strong></span> <span class='ocrx_word' id='word_1_60' title='bbox 640 1114 789 1195; x_wconf 82' lang='lat' dir='ltr'><strong>Capitate</strong></span> <span class='ocrx_word' id='word_1_61' title='bbox 811 1123 885 1180; x_wconf 86' lang='lat' dir='ltr'><strong>auto</strong></span> <span class='ocrx_word' id='word_1_62' title='bbox 905 1132 1001 1180; x_wconf 88' lang='lat' dir='ltr'><strong>snum</strong></span> <span class='ocrx_word' id='word_1_63' title='bbox 1022 1113 1055 1179; x_wconf 91' lang='lat' dir='ltr'><strong>iu</strong></span> <span class='ocrx_word' id='word_1_64' title='bbox 1072 1112 1194 1180; x_wconf 88' lang='lat' dir='ltr'><strong>Urbem</strong></span> 
     </span>
     <span class='ocr_line' id='line_1_8' title="bbox 99 1213 1195 1296; baseline 0 -18"><span class='ocrx_word' id='word_1_65' title='bbox 99 1218 209 1294; x_wconf 72' lang='lat' dir='ltr'><strong>regiam</strong></span> <span class='ocrx_word' id='word_1_66' title='bbox 231 1215 421 1296; x_wconf 76' lang='lat' dir='ltr'><strong>inpressum,</strong></span> <span class='ocrx_word' id='word_1_67' title='bbox 444 1236 485 1281; x_wconf 82' lang='lat' dir='ltr'><strong>ex</strong></span> <span class='ocrx_word' id='word_1_68' title='bbox 508 1217 623 1280; x_wconf 85' lang='lat' dir='ltr'><strong>itinere</strong></span> <span class='ocrx_word' id='word_1_69' title='bbox 654 1217 866 1280; x_wconf 83' lang='lat' dir='ltr'><strong>rebemeuter</strong></span> <span class='ocrx_word' id='word_1_70' title='bbox 885 1217 1083 1295; x_wconf 88' lang='lat' dir='ltr'><strong>corripuisse</strong></span> <span class='ocrx_word' id='word_1_71' title='bbox 1104 1213 1195 1280; x_wconf 77' lang='lat' dir='ltr'><strong>Man-</strong></span> 
     </span>
     <span class='ocr_line' id='line_1_9' title="bbox 97 1315 1197 1400; baseline 0.002 -24"><span class='ocrx_word' id='word_1_72' title='bbox 97 1331 162 1377; x_wconf 87' lang='lat' dir='ltr'><strong>oarn</strong></span> <span class='ocrx_word' id='word_1_73' title='bbox 174 1317 393 1397; x_wconf 72' lang='lat' dir='ltr'><strong>eoepiscopus,</strong></span> <span class='ocrx_word' id='word_1_74' title='bbox 406 1319 462 1400; x_wconf 85' lang='lat' dir='ltr'><strong>qni</strong></span> <span class='ocrx_word' id='word_1_75' title='bbox 478 1319 673 1382; x_wconf 83' lang='lat' dir='ltr'><strong>anathemati</strong></span> <span class='ocrx_word' id='word_1_76' title='bbox 686 1317 961 1398; x_wconf 64' lang='lat' dir='ltr'><strong>samoripserunn</strong></span> <span class='ocrx_word' id='word_1_77' title='bbox 973 1325 1005 1380; x_wconf 92' lang='lat' dir='ltr'><strong>et</strong></span> <span class='ocrx_word' id='word_1_78' title='bbox 1017 1315 1197 1382; x_wconf 78' lang='lat' dir='ltr'><strong>vindicatu-</strong></span> 
     </span>
     <span class='ocr_line' id='line_1_10' title="bbox 98 1414 1195 1497; baseline 0.002 -21"><span class='ocrx_word' id='word_1_79' title='bbox 98 1431 163 1477; x_wconf 89' lang='lat' dir='ltr'><strong>mm</strong></span> <span class='ocrx_word' id='word_1_80' title='bbox 179 1417 234 1490; x_wconf 85' lang='lat' dir='ltr'><strong>ait,</strong></span> <span class='ocrx_word' id='word_1_81' title='bbox 248 1416 308 1482; x_wconf 88' lang='lat' dir='ltr'><strong>nisi</strong></span> <span class='ocrx_word' id='word_1_82' title='bbox 322 1416 410 1496; x_wconf 84' lang='lat' dir='ltr'><strong>qnod</strong></span> <span class='ocrx_word' id='word_1_83' title='bbox 427 1419 511 1482; x_wconf 87' lang='lat' dir='ltr'><strong>maie</strong></span> <span class='ocrx_word' id='word_1_84' title='bbox 526 1418 647 1482; x_wconf 85' lang='lat' dir='ltr'><strong>tactum</strong></span> <span class='ocrx_word' id='word_1_85' title='bbox 663 1425 722 1493; x_wconf 77' lang='lat' dir='ltr'><strong>est,</strong></span> <span class='ocrx_word' id='word_1_86' title='bbox 739 1418 938 1484; x_wconf 70' lang='lat' dir='ltr'><strong>auferretur.</strong></span> <span class='ocrx_word' id='word_1_87' title='bbox 955 1415 990 1480; x_wconf 88' lang='lat' dir='ltr'><strong>in</strong></span> <span class='ocrx_word' id='word_1_88' title='bbox 1006 1414 1104 1480; x_wconf 87' lang='lat' dir='ltr'><strong>Libro</strong></span> <span class='ocrx_word' id='word_1_89' title='bbox 1116 1432 1195 1497; x_wconf 87' lang='lat' dir='ltr'><strong>pur·</strong></span> 
     </span>
     <span class='ocr_line' id='line_1_11' title="bbox 95 1516 1194 1601; baseline 0.004 -23"><span class='ocrx_word' id='word_1_90' title='bbox 95 1533 129 1578; x_wconf 88' lang='lat' dir='ltr'><strong>rc</strong></span> <span class='ocrx_word' id='word_1_91' title='bbox 147 1525 256 1581; x_wconf 89' lang='lat' dir='ltr'><strong>contra</strong></span> <span class='ocrx_word' id='word_1_92' title='bbox 280 1517 478 1594; x_wconf 81' lang='lat' dir='ltr'><strong>Mucianum,</strong></span> <span class='ocrx_word' id='word_1_93' title='bbox 502 1521 675 1600; x_wconf 72' lang='lat' dir='ltr'><strong>resumptis</strong></span> <span class='ocrx_word' id='word_1_94' title='bbox 696 1537 781 1601; x_wconf 86' lang='lat' dir='ltr'><strong>quae</strong></span> <span class='ocrx_word' id='word_1_95' title='bbox 801 1519 834 1582; x_wconf 91' lang='lat' dir='ltr'><strong>iu</strong></span> <span class='ocrx_word' id='word_1_96' title='bbox 858 1516 1060 1582; x_wconf 77' lang='lat' dir='ltr'><strong>Praetutium</strong></span> <span class='ocrx_word' id='word_1_97' title='bbox 1079 1516 1194 1582; x_wconf 88' lang='lat' dir='ltr'><strong>statuit</strong></span> 
     </span>
     <span class='ocr_line' id='line_1_12' title="bbox 95 1615 1195 1702; baseline 0.005 -25"><span class='ocrx_word' id='word_1_98' title='bbox 95 1615 130 1680; x_wconf 91' lang='lat' dir='ltr'><strong>da</strong></span> <span class='ocrx_word' id='word_1_99' title='bbox 150 1619 260 1683; x_wconf 88' lang='lat' dir='ltr'><strong>acttsa</strong></span> <span class='ocrx_word' id='word_1_100' title='bbox 277 1617 394 1699; x_wconf 73' lang='lat' dir='ltr'><strong>vigilio</strong></span> <span class='ocrx_word' id='word_1_101' title='bbox 415 1620 618 1702; x_wconf 86' lang='lat' dir='ltr'><strong>interruptis,</strong></span> <span class='ocrx_word' id='word_1_102' title='bbox 634 1628 668 1684; x_wconf 88' lang='lat' dir='ltr'><strong>et</strong></span> <span class='ocrx_word' id='word_1_103' title='bbox 686 1619 727 1683; x_wconf 89' lang='lat' dir='ltr'><strong>de</strong></span> <span class='ocrx_word' id='word_1_104' title='bbox 748 1621 849 1699; x_wconf 87' lang='lat' dir='ltr'><strong>ipsius</strong></span> <span class='ocrx_word' id='word_1_105' title='bbox 870 1619 1033 1691; x_wconf 85' lang='lat' dir='ltr'><strong>mandatu,</strong></span> <span class='ocrx_word' id='word_1_106' title='bbox 1049 1624 1086 1683; x_wconf 88' lang='lat' dir='ltr'><strong>ut</strong></span> <span class='ocrx_word' id='word_1_107' title='bbox 1106 1617 1195 1698; x_wconf 80' lang='lat' dir='ltr'><strong>quis·</strong></span> 
     </span>
     <span class='ocr_line' id='line_1_13' title="bbox 94 1718 1194 1804; baseline 0.002 -24"><span class='ocrx_word' id='word_1_108' title='bbox 94 1718 159 1798; x_wconf 81' lang='lat' dir='ltr'><strong>qois</strong></span> <span class='ocrx_word' id='word_1_109' title='bbox 171 1722 396 1802; x_wconf 84' lang='lat' dir='ltr'><strong>episcoporum</strong></span> <span class='ocrx_word' id='word_1_110' title='bbox 410 1725 531 1803; x_wconf 86' lang='lat' dir='ltr'><strong>scripto</strong></span> <span class='ocrx_word' id='word_1_111' title='bbox 544 1730 722 1804; x_wconf 83' lang='lat' dir='ltr'><strong>exponeret</strong></span> <span class='ocrx_word' id='word_1_112' title='bbox 735 1723 812 1802; x_wconf 82' lang='lat' dir='ltr'><strong>quid</strong></span> <span class='ocrx_word' id='word_1_113' title='bbox 828 1723 974 1795; x_wconf 86' lang='lat' dir='ltr'><strong>sentiret,</strong></span> <span class='ocrx_word' id='word_1_114' title='bbox 986 1718 1095 1785; x_wconf 89' lang='lat' dir='ltr'><strong>subdit</strong></span> <span class='ocrx_word' id='word_1_115' title='bbox 1109 1718 1194 1782; x_wconf 79' lang='lat' dir='ltr'><strong>Pou-</strong></span> 
     </span>
     <span class='ocr_line' id='line_1_14' title="bbox 96 1819 1194 1906; baseline 0.005 -25"><span class='ocrx_word' id='word_1_116' title='bbox 96 1819 203 1884; x_wconf 84' lang='lat' dir='ltr'><strong>tidcern</strong></span> <span class='ocrx_word' id='word_1_117' title='bbox 224 1824 268 1888; x_wconf 91' lang='lat' dir='ltr'><strong>ob</strong></span> <span class='ocrx_word' id='word_1_118' title='bbox 288 1833 447 1888; x_wconf 86' lang='lat' dir='ltr'><strong>secretam</strong></span> <span class='ocrx_word' id='word_1_119' title='bbox 464 1825 729 1906; x_wconf 86' lang='lat' dir='ltr'><strong>pollicitationem</strong></span> <span class='ocrx_word' id='word_1_120' title='bbox 744 1823 927 1890; x_wconf 77' lang='lat' dir='ltr'><strong>iustiniano</strong></span> <span class='ocrx_word' id='word_1_121' title='bbox 950 1822 1066 1886; x_wconf 86' lang='lat' dir='ltr'><strong>iactam</strong></span> <span class='ocrx_word' id='word_1_122' title='bbox 1082 1821 1122 1884; x_wconf 91' lang='lat' dir='ltr'><strong>ds</strong></span> <span class='ocrx_word' id='word_1_123' title='bbox 1142 1820 1194 1886; x_wconf 84' lang='lat' dir='ltr'><strong>bis</strong></span> 
     </span>
     <span class='ocr_line' id='line_1_15' title="bbox 93 1921 1197 2005; baseline 0.002 -21"><span class='ocrx_word' id='word_1_124' title='bbox 93 1921 243 2002; x_wconf 77' lang='lat' dir='ltr'><strong>Capitulio</strong></span> <span class='ocrx_word' id='word_1_125' title='bbox 264 1924 467 1996; x_wconf 84' lang='lat' dir='ltr'><strong>damnandis,</strong></span> <span class='ocrx_word' id='word_1_126' title='bbox 488 1944 552 1989; x_wconf 90' lang='lat' dir='ltr'><strong>uon</strong></span> <span class='ocrx_word' id='word_1_127' title='bbox 572 1927 632 1990; x_wconf 85' lang='lat' dir='ltr'><strong>sibi</strong></span> <span class='ocrx_word' id='word_1_128' title='bbox 647 1925 831 2005; x_wconf 83' lang='lat' dir='ltr'><strong>permisisse</strong></span> <span class='ocrx_word' id='word_1_129' title='bbox 853 1923 1007 2004; x_wconf 84' lang='lat' dir='ltr'><strong>probaro,</strong></span> <span class='ocrx_word' id='word_1_130' title='bbox 1022 1922 1110 2002; x_wconf 78' lang='lat' dir='ltr'><strong>quoti</strong></span> <span class='ocrx_word' id='word_1_131' title='bbox 1131 1929 1197 1987; x_wconf 88' lang='lat' dir='ltr'><strong>sta·</strong></span> 
     </span>
     <span class='ocr_line' id='line_1_16' title="bbox 93 2023 1195 2106; baseline 0.001 -21"><span class='ocrx_word' id='word_1_132' title='bbox 93 2023 161 2098; x_wconf 87' lang='lat' dir='ltr'><strong>tuit,</strong></span> <span class='ocrx_word' id='word_1_133' title='bbox 182 2025 236 2088; x_wconf 91' lang='lat' dir='ltr'><strong>sed</strong></span> <span class='ocrx_word' id='word_1_134' title='bbox 259 2043 278 2087; x_wconf 86' lang='lat' dir='ltr'><strong>a</strong></span> <span class='ocrx_word' id='word_1_135' title='bbox 307 2025 546 2090; x_wconf 70' lang='lat' dir='ltr'><strong>considentibus</strong></span> <span class='ocrx_word' id='word_1_136' title='bbox 565 2025 736 2106; x_wconf 82' lang='lat' dir='ltr'><strong>episcopis,</strong></span> <span class='ocrx_word' id='word_1_137' title='bbox 769 2026 800 2088; x_wconf 87' lang='lat' dir='ltr'><strong>in</strong></span> <span class='ocrx_word' id='word_1_138' title='bbox 821 2026 940 2104; x_wconf 82' lang='lat' dir='ltr'><strong>quibus</strong></span> <span class='ocrx_word' id='word_1_139' title='bbox 961 2033 995 2088; x_wconf 88' lang='lat' dir='ltr'><strong>ai</strong></span> <span class='ocrx_word' id='word_1_140' title='bbox 1013 2025 1081 2105; x_wconf 87' lang='lat' dir='ltr'><strong>ipsa</strong></span> <span class='ocrx_word' id='word_1_141' title='bbox 1109 2031 1195 2100; x_wconf 80' lang='lat' dir='ltr'><strong>erat,</strong></span> 
     </span>
     <span class='ocr_line' id='line_1_17' title="bbox 92 2122 1195 2208; baseline 0.004 -24"><span class='ocrx_word' id='word_1_142' title='bbox 92 2126 278 2203; x_wconf 76' lang='lat' dir='ltr'><strong>expetivisse</strong></span> <span class='ocrx_word' id='word_1_143' title='bbox 306 2130 430 2205; x_wconf 89' lang='lat' dir='ltr'><strong>scripto</strong></span> <span class='ocrx_word' id='word_1_144' title='bbox 458 2126 586 2190; x_wconf 84' lang='lat' dir='ltr'><strong>tradere</strong></span> <span class='ocrx_word' id='word_1_145' title='bbox 615 2130 781 2208; x_wconf 88' lang='lat' dir='ltr'><strong>propriam</strong></span> <span class='ocrx_word' id='word_1_146' title='bbox 815 2126 1015 2190; x_wconf 83' lang='lat' dir='ltr'><strong>sententiam.</strong></span> <span class='ocrx_word' id='word_1_147' title='bbox 1038 2122 1195 2190; x_wconf 86' lang='lat' dir='ltr'><strong>Ceterum</strong></span> 
     </span>
     <span class='ocr_line' id='line_1_18' title="bbox 93 2223 1194 2309; baseline 0.001 -22"><span class='ocrx_word' id='word_1_148' title='bbox 93 2227 193 2289; x_wconf 80' lang='lat' dir='ltr'><strong>nmeiu</strong></span> <span class='ocrx_word' id='word_1_149' title='bbox 214 2226 294 2306; x_wconf 85' lang='lat' dir='ltr'><strong>quid</strong></span> <span class='ocrx_word' id='word_1_150' title='bbox 313 2225 483 2292; x_wconf 74' lang='lat' dir='ltr'><strong>Facundus</strong></span> <span class='ocrx_word' id='word_1_151' title='bbox 498 2227 578 2291; x_wconf 84' lang='lat' dir='ltr'><strong>rsiit</strong></span> <span class='ocrx_word' id='word_1_152' title='bbox 596 2245 754 2302; x_wconf 79' lang='lat' dir='ltr'><strong>asserens,</strong></span> <span class='ocrx_word' id='word_1_153' title='bbox 777 2227 999 2309; x_wconf 74' lang='lat' dir='ltr'><strong>probationem</strong></span> <span class='ocrx_word' id='word_1_154' title='bbox 1026 2225 1111 2290; x_wconf 87' lang='lat' dir='ltr'><strong>baud</strong></span> <span class='ocrx_word' id='word_1_155' title='bbox 1133 2223 1194 2289; x_wconf 88' lang='lat' dir='ltr'><strong>sibi</strong></span> 
     </span>
     <span class='ocr_line' id='line_1_19' title="bbox 91 2321 1197 2408; baseline 0.003 -21"><span class='ocrx_word' id='word_1_156' title='bbox 91 2342 107 2386; x_wconf 93' lang='lat' dir='ltr'><strong>a</strong></span> <span class='ocrx_word' id='word_1_157' title='bbox 131 2321 211 2405; x_wconf 84' lang='lat' dir='ltr'><strong>Papa</strong></span> <span class='ocrx_word' id='word_1_158' title='bbox 234 2343 432 2400; x_wconf 75' lang='lat' dir='ltr'><strong>concessam,</strong></span> <span class='ocrx_word' id='word_1_159' title='bbox 449 2327 579 2406; x_wconf 80' lang='lat' dir='ltr'><strong>quando</strong></span> <span class='ocrx_word' id='word_1_160' title='bbox 601 2329 632 2390; x_wconf 90' lang='lat' dir='ltr'><strong>tn</strong></span> <span class='ocrx_word' id='word_1_161' title='bbox 649 2326 791 2408; x_wconf 76' lang='lat' dir='ltr'><strong>i’ruiopu</strong></span> <span class='ocrx_word' id='word_1_162' title='bbox 812 2334 845 2392; x_wconf 85' lang='lat' dir='ltr'><strong>et</strong></span> <span class='ocrx_word' id='word_1_163' title='bbox 865 2328 920 2392; x_wconf 85' lang='lat' dir='ltr'><strong>bic</strong></span> <span class='ocrx_word' id='word_1_164' title='bbox 939 2327 986 2390; x_wconf 87' lang='lat' dir='ltr'><strong>ait</strong></span> <span class='ocrx_word' id='word_1_165' title='bbox 1006 2327 1087 2391; x_wconf 81' lang='lat' dir='ltr'><strong>itanc</strong></span> <span class='ocrx_word' id='word_1_166' title='bbox 1107 2324 1197 2407; x_wconf 71' lang='lat' dir='ltr'><strong>itepi-</strong></span> 
     </span>
    </p>
   </div>
   <div class='ocr_carea' id='block_1_2' title="bbox 93 2425 1327 2510">
    <p class='ocr_par' dir='ltr' id='par_1_2' title="bbox 93 2425 1327 2510">
     <span class='ocr_line' id='line_1_20' title="bbox 93 2425 1327 2510; baseline 0.006 -24"><span class='ocrx_word' id='word_1_167' title='bbox 93 2433 170 2490; x_wconf 86' lang='lat' dir='ltr'><strong>taese</strong></span> <span class='ocrx_word' id='word_1_168' title='bbox 184 2425 355 2507; x_wconf 70' lang='lat' dir='ltr'><strong>Vindium,</strong></span> <span class='ocrx_word' id='word_1_169' title='bbox 371 2444 511 2508; x_wconf 82' lang='lat' dir='ltr'><strong>eamque</strong></span> <span class='ocrx_word' id='word_1_170' title='bbox 524 2445 559 2492; x_wconf 88' lang='lat' dir='ltr'><strong>sa</strong></span> <span class='ocrx_word' id='word_1_171' title='bbox 573 2429 631 2493; x_wconf 85' lang='lat' dir='ltr'><strong>etsi</strong></span> <span class='ocrx_word' id='word_1_172' title='bbox 647 2427 738 2493; x_wconf 86' lang='lat' dir='ltr'><strong>brari</strong></span> <span class='ocrx_word' id='word_1_173' title='bbox 759 2447 907 2494; x_wconf 78' lang='lat' dir='ltr'><strong>semona</strong></span> <span class='ocrx_word' id='word_1_174' title='bbox 928 2431 1107 2510; x_wconf 85' lang='lat' dir='ltr'><strong>expositam</strong></span> <span class='ocrx_word' id='word_1_175' title='bbox 1122 2445 1197 2494; x_wconf 90' lang='lat' dir='ltr'><strong>cou-</strong></span> <span class='ocrx_word' id='word_1_176' title='bbox 1321 2503 1327 2508; x_wconf 57' lang='grc'><strong>,</strong></span> 
     </span>
    </p>
   </div>
   <div class='ocr_carea' id='block_1_3' title="bbox 81 2526 1199 4230">
    <p class='ocr_par' dir='ltr' id='par_1_3' title="bbox 81 2526 1199 4230">
     <span class='ocr_line' id='line_1_21' title="bbox 92 2526 1197 2611; baseline 0.005 -23"><span class='ocrx_word' id='word_1_177' title='bbox 92 2526 210 2592; x_wconf 85' lang='lat' dir='ltr'><strong>iecisse.</strong></span> <span class='ocrx_word' id='word_1_178' title='bbox 233 2527 358 2593; x_wconf 83' lang='lat' dir='ltr'><strong>Deinde</strong></span> <span class='ocrx_word' id='word_1_179' title='bbox 380 2530 485 2608; x_wconf 73' lang='lat' dir='ltr'><strong>pergit</strong></span> <span class='ocrx_word' id='word_1_180' title='bbox 501 2528 674 2594; x_wconf 78' lang='lat' dir='ltr'><strong>Facundus</strong></span> <span class='ocrx_word' id='word_1_181' title='bbox 694 2531 863 2596; x_wconf 82' lang='lat' dir='ltr'><strong>osteudens</strong></span> <span class='ocrx_word' id='word_1_182' title='bbox 879 2528 998 2610; x_wconf 86' lang='lat' dir='ltr'><strong>Papam</strong></span> <span class='ocrx_word' id='word_1_183' title='bbox 1020 2530 1063 2594; x_wconf 90' lang='lat' dir='ltr'><strong>ob</strong></span> <span class='ocrx_word' id='word_1_184' title='bbox 1082 2529 1197 2611; x_wconf 76' lang='lat' dir='ltr'><strong>buius·</strong></span> 
     </span>
     <span class='ocr_line' id='line_1_22' title="bbox 90 2627 1198 2710; baseline 0.005 -20"><span class='ocrx_word' id='word_1_185' title='bbox 90 2627 170 2691; x_wconf 86' lang='lat' dir='ltr'><strong>uodt</strong></span> <span class='ocrx_word' id='word_1_186' title='bbox 185 2631 431 2694; x_wconf 79' lang='lat' dir='ltr'><strong>consentionem</strong></span> <span class='ocrx_word' id='word_1_187' title='bbox 445 2648 519 2695; x_wconf 87' lang='lat' dir='ltr'><strong>corn</strong></span> <span class='ocrx_word' id='word_1_188' title='bbox 533 2629 555 2695; x_wconf 83' lang='lat' dir='ltr'>J</span> <span class='ocrx_word' id='word_1_189' title='bbox 557 2629 716 2696; x_wconf 82' lang='lat' dir='ltr'><strong>catiniano</strong></span> <span class='ocrx_word' id='word_1_190' title='bbox 729 2649 807 2695; x_wconf 84' lang='lat' dir='ltr'><strong>suns</strong></span> <span class='ocrx_word' id='word_1_191' title='bbox 821 2630 986 2706; x_wconf 84' lang='lat' dir='ltr'><strong>taieiiisse,</strong></span> <span class='ocrx_word' id='word_1_192' title='bbox 998 2637 1030 2696; x_wconf 90' lang='lat' dir='ltr'><strong>st</strong></span> <span class='ocrx_word' id='word_1_193' title='bbox 1044 2645 1198 2710; x_wconf 74' lang='lat' dir='ltr'><strong>respousa</strong></span> 
     </span>
     <span class='ocr_line' id='line_1_23' title="bbox 90 2731 1197 2818; baseline 0.004 -28"><span class='ocrx_word' id='word_1_194' title='bbox 90 2731 127 2792; x_wconf 89' lang='lat' dir='ltr'><strong>ab</strong></span> <span class='ocrx_word' id='word_1_195' title='bbox 140 2735 300 2812; x_wconf 85' lang='lat' dir='ltr'><strong>episcopis</strong></span> <span class='ocrx_word' id='word_1_196' title='bbox 314 2733 490 2798; x_wconf 81' lang='lat' dir='ltr'><strong>extorsisse</strong></span> <span class='ocrx_word' id='word_1_197' title='bbox 509 2733 541 2796; x_wconf 89' lang='lat' dir='ltr'><strong>in</strong></span> <span class='ocrx_word' id='word_1_198' title='bbox 563 2731 801 2813; x_wconf 78' lang='lat' dir='ltr'><strong>praeiudicium</strong></span> <span class='ocrx_word' id='word_1_199' title='bbox 822 2732 942 2818; x_wconf 78' lang='lat' dir='ltr'><strong>Syucdi</strong></span> <span class='ocrx_word' id='word_1_200' title='bbox 964 2731 1197 2797; x_wconf 87' lang='lat' dir='ltr'><strong>chalcedonen-</strong></span> 
     </span>
     <span class='ocr_line' id='line_1_24' title="bbox 89 2831 1196 2915; baseline 0.004 -23"><span class='ocrx_word' id='word_1_201' title='bbox 89 2832 138 2894; x_wconf 90' lang='lat' dir='ltr'><strong>sis.</strong></span> <span class='ocrx_word' id='word_1_202' title='bbox 153 2833 187 2896; x_wconf 88' lang='lat' dir='ltr'><strong>Si</strong></span> <span class='ocrx_word' id='word_1_203' title='bbox 209 2851 325 2914; x_wconf 84' lang='lat' dir='ltr'><strong>reapse</strong></span> <span class='ocrx_word' id='word_1_204' title='bbox 338 2833 521 2900; x_wconf 77' lang='lat' dir='ltr'><strong>Iustiniana</strong></span> <span class='ocrx_word' id='word_1_205' title='bbox 534 2842 661 2899; x_wconf 87' lang='lat' dir='ltr'><strong>secrete</strong></span> <span class='ocrx_word' id='word_1_206' title='bbox 674 2836 875 2900; x_wconf 78' lang='lat' dir='ltr'><strong>convenisset</strong></span> <span class='ocrx_word' id='word_1_207' title='bbox 890 2833 1029 2915; x_wconf 74' lang='lat' dir='ltr'><strong>vigilius</strong></span> <span class='ocrx_word' id='word_1_208' title='bbox 1041 2831 1083 2897; x_wconf 88' lang='lat' dir='ltr'><strong>ab</strong></span> <span class='ocrx_word' id='word_1_209' title='bbox 1096 2833 1196 2913; x_wconf 86' lang='lat' dir='ltr'><strong>ipsius</strong></span> 
     </span>
     <span class='ocr_line' id='line_1_25' title="bbox 90 2933 1197 3018; baseline -0.001 -21"><span class='ocrx_word' id='word_1_210' title='bbox 90 2933 300 3001; x_wconf 85' lang='lat' dir='ltr'><strong>Pontidcatns</strong></span> <span class='ocrx_word' id='word_1_211' title='bbox 322 2937 461 3001; x_wconf 85' lang='lat' dir='ltr'><strong>exordio</strong></span> <span class='ocrx_word' id='word_1_212' title='bbox 482 2937 522 3000; x_wconf 89' lang='lat' dir='ltr'><strong>de</strong></span> <span class='ocrx_word' id='word_1_213' title='bbox 545 2938 648 3002; x_wconf 85' lang='lat' dir='ltr'><strong>tribus</strong></span> <span class='ocrx_word' id='word_1_214' title='bbox 669 2937 856 3002; x_wconf 86' lang='lat' dir='ltr'><strong>damnandis</strong></span> <span class='ocrx_word' id='word_1_215' title='bbox 877 2935 1049 3018; x_wconf 81' lang='lat' dir='ltr'><strong>Capitulis,</strong></span> <span class='ocrx_word' id='word_1_216' title='bbox 1070 2933 1197 2998; x_wconf 84' lang='lat' dir='ltr'><strong>ridere·</strong></span> 
     </span>
     <span class='ocr_line' id='line_1_26' title="bbox 83 3033 1199 3119; baseline 0.001 -22"><span class='ocrx_word' id='word_1_217' title='bbox 83 3041 143 3098; x_wconf 82' lang='lat' dir='ltr'><strong>tur</strong></span> <span class='ocrx_word' id='word_1_218' title='bbox 165 3034 251 3117; x_wconf 79' lang='lat' dir='ltr'><strong>Papa</strong></span> <span class='ocrx_word' id='word_1_219' title='bbox 274 3035 429 3102; x_wconf 84' lang='lat' dir='ltr'><strong>lubenter</strong></span> <span class='ocrx_word' id='word_1_220' title='bbox 449 3037 625 3114; x_wconf 80' lang='lat' dir='ltr'><strong>audivisse,</strong></span> <span class='ocrx_word' id='word_1_221' title='bbox 647 3055 733 3119; x_wconf 82' lang='lat' dir='ltr'><strong>quae</strong></span> <span class='ocrx_word' id='word_1_222' title='bbox 753 3045 865 3103; x_wconf 85' lang='lat' dir='ltr'><strong>contre</strong></span> <span class='ocrx_word' id='word_1_223' title='bbox 881 3054 918 3100; x_wconf 91' lang='lat' dir='ltr'><strong>ea</strong></span> <span class='ocrx_word' id='word_1_224' title='bbox 933 3033 1082 3117; x_wconf 84' lang='lat' dir='ltr'><strong>Gapttnia</strong></span> <span class='ocrx_word' id='word_1_225' title='bbox 1104 3033 1145 3098; x_wconf 89' lang='lat' dir='ltr'><strong>ab</strong></span> <span class='ocrx_word' id='word_1_226' title='bbox 1164 3051 1199 3098; x_wconf 89' lang='lat' dir='ltr'><strong>o·</strong></span> 
     </span>
     <span class='ocr_line' id='line_1_27' title="bbox 86 3134 1195 3219; baseline 0 -22"><span class='ocrx_word' id='word_1_227' title='bbox 86 3137 221 3217; x_wconf 85' lang='lat' dir='ltr'><strong>piscopis</strong></span> <span class='ocrx_word' id='word_1_228' title='bbox 243 3137 375 3203; x_wconf 85' lang='lat' dir='ltr'><strong>decreta</strong></span> <span class='ocrx_word' id='word_1_229' title='bbox 404 3139 548 3215; x_wconf 80' lang='lat' dir='ltr'><strong>inerant,</strong></span> <span class='ocrx_word' id='word_1_230' title='bbox 570 3140 797 3219; x_wconf 83' lang='lat' dir='ltr'><strong>potiusquam</strong></span> <span class='ocrx_word' id='word_1_231' title='bbox 821 3139 1020 3218; x_wconf 85' lang='lat' dir='ltr'><strong>corripuisse</strong></span> <span class='ocrx_word' id='word_1_232' title='bbox 1044 3134 1195 3201; x_wconf 77' lang='lat' dir='ltr'><strong>Marcam</strong></span> 
     </span>
     <span class='ocr_line' id='line_1_28' title="bbox 87 3239 1195 3320; baseline -0.001 -21"><span class='ocrx_word' id='word_1_233' title='bbox 87 3247 280 3320; x_wconf 85' lang='lat' dir='ltr'><strong>ceterosque</strong></span> <span class='ocrx_word' id='word_1_234' title='bbox 293 3239 473 3320; x_wconf 84' lang='lat' dir='ltr'><strong>episcopos,</strong></span> <span class='ocrx_word' id='word_1_235' title='bbox 489 3240 604 3304; x_wconf 88' lang='lat' dir='ltr'><strong>additis</strong></span> <span class='ocrx_word' id='word_1_236' title='bbox 619 3241 726 3315; x_wconf 83' lang='lat' dir='ltr'><strong>minis,</strong></span> <span class='ocrx_word' id='word_1_237' title='bbox 741 3239 802 3304; x_wconf 88' lang='lat' dir='ltr'><strong>uisi</strong></span> <span class='ocrx_word' id='word_1_238' title='bbox 822 3239 950 3304; x_wconf 85' lang='lat' dir='ltr'><strong>datinita</strong></span> <span class='ocrx_word' id='word_1_239' title='bbox 966 3241 1195 3303; x_wconf 87' lang='lat' dir='ltr'><strong>retractarent.</strong></span> 
     </span>
     <span class='ocr_line' id='line_1_29' title="bbox 86 3335 1196 3420; baseline 0 -18"><span class='ocrx_word' id='word_1_240' title='bbox 86 3335 126 3402; x_wconf 80' lang='lat' dir='ltr'><strong>itt</strong></span> <span class='ocrx_word' id='word_1_241' title='bbox 145 3359 185 3404; x_wconf 88' lang='lat' dir='ltr'><strong>eo</strong></span> <span class='ocrx_word' id='word_1_242' title='bbox 208 3340 355 3406; x_wconf 81' lang='lat' dir='ltr'><strong>nomines</strong></span> <span class='ocrx_word' id='word_1_243' title='bbox 379 3343 546 3408; x_wconf 73' lang='lat' dir='ltr'><strong>versatiles</strong></span> <span class='ocrx_word' id='word_1_244' title='bbox 568 3343 600 3405; x_wconf 88' lang='lat' dir='ltr'><strong>iu</strong></span> <span class='ocrx_word' id='word_1_245' title='bbox 629 3341 813 3407; x_wconf 80' lang='lat' dir='ltr'><strong>detersione</strong></span> <span class='ocrx_word' id='word_1_246' title='bbox 835 3343 933 3405; x_wconf 87' lang='lat' dir='ltr'><strong>trium</strong></span> <span class='ocrx_word' id='word_1_247' title='bbox 954 3338 1196 3420; x_wconf 81' lang='lat' dir='ltr'><strong>capitulorum,</strong></span> 
     </span>
     <span class='ocr_line' id='line_1_30' title="bbox 85 3438 1152 3525; baseline -0.004 -21"><span class='ocrx_word' id='word_1_248' title='bbox 85 3455 157 3504; x_wconf 81' lang='lat' dir='ltr'><strong>cnm</strong></span> <span class='ocrx_word' id='word_1_249' title='bbox 180 3459 243 3521; x_wconf 89' lang='lat' dir='ltr'><strong>pro</strong></span> <span class='ocrx_word' id='word_1_250' title='bbox 264 3461 380 3506; x_wconf 84' lang='lat' dir='ltr'><strong>errore</strong></span> <span class='ocrx_word' id='word_1_251' title='bbox 400 3451 593 3523; x_wconf 74' lang='lat' dir='ltr'><strong>pugnantes,</strong></span> <span class='ocrx_word' id='word_1_252' title='bbox 621 3447 743 3525; x_wconf 87' lang='lat' dir='ltr'><strong>seipsos</strong></span> <span class='ocrx_word' id='word_1_253' title='bbox 765 3447 797 3508; x_wconf 85' lang='lat' dir='ltr'><strong>in</strong></span> <span class='ocrx_word' id='word_1_254' title='bbox 817 3461 966 3507; x_wconf 87' lang='lat' dir='ltr'><strong>sermone</strong></span> <span class='ocrx_word' id='word_1_255' title='bbox 988 3438 1152 3507; x_wconf 88' lang='lat' dir='ltr'><strong>cniiidaot.</strong></span> 
     </span>
     <span class='ocr_line' id='line_1_31' title="bbox 159 3539 1197 3615; baseline -0.003 -11"><span class='ocrx_word' id='word_1_256' title='bbox 159 3540 303 3615; x_wconf 82' lang='lat' dir='ltr'><strong>Octavo,</strong></span> <span class='ocrx_word' id='word_1_257' title='bbox 318 3542 349 3604; x_wconf 92' lang='lat' dir='ltr'><strong>in</strong></span> <span class='ocrx_word' id='word_1_258' title='bbox 371 3545 473 3608; x_wconf 89' lang='lat' dir='ltr'><strong>citato</strong></span> <span class='ocrx_word' id='word_1_259' title='bbox 494 3541 593 3607; x_wconf 86' lang='lat' dir='ltr'><strong>Libro</strong></span> <span class='ocrx_word' id='word_1_260' title='bbox 615 3553 726 3608; x_wconf 89' lang='lat' dir='ltr'><strong>contra</strong></span> <span class='ocrx_word' id='word_1_261' title='bbox 742 3543 928 3609; x_wconf 74' lang='lat' dir='ltr'><strong>Mucianum</strong></span> <span class='ocrx_word' id='word_1_262' title='bbox 951 3541 1124 3606; x_wconf 86' lang='lat' dir='ltr'><strong>Facundus</strong></span> <span class='ocrx_word' id='word_1_263' title='bbox 1153 3539 1197 3603; x_wconf 91' lang='lat' dir='ltr'><strong>ci·</strong></span> 
     </span>
     <span class='ocr_line' id='line_1_32' title="bbox 85 3638 1196 3726; baseline 0 -24"><span class='ocrx_word' id='word_1_264' title='bbox 85 3646 131 3703; x_wconf 88' lang='lat' dir='ltr'><strong>tat</strong></span> <span class='ocrx_word' id='word_1_265' title='bbox 152 3640 264 3722; x_wconf 79' lang='lat' dir='ltr'><strong>Vipiiit</strong></span> <span class='ocrx_word' id='word_1_266' title='bbox 289 3643 457 3722; x_wconf 83' lang='lat' dir='ltr'><strong>epistolam</strong></span> <span class='ocrx_word' id='word_1_267' title='bbox 479 3644 519 3707; x_wconf 90' lang='lat' dir='ltr'><strong>ad</strong></span> <span class='ocrx_word' id='word_1_268' title='bbox 543 3643 708 3719; x_wconf 83' lang='lat' dir='ltr'><strong>biennem,</strong></span> <span class='ocrx_word' id='word_1_269' title='bbox 730 3663 828 3726; x_wconf 83' lang='lat' dir='ltr'><strong>quem</strong></span> <span class='ocrx_word' id='word_1_270' title='bbox 853 3643 938 3722; x_wconf 83' lang='lat' dir='ltr'><strong>Papa</strong></span> <span class='ocrx_word' id='word_1_271' title='bbox 958 3660 1020 3706; x_wconf 90' lang='lat' dir='ltr'><strong>suo</strong></span> <span class='ocrx_word' id='word_1_272' title='bbox 1048 3647 1081 3705; x_wconf 87' lang='lat' dir='ltr'><strong>et</strong></span> <span class='ocrx_word' id='word_1_273' title='bbox 1110 3638 1196 3704; x_wconf 85' lang='lat' dir='ltr'><strong>Datii</strong></span> 
     </span>
     <span class='ocr_line' id='line_1_33' title="bbox 84 3735 1198 3824; baseline -0.001 -21"><span class='ocrx_word' id='word_1_274' title='bbox 84 3742 332 3807; x_wconf 85' lang='lat' dir='ltr'><strong>mediolanensis</strong></span> <span class='ocrx_word' id='word_1_275' title='bbox 346 3743 485 3824; x_wconf 88' lang='lat' dir='ltr'><strong>episcopi</strong></span> <span class='ocrx_word' id='word_1_276' title='bbox 501 3745 630 3808; x_wconf 87' lang='lat' dir='ltr'><strong>nomios</strong></span> <span class='ocrx_word' id='word_1_277' title='bbox 652 3747 788 3824; x_wconf 87' lang='lat' dir='ltr'><strong>corripit</strong></span> <span class='ocrx_word' id='word_1_278' title='bbox 804 3745 843 3808; x_wconf 91' lang='lat' dir='ltr'><strong>de</strong></span> <span class='ocrx_word' id='word_1_279' title='bbox 864 3743 1017 3807; x_wconf 85' lang='lat' dir='ltr'><strong>scandalo</strong></span> <span class='ocrx_word' id='word_1_280' title='bbox 1037 3743 1070 3804; x_wconf 88' lang='lat' dir='ltr'><strong>in</strong></span> <span class='ocrx_word' id='word_1_281' title='bbox 1084 3735 1198 3805; x_wconf 79' lang='lat' dir='ltr'><strong>necto-</strong></span> 
     </span>
     <span class='ocr_line' id='line_1_34' title="bbox 84 3841 1197 3927; baseline 0 -23"><span class='ocrx_word' id='word_1_282' title='bbox 84 3842 128 3904; x_wconf 85' lang='lat' dir='ltr'><strong>sts</strong></span> <span class='ocrx_word' id='word_1_283' title='bbox 151 3846 310 3918; x_wconf 80' lang='lat' dir='ltr'><strong>excitato,</strong></span> <span class='ocrx_word' id='word_1_284' title='bbox 327 3863 366 3909; x_wconf 95' lang='lat' dir='ltr'><strong>eo</strong></span> <span class='ocrx_word' id='word_1_285' title='bbox 381 3845 477 3925; x_wconf 80' lang='lat' dir='ltr'><strong>quud</strong></span> <span class='ocrx_word' id='word_1_286' title='bbox 490 3846 615 3924; x_wconf 88' lang='lat' dir='ltr'><strong>primus</strong></span> <span class='ocrx_word' id='word_1_287' title='bbox 637 3847 735 3910; x_wconf 88' lang='lat' dir='ltr'><strong>trium</strong></span> <span class='ocrx_word' id='word_1_288' title='bbox 751 3845 979 3927; x_wconf 78' lang='lat' dir='ltr'><strong>capitulorum</strong></span> <span class='ocrx_word' id='word_1_289' title='bbox 1001 3841 1197 3907; x_wconf 82' lang='lat' dir='ltr'><strong>damnationi</strong></span> 
     </span>
     <span class='ocr_line' id='line_1_35' title="bbox 84 3942 1199 4026; baseline 0 -20"><span class='ocrx_word' id='word_1_290' title='bbox 84 3942 328 4024; x_wconf 81' lang='lat' dir='ltr'><strong>subscripserit,</strong></span> <span class='ocrx_word' id='word_1_291' title='bbox 344 3954 377 4010; x_wconf 87' lang='lat' dir='ltr'><strong>et</strong></span> <span class='ocrx_word' id='word_1_292' title='bbox 397 3947 444 4010; x_wconf 88' lang='lat' dir='ltr'><strong>sic</strong></span> <span class='ocrx_word' id='word_1_293' title='bbox 465 3963 573 4026; x_wconf 76' lang='lat' dir='ltr'><strong>agens,</strong></span> <span class='ocrx_word' id='word_1_294' title='bbox 596 3946 681 4026; x_wconf 85' lang='lat' dir='ltr'><strong>pond</strong></span> <span class='ocrx_word' id='word_1_295' title='bbox 695 3967 716 4010; x_wconf 89' lang='lat' dir='ltr'><strong>a</strong></span> <span class='ocrx_word' id='word_1_296' title='bbox 735 3947 839 4024; x_wconf 78' lang='lat' dir='ltr'><strong>nniiu,</strong></span> <span class='ocrx_word' id='word_1_297' title='bbox 855 3947 1118 4022; x_wconf 59' lang='lat' dir='ltr'><strong>sindremont-orn</strong></span> <span class='ocrx_word' id='word_1_298' title='bbox 1130 3951 1199 4008; x_wconf 85' lang='lat' dir='ltr'><strong>tun·</strong></span> 
     </span>
     <span class='ocr_line' id='line_1_36' title="bbox 81 4045 1199 4131; baseline 0 -24"><span class='ocrx_word' id='word_1_299' title='bbox 81 4061 154 4108; x_wconf 81' lang='lat' dir='ltr'><strong>roan</strong></span> <span class='ocrx_word' id='word_1_300' title='bbox 174 4047 428 4129; x_wconf 75' lang='lat' dir='ltr'><strong>decesrmmpnr</strong></span> <span class='ocrx_word' id='word_1_301' title='bbox 448 4057 627 4110; x_wconf 83' lang='lat' dir='ltr'><strong>nostrornm</strong></span> <span class='ocrx_word' id='word_1_302' title='bbox 649 4047 835 4127; x_wconf 78' lang='lat' dir='ltr'><strong>temporibus</strong></span> <span class='ocrx_word' id='word_1_303' title='bbox 855 4046 992 4131; x_wconf 72' lang='lat' dir='ltr'><strong>quatuo</strong></span> <span class='ocrx_word' id='word_1_304' title='bbox 1010 4045 1124 4127; x_wconf 73' lang='lat' dir='ltr'><strong>[uiant</strong></span> <span class='ocrx_word' id='word_1_305' title='bbox 1145 4061 1199 4108; x_wconf 85' lang='lat' dir='ltr'><strong>ro·</strong></span> 
     </span>
     <span class='ocr_line' id='line_1_37' title="bbox 82 4145 1198 4230; baseline 0.001 -21"><span class='ocrx_word' id='word_1_306' title='bbox 82 4146 165 4210; x_wconf 80' lang='lat' dir='ltr'><strong>tione</strong></span> <span class='ocrx_word' id='word_1_307' title='bbox 185 4146 398 4213; x_wconf 77' lang='lat' dir='ltr'><strong>commissura.</strong></span> <span class='ocrx_word' id='word_1_308' title='bbox 420 4147 652 4213; x_wconf 84' lang='lat' dir='ltr'><strong>Verumtamen</strong></span> <span class='ocrx_word' id='word_1_309' title='bbox 681 4150 724 4212; x_wconf 86' lang='lat' dir='ltr'><strong>ita</strong></span> <span class='ocrx_word' id='word_1_310' title='bbox 746 4149 879 4214; x_wconf 89' lang='lat' dir='ltr'><strong>locotus</strong></span> <span class='ocrx_word' id='word_1_311' title='bbox 899 4149 1048 4230; x_wconf 73' lang='lat' dir='ltr'><strong>vigilius,</strong></span> <span class='ocrx_word' id='word_1_312' title='bbox 1070 4145 1198 4212; x_wconf 84' lang='lat' dir='ltr'><strong>semett-</strong></span> 
     </span>
    </p>
   </div>
   <div class='ocr_carea' id='block_1_4' title="bbox 83 4248 1191 4332">
    <p class='ocr_par' dir='ltr' id='par_1_4' title="bbox 83 4248 1191 4332">
     <span class='ocr_line' id='line_1_38' title="bbox 83 4248 1191 4332; baseline -0.002 -19"><span class='ocrx_word' id='word_1_313' title='bbox 83 4263 177 4327; x_wconf 89' lang='lat' dir='ltr'><strong>paum</strong></span> <span class='ocrx_word' id='word_1_314' title='bbox 192 4249 375 4329; x_wconf 86' lang='lat' dir='ltr'><strong>damnaret,</strong></span> <span class='ocrx_word' id='word_1_315' title='bbox 391 4252 448 4332; x_wconf 81' lang='lat' dir='ltr'><strong>qui</strong></span> <span class='ocrx_word' id='word_1_316' title='bbox 461 4251 585 4331; x_wconf 88' lang='lat' dir='ltr'><strong>primus</strong></span> <span class='ocrx_word' id='word_1_317' title='bbox 607 4249 669 4318; x_wconf 87' lang='lat' dir='ltr'><strong>boc</strong></span> <span class='ocrx_word' id='word_1_318' title='bbox 684 4249 845 4332; x_wconf 87' lang='lat' dir='ltr'><strong>praestitit</strong></span> <span class='ocrx_word' id='word_1_319' title='bbox 857 4250 1044 4316; x_wconf 72' lang='lat' dir='ltr'><strong>smudalum</strong></span> <span class='ocrx_word' id='word_1_320' title='bbox 1059 4248 1191 4313; x_wconf 86' lang='lat' dir='ltr'><strong>anathe-</strong></span> 
     </span>
    </p>
   </div>
   <div class='ocr_carea' id='block_1_5' title="bbox 0 0 1528 4946">
    <p class='ocr_par' dir='ltr' id='par_1_5' title="bbox 0 0 1528 4946">
     <span class='ocr_line' id='line_1_39' title="bbox 0 0 1528 4946; baseline 0 3"><span class='ocrx_word' id='word_1_321' title='bbox 0 0 1528 4946; x_wconf 95' lang='lat' dir='ltr'><strong> </strong></span> 
     </span>
    </p>
   </div>
  </div>
 </body>
</html>
