3042 4940
1126 387 1185 470 iai

81 519 120 598 ,nt
137 509 176 573 ita
195 511 293 572 staret
307 508 552 590 praesumptum
572 502 740 587 imperiale
761 503 928 569 decretum
943 504 974 567 in
996 501 1107 568 eadem
1128 521 1186 568 ex·

84 629 226 693 pressum.

154 711 229 773 item
251 711 283 772 in
297 708 371 772 tidei
393 706 603 789 professione,
618 723 716 786 qnam
738 703 943 770 lieccaredna
957 703 1185 784 Hispaniarum

3 881 4 898 χ
82 827 134 874 rex
153 818 184 873 et
203 829 277 874 cnm
297 828 336 874 eo
357 810 510 889 episcopi,
544 809 723 890 presbyteri
745 816 778 870 ei
798 809 957 886 primores
984 807 1086 885 geniis
1106 803 1186 868 Got-

3 905 4 918 ’
79 911 184 986 thicae,
205 913 355 994 abjurato
372 911 566 985 Ariouismo,
586 912 617 971 in
632 908 775 974 Concilio
790 907 946 972 Toletano
964 906 1024 969 iii.
1042 923 1092 968 uu.
1113 901 1184 971 589.

3 1085 4 1094 χ
79 1012 254 1087 emiserunt,
271 1011 429 1074 mentione
449 1009 580 1090 speciali
593 1009 722 1073 decreta
746 1014 968 1072 memorantur
980 1005 1185 1089 synodorum

3 1111 4 1116 ’
78 1110 230 1189 nicaenae,
260 1111 634 1192 constantinopolitanae,
660 1111 842 1190 ephesinos,
864 1115 897 1172 et
926 1106 1186 1172 chalcedonensis

78 1211 223 1274 adsersus
252 1211 454 1274 haereticoss
488 1228 571 1291 quos
591 1227 700 1273 omues
722 1209 844 1288 pariter
874 1207 1188 1271 anathematizarunt

78 1312 235 1393 praelatus
256 1331 329 1386 rex,
352 1313 531 1392 ceterique,
554 1318 591 1374 ut
611 1311 657 1375 'sic
678 1309 844 1374 Ecclesiae
865 1307 1054 1374 Catholicae
1073 1323 1187 1389 aggre-

76 1421 232 1492 garentur.
256 1409 293 1474 ln
315 1413 376 1475 hac
397 1419 504 1474 tamen
532 1408 915 1493 proiessiouelustiniani
938 1409 1122 1472 mandatum
1144 1408 1184 1472 de

75 1511 215 1594 Origenis
235 1513 541 1575 anathematizandis
563 1511 732 1576 errorihns
753 1511 882 1574 omnino
904 1511 1183 1590 praetermittitur.

143 1611 297 1679 Similiter
319 1613 413 1676 valde
435 1616 465 1676 in
488 1615 549 1676 huc
569 1631 606 1676 ra
628 1613 718 1675 nohis
749 1612 907 1692 proderit,
929 1618 961 1674 et
980 1607 1185 1673 'adversario-

73 1729 140 1778 rum
160 1714 343 1795 opinionem
365 1713 542 1777 contundet
571 1712 736 1776 sollemnis
755 1731 781 1776 s.
805 1709 954 1790 Gregorii
984 1708 1091 1790 hisgni
1114 1707 1186 1772 ildei

71 1813 221 1894 proinssio
249 1813 313 1893 (de
333 1830 397 1894 tina
418 1815 569 1893 superius
590 1821 699 1878 actum
720 1813 789 1891 esti
821 1829 881 1894 per
900 1813 1024 1874 litteras
1055 1821 1184 1888 exacta,

71 1933 106 1978 ac
118 1913 233 1980 loanni
248 1915 592 1994 constantinopolitano
606 1917 757 1997 episcopo
771 1913 856 1978 data.
871 1913 906 1976 la
927 1913 987 1976 hac
1008 1915 1091 1976 euim
1114 1929 1186 1992 per·

69 2016 174 2096 spicue
192 2035 242 2093 se,
267 2017 363 2080 sicuti
385 2023 530 2096 quatuor
545 2013 732 2096 Evangelia,
757 2015 800 2076 iia
816 2019 960 2095 quatuor
973 2012 1114 2080 (inscitia
1130 2029 1187 2076 oa·

70 2115 233 2181 comenics
255 2116 436 2192 nicaenum,
462 2115 861 2197 constantinopolitannm,
878 2115 1079 2195 ephesinum,
1096 2114 1185 2178 choi·
1222 2163 1224 2166 .

70 2217 244 2283 redonense
265 2217 416 2281 venerari
439 2217 571 2280 letatur.
601 2216 738 2296 Insuper
758 2214 938 2281 Concilium
960 2216 1108 2296 quintum
1133 2234 1187 2280 re·

67 2327 223 2396 ucrainr,
248 2319 376 2399 triaque
396 2315 544 2398 capitnia
561 2318 594 2380 iu
614 2336 654 2380 eo
674 2318 837 2394 damnata,
859 2318 1011 2396 explicite
1032 2318 1185 2381 damnans

68 2437 104 2482 ac
124 2420 284 2496 ratuinus,
300 2420 332 2482 ia
346 2421 470 2484 cunctis
486 2417 664 2482 ohtestatus
684 2436 731 2490 se,
748 2435 884 2500 pasees
907 2418 1088 2482 veneranda
1104 2419 1187 2482 Con·

67 2520 136 2584 cilia
158 2522 229 2585 sivo
251 2535 404 2602 personne
425 2519 493 2583 sire
523 2537 654 2583 errores
673 2527 845 2599 respuunt,
873 2535 1037 2600 respuere.
1062 2519 1097 2582 lu
1119 2537 1185 2598 qna

66 2620 296 2698 declaratione,
318 2620 374 2685 uhi
406 2619 619 2684 orientalibus
640 2621 733 2684 sicuti
763 2621 1015 2684 occidentalibus
1037 2620 1185 2683 fidelihus

63 2707 216 2788 satisfecit
246 2718 287 2786 de
307 2721 358 2798 iis,
389 2739 474 2802 quae
502 2737 648 2801 eousque
669 2723 699 2783 iu
724 2720 866 2784 Ecclesia
896 2725 1016 2784 sancita
1042 2721 1185 2797 inerant,

65 2823 148 2888 haud
165 2831 239 2888 erat
251 2823 313 2888 sihi
328 2824 539 2887 omittendum
556 2831 799 2903 praesumptum
814 2821 985 2887 iustiniani
1001 2824 1182 2900 decretum,

63 2924 355 3006 subscriptionibus
376 2924 600 3004 episcoporum
626 2924 786 2986 munitum
818 2925 973 2988 adsersus
1000 2923 1183 3004 origenem.

60 3019 102 3087 iit
122 3024 206 3088 hanc
227 3024 375 3088 eamdem
396 3021 468 3086 ddei
490 3022 720 3104 proiesslnncm
736 3025 873 3102 (omisso
893 3025 1015 3087 scilicet
1035 3024 1185 3106 origenis

62 3126 214 3205 nomine)
246 3125 356 3190 suhdii
375 3142 401 3188 s.
423 3123 601 3204 Gregorius
621 3125 653 3186 iu
683 3125 816 3206 epistola
839 3124 877 3186 ad
899 3125 1129 3203 Secundinum,
1152 3147 1185 3191 e·

61 3227 191 3292 mittere
211 3227 400 3301 orientales,
422 3228 549 3306 quoties
570 3225 601 3287 in
614 3233 759 3306 quatuor
780 3226 962 3306 praecipuis
982 3226 1111 3290 sedibus
1132 3247 1186 3290 or·

62 3327 218 3393 dicantur
238 3329 390 3409 episcopi.
410 3324 502 3392 Unde
522 3326 553 3388 iu
575 3325 665 3388 nohis
685 3326 825 3405 suspicio
846 3335 998 3404 ungetur,
1019 3344 1060 3389 ne
1081 3328 1185 3389 dicam

60 3429 240 3506 certitudo,
257 3445 315 3494 uec
330 3427 546 3494 lastinianum
563 3427 649 3490 hunc
663 3425 851 3490 Tractatum
866 3426 1015 3503 edidisse,
1032 3445 1091 3491 uec
1110 3428 1186 3490 suh·

59 3533 241 3612 scripsisse,
263 3549 368 3612 neque
389 3529 527 3594 hleanae
549 3546 655 3609 neque
673 3525 792 3608 vigilio
814 3529 1008 3592 commisisse
1030 3547 1090 3610 pro
1110 3529 1186 3592 snh·

57 3634 250 3713 scriptione,
280 3649 339 3694 nec
361 3630 592 3694 multominus
614 3627 763 3718 hionnam
785 3647 822 3691 ac
844 3629 1030 3693 Pontiicem
1053 3631 1186 3693 anathe-

56 3749 107 3795 ma
129 3733 363 3813 comprobasse
385 3732 418 3794 in
440 3731 588 3794 eumdem
609 3729 782 3811 Origenem
806 3730 910 3794 latum
932 3745 1007 3795 cam
1029 3732 1183 3814 praelatis

58 3833 154 3898 minis
175 3831 339 3897 adsersus
361 3831 544 3895 renitentes.

135 3933 255 3999 Sedet
275 3934 412 4014 amplius
427 3934 489 3996 hoc
509 3932 593 3994 idem
614 3929 785 3996 iustiniani
802 3931 987 3995 mandatnm
1003 3933 1186 4012 neglectum

54 4037 176 4100 mansit
190 4053 211 4097 ιι
227 4031 396 4097 Timotheo
417 4033 608 4116 presbytero
630 4031 661 4095 in
676 4030 803 4095 Liheilo
822 4049 921 4112 snpra
943 4033 1041 4096 citato
1063 4031 1105 4094 lie
1126 4031 1186 4095 lie·
1227 4025 1233 4035 ’

52 4133 197 4217 ceptione
220 4133 472 4198 hoereticorum:
495 4132 552 4197 uhi
574 4133 632 4197 hos
653 4133 748 4196 docet
772 4131 983 4213 recipiendos,
1006 4131 1183 4196 dummodo

55 4241 209 4320 quatuor
224 4235 369 4322 Spondeo
389 4236 613 4302 oecumenicas
625 4235 874 4316 amplectantur,
890 4249 928 4297 ac
941 4249 1005 4298 uun
1026 4235 1184 4312 quintam,

181 4333 254 4404 Vnt.
276 4332 298 4396 1
303 4332 332 4398 V.
1048 4328 1070 4396 9
