2994 4938
1111 357 1173 429 295

60 453 99 518 rh
119 455 238 522 hurum
270 473 366 524 ceusu
388 456 530 524 exclusit
549 457 733 538 Origenem.
763 457 797 525 Si
819 459 902 523 enim
926 473 1002 524 rere
1034 467 1175 526 errasset

59 553 213 636 Origenes
228 574 268 622 au
288 554 668 650 inspietatcathusmodi
689 555 867 624 admisisset
880 575 920 622 sc
940 557 1012 624 idco
1032 559 1074 629 sb
1089 559 1174 626 hua-

57 659 151 722 stasio
169 657 258 740 Papa
279 658 461 735 damnatus,
477 657 602 724 socium
625 656 772 725 Fullonia
793 679 857 728 ana
872 678 948 728 cum
968 662 1175 737 aliishacru·

60 757 126 823 ticis
145 768 365 842 nuncupasset
384 756 490 823 Felix.

135 855 276 936 Verum,
299 858 387 941 qaod
412 857 512 940 magis
533 865 694 940 praestat,
715 860 781 924 huc
800 878 935 942 quoque
954 862 1175 929 musandum

59 965 104 1023 est
123 957 246 1024 Gelasii
269 958 374 1041 Papae
387 961 419 1023 in
434 957 578 1025 Concilio
600 957 747 1024 Romanu
770 961 939 1028 decretum
960 981 1011 1026 au.
1026 957 1097 1030 itit.
1117 964 1173 1028 uhi

60 1047 197 1140 primunt
219 1062 304 1126 sacri
326 1062 368 1125 ah
388 1060 583 1144 apocryphis
603 1061 824 1127 decernantur
842 1062 929 1126 liuri.
954 1062 1075 1128 Deinde
1094 1066 1176 1128 suri·

63 1169 166 1242 piures
181 1181 354 1228 recensens
373 1163 621 1240 ecclesiasticus,
633 1163 673 1226 de
694 1162 826 1229 annno
849 1164 956 1249 inquit
977 1163 1077 1245 Papa,
1093 1183 1128 1231 su
1141 1163 1175 1230 iu

60 1281 97 1328 cu
115 1264 285 1342 damnare,
307 1283 393 1347 qnae
412 1265 578 1328 damnarit
596 1262 814 1348 Hieronymus
825 1285 837 1345 3
869 1270 902 1330 et
922 1265 952 1328 iu
973 1264 1114 1346 Origene
1134 1284 1174 1332 ea

63 1363 123 1445 ipss
137 1365 299 1442 abnuere,
314 1383 399 1448 quae
413 1367 498 1430 idern
513 1385 538 1432 s.
552 1365 675 1432 Ductor
688 1367 819 1432 reiutat.
841 1366 878 1432 ln
892 1384 957 1448 qna
973 1369 1176 1447 expositione

62 1483 131 1532 cam
151 1466 305 1549 Oripeuis
326 1485 495 1549 pomonam
516 1468 663 1535 excludit
682 1485 701 1532 a
720 1468 926 1533 damnatione
945 1465 1110 1545 Gelasius,
1129 1469 1175 1534 ita

63 1576 94 1632 ut
110 1570 232 1633 omittit
250 1568 410 1636 anastasii
430 1569 685 1650 praedecessoris
705 1567 887 1648 decretum:
899 1587 959 1633 uec
972 1569 1111 1650 amplias
1127 1568 1186 1655 ἀί(

64 1669 114 1746 cit,
134 1670 223 1752 quud
246 1670 421 1752 Origenana
445 1670 617 1751 respuerit,
634 1675 693 1732 eut
714 1667 876 1734 damnarit
896 1668 1097 1748 Anastasius,
1117 1669 1175 1735 sed

65 1770 145 1850 aaut
160 1771 193 1836 in
208 1772 282 1852 ipso
297 1771 458 1836 refutarat
472 1767 700 1854 Hieronymus.
723 1767 862 1851 insuper
874 1771 1006 1851 qnando
1026 1767 1177 1836 Gelasius

67 1868 146 1953 Papa
167 1875 227 1951 ait,
248 1893 286 1938 se
304 1874 337 1937 ia
356 1870 496 1956 Origene
517 1878 550 1936 et
571 1869 702 1936 Hnitino
721 1870 888 1951 damnare,
910 1889 996 1954 quau
1018 1868 1177 1958 Hierony·

68 1989 135 2038 mus
153 1973 300 2055 damnum
321 1991 464 2056 cumque
484 1973 560 2038 itum
577 1974 752 2054 prohntnm
766 1972 864 2038 inerit
882 1979 1037 2039 neutrum
1059 1989 1177 2040 eornm

68 2091 209 2157 emesan
231 2083 311 2140 tuuc
339 2074 441 2158 ipsius
471 2073 578 2156 Papae
597 2080 663 2141 stat
689 2071 912 2140 sententialis
940 2072 1069 2138 Vinceia
1090 2074 1178 2142 dau·

67 2175 215 2252 summu,
237 2177 316 2246 huie
335 2176 437 2257 Operi
449 2177 637 2257 praemissa:
652 2173 725 2245 Nur
743 2172 870 2240 munti
886 2185 991 2240 cutem
1005 2193 1062 2240 uec
1073 2195 1178 2258 purus

68 2277 268 2346 mmsis
279 2287 381 2359 petest
400 2297 480 2372 erse:
502 2296 583 2359 pune
601 2294 668 2340 oua
687 2276 810 2342 muti
829 2295 894 2340 nun
907 2277 1032 2342 dedatur
1044 2277 1175 2361 interri.
1254 2339 1260 2348 .

142 2378 283 2448 nemum
304 2379 330 2444 si
351 2379 515 2461 explicite,
530 2380 557 2442 si
572 2377 703 2460 publicu
724 2377 856 2444 decretu
875 2387 969 2444 antea
985 2377 1176 2446 Anastasius

72 2481 226 2564 etseripta
242 2490 277 2547 et
290 2481 479 2546 corumdem
493 2486 661 2546 sucturum
676 2479 977 2544 anathematizasset
987 2477 1176 2562 Originemr

72 2601 129 2662 aaa
148 2585 287 2666 praediti
307 2591 402 2648 eraut
422 2581 572 2648 Gelasius
591 2590 624 2648 et
644 2599 720 2648 cum
751 2600 792 2646 eu
811 2583 911 2646 ueteri
933 2582 1075 2663 episcopi
1095 2583 1178 2648 anti·

73 2699 204 2762 aaaram
225 2682 492 2750 constitutionum
511 2681 656 2758 scientie,
678 2682 794 2757 stitus,
816 2680 880 2745 sihi·
897 2681 1114 2748 innotescente
1136 2682 1180 2749 A·

74 2787 191 2850 uastasii
210 2785 392 2866 sententis,
413 2783 453 2847 de
473 2801 513 2848 eu
535 2782 809 2863 pronunciassent.
839 2779 935 2858 Quod
957 2789 1067 2848 autum
1088 2783 1180 2850 nohis

74 2888 165 2968 noph
183 2887 398 2967 suffragatur,
420 2885 542 2965 iegitur
562 2885 594 2948 in
614 2883 678 2946 tine
697 2881 819 2948 decreti
840 2880 960 2948 Gelasii
971 2901 983 2962 3
1006 2883 1061 2948 uhi
1082 2901 1181 2966 pecu·

13 2975 16 2983 ’
73 2987 140 3054 iiari
159 2989 322 3056 mentions
342 2984 644 3050 haeresiarcharum
657 2984 785 3048 numina
806 2990 962 3050 notemur
981 2984 1105 3066 abipso
1120 2983 1181 3052 Pa·

74 3103 122 3170 pt,
140 3089 321 3173 incipiendo
340 3106 360 3152 a
379 3087 509 3154 Simone
529 3083 627 3165 hieru
648 3083 688 3148 sd
710 3086 802 3149 istam
823 3101 928 3166 usqae
947 3089 1086 3152 suicwm
1105 3078 1178 3152 thu.

53 3188 217 3270 ‚Attamen
236 3193 345 3256 inhuc
364 3189 513 3268 cautere
526 3185 674 3268 origenis
694 3186 945 3267 origenistarum
965 3189 1072 3252 sectae
1093 3187 1181 3268 priu-

74 3293 144 3374 cipir
156 3311 275 3360 numen
290 3292 420 3358 omniuo
434 3289 649 3356 desideratur:
672 3288 760 3370 quod
775 3288 907 3368 quidem
922 3305 985 3351 non
999 3294 1071 3352 eret
1087 3304 1180 3366 pree·

76 3373 323 3470 teruaudnm‚'si
344 3390 532 3458 Anastasius
552 3407 614 3471 per
625 3397 729 3455 totam
749 3388 863 3454 orbem
883 3387 1113 3454 hdsmaatium
1134 3387 1181 3453 iu·

76 3493 237 3563 clenssret
256 3496 467 3562 haereticum.

146 3593 204 3662 Hia
222 3595 407 3680 praemissis
418 3594 460 3658 de
482 3611 598 3659 eornm
620 3591 754 3658 Patrem
776 3588 963 3656 testimoniis
986 3605 1024 3654 ea
1045 3589 1113 3670 ipsu
1127 3607 1181 3661 so·
1278 3630 1285 3641 -

78 3697 135 3780 iate
147 3698 198 3763 rel
217 3699 368 3780 proxime
386 3695 641 3770 succedentium,
657 3711 676 3756 a
690 3693 810 3772 quihus
828 3697 1073 3770 praesumptam
1087 3691 1180 3754 umit·

78 3796 149 3862 titur
168 3798 328 3864 Anastasii
347 3797 518 3864 decretum
531 3801 644 3862 contra
664 3795 770 3874 ipsum
791 3791 977 3874 Origenem
998 3792 1181 3856 necessario

79 3900 339 3977 concludendum,
361 3916 447 3982 qaae
466 3898 595 3977 scripsit
612 3915 640 3962 a.
661 3893 882 3977 Hieronymus
901 3893 1058 3959 adversus
1078 3890 1182 3958 liaffi-

78 4012 148 4062 nnm
159 4001 191 4064 in
205 3999 304 4066 Lihru
318 3998 360 4064 li.
385 4018 417 4064 n.
432 3999 484 4066 22.
507 3997 666 4079 inquiens,
680 3995 783 4060 bruma
800 3993 957 4076 spiscopus
971 3991 1181 4059 Anactorium

81 4093 295 4182 ihmpiitcaa,
323 4099 485 4166 Venerium
506 4111 534 4163 et
557 4094 773 4164 Girumutirsm
792 4104 822 4160 st
840 4111 960 4162 umnam
978 4102 1044 4159 ium
1069 4091 1180 4158 Orico·

80 4195 114 4260 iit
131 4219 222 4282 pura
243 4199 420 4272 Occidentis
440 4199 652 4288 cpiscoporum
672 4196 898 4266 cutiuiicuraas
917 4194 1091 4279 specum,
1111 4212 1180 4259 rca-
