3028 4942
340 371 403 450 lid

422 476 466 544 lit
485 481 523 542 nt
542 478 676 544 seorsim
698 477 754 543 bas
776 493 921 542 censeam
941 475 1178 544 criminationes
1188 496 1200 556 i
1222 475 1379 542 novissent
1398 475 1436 540 in·

342 597 439 662 quam
455 580 655 647 falsissimam
669 579 906 644 accusationem
919 577 1051 658 Oriqeni
1070 579 1257 658 irrogatam,
1273 578 1363 658 quasi
1378 576 1437 640 lieo

341 689 546 749 coaeternam
568 681 729 746 docuisset
753 681 933 745 materiam.
957 678 1037 744 item
1058 679 1291 744 evidentissima
1311 678 1434 753 iabnrn,

283 775 287 786 '
341 779 514 862 Origenem
530 781 714 857 credidisse,
732 783 903 844 terminum
920 781 1115 862 quandoque
1130 778 1234 844 Deum
1248 781 1358 860 poenis
1371 780 1436 842 dae·

340 899 473 946 monum
495 901 533 946 ao
556 883 771 962 reproborum
794 883 879 964 apud
905 882 1024 946 inferos
1039 880 1279 957 definiturum,
1300 881 1343 946 ob
1364 880 1436 944 illud

340 987 663 1066 regenerationisseu
679 984 922 1053 restaurationis
943 1002 1044 1064 genus
1064 993 1216 1051 accurate
1236 983 1437 1066 comproben-

338 1105 423 1152 sam.
445 1085 600 1152 Similiter
620 1105 682 1154 uon
704 1106 759 1152 eos
779 1087 948 1164 latuisset,
977 1087 1137 1153 immerito
1158 1086 1217 1168 ipsi
1238 1083 1370 1166 Origeni
1389 1085 1437 1146 ad·

339 1190 493 1270 scriptam
509 1188 607 1252 inisse
621 1190 803 1269 opinionem
819 1189 859 1252 do
879 1188 1044 1254 animabus
1058 1207 1076 1252 e
1090 1187 1183 1252 coelo
1200 1187 1296 1266 lapsis
1310 1188 1355 1250 ob
1373 1205 1438 1267 pec·
1510 1273 1511 1276 Ἴ

342 1300 428 1367 eata,
452 1297 604 1372 tanquam
619 1308 636 1354 a
652 1291 810 1354 charitate
831 1287 887 1352 llci
909 1274 1163 1370 frigescentibus,
1178 1307 1217 1352 ac
1238 1288 1311 1352 ideo
1331 1305 1438 1367 eorpo-
1510 1277 1511 1290 ¹

338 1393 368 1456 ri
384 1392 424 1454 ad
436 1410 571 1472 poenam
592 1392 724 1472 illigatis
733 1411 745 1468 i
761 1389 856 1456 sicuti
870 1397 902 1454 ot
916 1391 1050 1454 alteram
1071 1389 1236 1470 praefatae
1250 1405 1439 1470 consequen·
1510 1445 1511 1448 ,

338 1500 403 1558 tem
424 1495 614 1556 sententiam
635 1491 726 1574 qnasi
747 1493 814 1570 ipse
835 1492 962 1572 nuptias
976 1493 1170 1558 damnasset.
1193 1490 1323 1556 Pariter
1345 1491 1439 1554 lalsis·

337 1595 455 1660 simum
470 1595 557 1675 quod
573 1614 591 1658 e
610 1595 676 1660 snis
696 1594 897 1658 sermonibus
918 1596 1090 1658 commenti
1110 1601 1186 1656 sunt
1203 1593 1243 1656 de
1263 1595 1439 1658 animarum

339 1713 474 1760 escensu
494 1703 527 1760 et
547 1697 700 1760 descensu
713 1713 724 1774 3
739 1696 779 1758 dc
798 1695 938 1758 secunda
959 1698 991 1758 in
1013 1694 1112 1757 coelis
1133 1693 1375 1774 Redemptione.
1396 1693 1438 1758 si-

338 1798 460 1862 militer
480 1797 723 1872 intellexissent,
740 1796 968 1860 Adamantium
990 1813 1153 1874 nunqnam
1174 1793 1293 1858 dixisse
1313 1811 1374 1858 nee
1391 1810 1437 1856 so·

338 1899 475 1962 maiasse
495 1899 626 1980 quidem
641 1897 680 1961 do
697 1904 817 1964 nature
835 1897 1000 1962 bominum
1015 1902 1047 1960 ei
1066 1895 1257 1976 angelornm
1276 1893 1438 1967 mutanda,

337 1999 419 2066 adeo
440 2009 477 2064 nt
497 2006 529 2064 ei
550 2001 693 2064 homines
713 2001 745 2062 in
766 2000 917 2078 angelos,
941 2006 974 2061 et
993 1997 1124 2077 angelos
1144 1997 1175 2060 in
1197 1997 1385 2070 daemones,
1404 2014 1438 2059 ac

335 2099 507 2166 daemones
526 2101 559 2166 iu
580 2103 725 2166 besaines
746 2101 883 2166 vicissim
906 2099 1179 2164 transiormandos
1199 2117 1269 2162 esse
1290 2104 1429 2179 putaret.

375 2253 379 2268 .
414 2200 497 2266 Item
516 2204 615 2282 gratis
628 2210 789 2268 assertum
803 2209 918 2266 contra
930 2199 1103 2280 Origenem
1118 2199 1351 2280 percepissent,
1365 2215 1440 2279 qna·

334 2301 361 2365 si
382 2299 450 2381 ipse
479 2302 710 2369 resurrectioni
741 2318 917 2380 corporeae
947 2301 1099 2367 mentitus
1119 2300 1159 2364 sit
1167 2320 1181 2378 3
1201 2299 1438 2392 docuissetque,

335 2417 474 2482 corpora
494 2411 603 2466 nostra
624 2421 732 2479 aerea,
752 2405 820 2468 sive
840 2403 1021 2470 orbiculata
1044 2403 1153 2465 lutura
1179 2402 1208 2462 in
1231 2402 1439 2467 resurreetio·
1509 2477 1510 2492 χ

335 2519 387 2576 ne,
401 2510 436 2571 et
451 2503 568 2568 similia
589 2503 628 2568 de
643 2505 909 2584 bocargumeuto
931 2503 1107 2584 paradoxa.
1131 2502 1204 2566 Peri
1227 2505 1356 2568 ratione
1378 2519 1438 2564 ma·

333 2605 535 2672 nileatiasime
553 2605 685 2682 ialsnm,
707 2605 1034 2684 comprehendissent,
1055 2603 1232 2670 Auctorem
1251 2613 1358 2670 artem
1380 2621 1439 2666 ma·
1509 2618 1510 2702 p

335 2705 437 2784 picam
457 2706 620 2776 admisisse
629 2751 642 2788 ,
662 2708 756 2772 sicuti
778 2715 811 2772 et
841 2706 1035 2772 mundorum
1057 2707 1301 2789 pluralitatem,
1324 2715 1359 2772 et
1378 2705 1439 2766 ani·

333 2821 462 2870 marum
484 2809 680 2873 creationem
702 2827 761 2888 per
782 2808 961 2882 traducam,
975 2787 1230 2888 earumdemque
1250 2807 1441 2887 corporibus

336 2909 629 2986 praeexistentiam.
650 2909 822 2977 Praeterea
846 2911 1033 2978 mendacem
1053 2911 1352 2990 interpretationem
1374 2927 1441 2987 pra·

333 3007 418 3082 beri,
439 3027 538 3088 quae,
553 3013 708 3076 contortis
726 3013 827 3090 ipsius
842 3012 961 3088 verbis,
980 3015 1011 3076 ei
1031 3012 1189 3092 adscripta
1213 3011 1275 3076 luit
1295 3011 1337 3074 de
1361 3009 1437 3072 tnui·

334 3110 379 3172 cis
401 3110 555 3189 pelliceis,
571 3113 689 3192 quibus
704 3118 948 3194 protoparentes
962 3115 1063 3180 induti
1085 3122 1160 3179 sunt
1174 3121 1245 3194 post
1260 3121 1437 3193 peccatam.
1508 3195 1509 3200 ἵ

335 3207 524 3276 Nullimodo
546 3215 886 3295 insuperealpandum
906 3215 1094 3298 origenem,
1108 3215 1195 3296 quod
1218 3215 1354 3278 nimium
1376 3213 1440 3292 plai-
1508 3211 1509 3214 ’

334 3309 501 3391 losopbiae
521 3315 702 3395 platonicae
722 3317 896 3382 obsecutus
910 3327 1012 3394 esset,
1030 3335 1167 3396 eamque
1180 3315 1307 3380 divinae
1321 3314 1438 3380 Biblio·
1508 3337 1509 3364 t

334 3429 410 3477 rum
441 3417 628 3481 auctoritati
649 3419 863 3499 praetulerit,
889 3429 922 3485 et
941 3422 987 3484 sic
1008 3419 1047 3482 de
1074 3419 1208 3494 ceteris,
1228 3436 1314 3498 quaa
1330 3437 1375 3492 ex
1395 3416 1439 3478 bis

334 3516 527 3593 praemissis,
550 3519 599 3582 uti
627 3522 825 3586 consectaria
845 3522 1049 3598 derivant3a
1071 3520 1188 3600 quibas
1208 3519 1357 3584 sincerus
1376 3517 1439 3581 Au·

337 3616 436 3680 oloris
457 3620 583 3696 penitus
597 3620 705 3684 abluit
723 3625 860 3698 animus,
881 3623 1240 3702 quinimmoaversatus
1260 3627 1318 3684 est.

414 3713 457 3780 Et
478 3727 549 3796 post
569 3719 649 3786 haec
669 3724 790 3798 omnia,
811 3726 933 3788 mutuis
952 3722 1163 3803 querimoniis
1183 3722 1312 3796 sedatis,
1329 3720 1438 3784 dente·

219 3875 221 3880 ,
334 3816 379 3884 ris
404 3820 574 3898 porrectis,
597 3822 782 3905 junctisque
809 3825 993 3904 autirapiis,
1018 3823 1235 3908 Hieronymus
1259 3839 1333 3888 curn
1360 3821 1438 3886 uut-

334 3914 422 3992 finos
446 3918 644 4002 Epiphanius
665 3941 739 3988 eum
768 3923 892 3988 loanne
914 3925 1218 4005 hierosolymitano,
1241 3921 1438 4003 Theophilus

334 4035 409 4083 curn
436 4018 690 4102 chrysostomo,
719 4045 757 4089 ac
778 4035 971 4090 cunctorum
998 4026 1170 4092 hincinde
1196 4027 1350 4092 stantium
1374 4031 1439 4088 stu·

333 4119 392 4182 diis
415 4140 477 4184 nna
500 4126 775 4202 conrenientibns,
800 4126 948 4209 Origenis
970 4128 1202 4206 innocentiam,
1224 4129 1388 4208 pietatem,
1406 4123 1439 4184 ii·

333 4219 408 4286 dem
424 4224 465 4288 ab
486 4225 714 4308 improborum
728 4228 844 4309 iniuria
868 4229 1089 4301 vindicassent.
1112 4229 1162 4298 Ac
1176 4228 1303 4298 tandem
1322 4245 1348 4294 s.
1365 4221 1438 4292 ilio·
