3028 4942
347 499 382 542 sc
403 478 475 542 fidel
487 521 496 555 ,
528 477 611 555 nulli
631 477 818 542 scandalum
841 479 1017 556 praebere,
1049 475 1128 543 nibil
1157 481 1230 543 novl
1252 481 1284 542 in
1304 481 1448 544 ecclesias

346 581 565 656 introducere,
581 581 635 644 aad
650 589 773 644 tautum
789 579 947 645 desiderio
957 581 1144 646 satisfacere
1158 583 1351 657 amicornm,
1364 601 1448 662 prae·

348 683 430 745 latos
450 683 550 745 libros
572 682 769 763 perlegendi.
787 681 881 746 Alter
897 701 973 746 raro
995 683 1076 748 idest
1091 681 1321 768 Hieronymus,
1343 702 1449 764 quam·

350 783 396 844 vis
416 783 627 846 sincerissime
651 801 769 864 agens,
792 801 866 847 cum
883 783 1020 848 fortuito
1041 785 1245 848 incidissetiu
1266 784 1447 848 talsatostl·

349 885 465 966 rigenis
478 884 615 961 codices,
637 892 669 947 et
684 886 757 948 bino
779 885 963 967 blasphema
979 888 1187 962 continentes,
1203 903 1244 950 aa
1261 885 1381 948 ardore
1405 905 1448 948 ve

348 985 451 1048 ritatis
465 993 498 1048 et
518 993 675 1064 perpetuo
691 985 861 1049 haereseos
883 987 970 1064 odio,
992 1005 1056 1050 uon
1071 995 1179 1050 antem
1201 1004 1242 1049 ex
1257 987 1449 1050 malevolen-
1507 1007 1508 1080 y

349 1086 391 1146 tia
406 1092 463 1148 aot
476 1085 694 1148 altercationis
709 1085 860 1164 cupidine
872 1086 1029 1151 adversus
1050 1085 1219 1150 Bullinum
1243 1087 1375 1167 inrupit.
1388 1085 1448 1150 Nisi
1507 1139 1508 1162 ,

346 1187 433 1265 quoa
456 1183 674 1269 Hieronymus
696 1184 786 1248 *band
810 1186 887 1249 satis
912 1194 1050 1264 cantus,
1076 1196 1108 1250 et
1134 1194 1307 1251 accuratus
1336 1187 1449 1267 (linqui-
1507 1169 1508 1254 i

343 1287 424 1350 aiter
445 1287 576 1350 videtur
597 1305 727 1362 eorum,
749 1305 833 1367 quae
854 1276 953 1350 latine
977 1289 1073 1351 vertit
1093 1285 1260 1364 llnllinus,
1290 1296 1323 1351 et
1342 1289 1450 1352 autiln

349 1389 491 1468 piarum,
513 1405 593 1468 quaa
614 1387 740 1450 codices
754 1406 772 1450 a
787 1407 821 1452 se
844 1388 982 1452 traducti
1003 1389 1242 1468 praeferebant,
1257 1409 1333 1452 cum
1356 1391 1395 1454 iia
1414 1389 1448 1452 ab
1507 1471 1508 1474 Ἴ

348 1490 419 1568 ipso
431 1487 571 1569 Origene
585 1489 661 1552 alibi
673 1490 823 1552 discussis
838 1499 991 1570 recteque
1005 1491 1193 1571 explanatis.
1208 1489 1249 1555 Et
1262 1493 1294 1554 iu
1308 1493 1370 1556 bac
1384 1509 1449 1572 par·
1507 1487 1508 1532 ff

329 1649 336 1662 ,
350 1599 380 1652 ta
395 1592 564 1671 quantavis
578 1593 787 1654 excusatione
801 1591 966 1656 donandus
988 1595 1029 1656 sit
1040 1591 1256 1676 Hieronymus
1268 1593 1345 1673 jare
1358 1594 1388 1656 ei
1402 1593 1449 1656 de·

348 1693 425 1768 bita,
452 1691 568 1756 Huffiui
586 1701 690 1755 tamen
706 1693 827 1756 moder
847 1695 878 1756 iu
900 1695 962 1757 hoc
975 1694 1101 1770 labore,
1123 1695 1284 1774 animique
1304 1696 1355 1758 eui
1377 1696 1449 1758 iute-
1507 1703 1508 1776 l

349 1796 448 1874 gritas
468 1795 562 1858 sicuti
584 1813 647 1856 uon
668 1795 917 1869 imminuuntur,
933 1797 1129 1860 tantumdem
1144 1807 1333 1877 augescunt3
1353 1814 1410 1859 nec
1428 1797 1449 1856 i·

348 1893 409 1956 don
432 1893 587 1958 nllimode
608 1895 667 1956 iste
689 1911 803 1956 eorum
819 1912 955 1958 numero
976 1895 1206 1972 inscribendus,
1227 1897 1283 1976 qui
1305 1897 1447 1960 ecelesias

349 1995 583 2075 perturbarunt
603 1995 644 2058 ob
665 1995 814 2060 novitatis
835 2007 867 2060 at
886 1997 1095 2061 schismatum
1116 1997 1312 2060 ariditatem.

428 2096 552 2162 luterea
569 2109 676 2163 autem
692 2108 803 2164 uestro
818 2108 1007 2180 argumento
1024 2098 1116 2161 valde
1128 2099 1255 2178 prolicit
1269 2097 1357 2179 quod
1374 2098 1444 2160 scri·
1507 2159 1508 2174 ,

230 2226 241 2245 ν
348 2197 394 2260 bit
414 2197 553 2263 'l'bomas
585 2201 769 2267 cacciarius
790 2205 822 2268 in
843 2221 871 2266 c.
896 2199 1015 2264 xvlll.
1046 2197 1224 2264 Historiam
1253 2197 1445 2262 Dissertatio
1507 2183 1508 2200 ¹

346 2300 398 2364 aia
425 2319 486 2380 pro
500 2300 645 2376 Rullluo,
667 2303 810 2383 ejusdem
827 2303 1015 2382 pracsertim
1038 2301 1172 2364 intuitus
1194 2301 1405 2381 integritatem
1419 2303 1446 2361 iu

351 2404 497 2466 versione
519 2401 722 2468 Periarcboo.
746 2405 801 2468 Ait
822 2407 928 2470 cuim:
946 2425 962 2464 a
979 2403 1128 2466 Nondum
1151 2405 1373 2483 interpretatio
1396 2401 1446 2465 Pe·

349 2501 537 2566 riarcbooa
560 2503 693 2568 Ruitino
713 2507 842 2570 elimata
864 2506 983 2582 luerat,
1004 2525 1108 2586 neque
1129 2506 1213 2578 aliis,
1234 2504 1293 2570 uisi
1316 2503 1448 2568 forteb-

352 2607 529 2687 piuniauo,
551 2615 609 2669 aut
629 2605 773 2670 Macerio
795 2607 878 2671 tacta
901 2610 988 2672 illins
1018 2609 1133 2689 eopia,
1166 2625 1240 2670 enm
1262 2607 1400 2670 incidens
1418 2605 1445 2666 in

349 2726 461 2770 manus
485 2706 679 2772 Pammachii
700 2718 732 2772 et
753 2706 897 2782 Oceani,
920 2726 982 2772 uon
1003 2709 1109 2770 solum
1132 2708 1223 2771 rudis
1244 2716 1276 2770 et
1296 2704 1446 2784 impolita,

347 2809 402 2872 aed
424 2817 456 2870 et
475 2807 595 2871 alicubi
616 2809 799 2872 adulterata
821 2811 852 2872 in
875 2809 992 2887 volgus
1013 2807 1141 2888 prodiit.
1173 2807 1285 2886 ltaque
1305 2807 1332 2869 si
1352 2803 1445 2867 credi·
1507 2815 1508 2896 j

348 2928 419 2974 mus
433 2908 643 2994 Hieronymo,
660 2919 748 2973 tanto
770 2911 832 2974 luit
852 2911 995 2983 horrori,
1012 2921 1048 2972 ut
1068 2911 1107 2971 ad
1130 2927 1200 2972 eam
1216 2905 1317 2971 Homo
1337 2913 1445 2969 contre·
1507 2897 1508 2900 ’

346 3009 494 3072 misceret.
517 3008 575 3074 Sed
596 3030 666 3073 cam
688 3021 791 3074 tamea
812 3009 903 3073 illias
923 3025 1044 3073 errares
1065 3009 1179 3072 sensim
1199 3010 1236 3072 ia
1260 3008 1384 3072 animoa
1402 3003 1445 3066 io·

343 3111 482 3189 linerent,
503 3111 550 3174 ita
566 3125 601 3175 at
622 3114 793 3175 sacerdotes
815 3130 949 3190 qaoque,
966 3130 1003 3174 ac
1024 3113 1194 3173 nonnullas
1217 3109 1444 3176 mortariorum,

345 3214 538 3294 maximeque
551 3213 649 3276 secati
662 3213 799 3276 immines
817 3214 854 3276 ira
865 3232 1025 3277 ascensam
1039 3213 1093 3275 aai
1105 3213 1274 3287 traicerent,
1287 3211 1355 3273 ideo
1365 3207 1442 3274 sto-

346 3315 437 3388 aella,
458 3335 538 3395 qaae
557 3315 615 3379 dia
635 3335 667 3378 aa
686 3315 880 3390 cohibuerat,
900 3333 938 3377 ae
957 3335 1011 3395 per
1024 3314 1260 3377 aemulationem
1281 3311 1443 3392 quisqam

342 3416 445 3493 faeere
464 3415 634 3490 uideretur,
652 3415 776 3496 pubiice
796 3415 925 3478 obstitit.
945 3414 1023 3478 Tam
1037 3415 1166 3496 deniqne
1185 3413 1363 3492 intelligeris
1377 3407 1444 3486 ltus·

341 3519 426 3595 fiam
444 3517 636 3598 suppositam
650 3517 771 3580 dadam
788 3519 944 3598 {lammam
961 3516 1033 3599 jam
1050 3517 1094 3578 ad
1107 3515 1248 3579 culmina
1265 3512 1441 3594 peruenisse,

341 3636 396 3680 aec
416 3619 511 3681 latere
537 3637 627 3698 pasce
648 3620 733 3700 quad
754 3619 868 3680 maltos
889 3619 1070 3698 deceperat,
1102 3617 1278 3698 impetratis
1299 3633 1320 3678 n
1341 3607 1441 3680 Siricis

342 3715 434 3797 Papa
454 3718 599 3797 sarmatia
619 3718 756 3794 litteris,
779 3717 881 3782 Rama
901 3717 1047 3781 excessit:
1070 3718 1100 3780 id
1122 3719 1208 3799 quod
1231 3717 1365 3796 contigit
1384 3718 1440 3792 ipso

343 3820 516 3882 emortuali
537 3819 641 3884 Siricii
663 3839 746 3882 anno
766 3817 837 3886 398.

422 3919 513 3983 «sen
530 3923 594 3984 alio
610 3931 703 4001 panto
729 3923 812 3985 idem
837 3941 862 3983 a.
881 3919 1003 3985 Ductor
1028 3924 1058 3986 in
1076 3919 1219 4000 Epistola
1234 3915 1286 3983 81.
1309 3918 1347 3979 ad
1371 3909 1438 3977 lini·

343 4019 442 4084 finum
463 4023 613 4102 loquitur
633 4022 672 4086 de
694 4023 755 4086 hoc
775 4023 927 4085 discessu.
947 4020 1065 4096 Scribit
1085 4024 1192 4084 enim:
1219 4018 1282 4082 Dia
1302 4028 1330 4081 te
1350 4033 1438 4078 mora·

341 4128 409 4182 tam
429 4117 544 4186 Romae
564 4141 662 4184 sermo
680 4122 832 4203 proprias
851 4121 1029 4186 indicavit:
1047 4141 1102 4186 aec
1116 4119 1223 4186 dubito
1236 4115 1437 4200 spiritualium

338 4227 506 4302 parentam
522 4224 564 4285 ad
580 4219 724 4302 patriam
737 4230 916 4288 revocatam
936 4220 1100 4302 desiderio,
1116 4239 1206 4304 qaem
1226 4217 1336 4283 matria
1348 4217 1435 4280 taram
