3028 4942
1107 363 1167 436 ttt

76 467 136 529 nisi
154 467 357 546 exemplaris,
373 466 472 532 latius
492 483 587 547 opus,
602 484 705 547 quum
722 473 943 548 opportunum
966 467 1077 545 luerit,
1101 473 1166 549 pri·

77 568 282 632 momisaurus
303 578 458 647 tempore.
482 567 516 631 lu
532 587 598 649 qno
613 569 694 631 illud
709 569 793 644 cari,
815 586 856 631 ue
877 569 908 630 ln
922 573 1076 650 quopiam
1097 572 1166 634 eri·

75 671 269 734 adustionem
292 671 455 734 laederem
476 671 696 746 christianam,
717 669 774 733 sed
795 675 920 734 tantum
942 679 978 735 ut
999 671 1165 734 delirantis

76 769 261 851 imperitique
282 772 483 834 mendacium
505 788 543 834 ac
566 771 750 834 vecordiam
772 769 1021 834 cumularem.»

140 868 220 934 lluic
241 873 435 950 respondeus
456 872 658 952 Augustinus
680 871 711 932 in
731 868 875 950 Epistola
897 867 966 937 tttl.
989 889 1020 933 u.
1043 869 1073 937 6.
1097 874 1165 951 (nti

75 971 201 1051 obsignat
221 971 422 1050 vallarsius)
455 975 499 1036 ait
530 973 660 1053 quidem
682 989 774 1034 auam
802 973 963 1049 accepisse
983 975 1166 1055 apologiam

75 1072 210 1136 adsersus
230 1071 423 1149 Bullinum,
453 1075 604 1154 ignorare
636 1081 742 1136 tumen
775 1072 931 1152 quidquid
958 1073 997 1135 ad
1020 1073 1164 1138 Africam

77 1174 124 1234 iste
136 1173 285 1236 misisset:
310 1173 586 1238 vehementissime
604 1189 681 1234 vero
696 1171 807 1234 dolens
829 1172 1030 1253 Augustiana
1044 1173 1112 1253 ipse
1127 1174 1167 1238 de

78 1273 241 1355 hujusmodi
258 1276 442 1338 discordia:
458 1295 474 1334 a
491 1273 621 1350 Nescio,
638 1275 755 1353 iuquit,
773 1290 856 1353 quae
869 1276 988 1356 scripta
1011 1277 1166 1340 maledica

79 1384 226 1454 sapertun
244 1379 373 1440 numine
386 1378 425 1440 ad
441 1376 586 1440 Alricam
601 1385 830 1454 pervenerunt.
848 1375 1041 1457 Accepimus
1058 1387 1162 1440 tamen

80 1477 148 1554 quod
171 1479 317 1558 dignatus
338 1498 372 1540 es
394 1480 546 1552 mittere,
577 1477 641 1538 illis
663 1477 858 1555 respondeus
878 1478 1068 1543 maledictis.
1092 1477 1167 1555 Quo

83 1578 214 1655 perlecto,
233 1580 351 1656 lateor,
368 1580 507 1643 multum
523 1579 628 1654 dolui,
641 1581 725 1640 iuter
741 1587 805 1638 tam
819 1595 912 1640 caras
927 1579 1168 1659 familiaresque

86 1695 231 1756 pemeus,
255 1683 378 1744 cunctis
401 1698 479 1760 pena
504 1680 648 1742 ecclesiis
669 1680 836 1740 notissimo
856 1681 1015 1742 amicitiae
1038 1681 1167 1744 viuculo

84 1781 238 1857 copulatas,
264 1790 387 1844 tantum
404 1782 525 1844 malum
546 1781 690 1844 extitisse
710 1777 901 1841 discordiae.
920 1775 960 1840 Er
981 1786 1016 1841 tu
1036 1780 1168 1860 quidem

81 1889 215 1957 qnantum
240 1881 297 1944 tibi
313 1879 502 1955 modereris,
517 1891 741 1960 quantumque
758 1886 864 1940 teneas
879 1878 1011 1942 aculeos
1025 1881 1167 1960 indigua·

82 1981 157 2044 tionis
170 1992 257 2059 tuae,
274 2001 313 2044 ne
328 1982 443 2044 reddas
460 1982 667 2045 maledictum
683 1998 742 2059 pro
759 1979 943 2056 maledictu,
958 1981 1034 2044 satis
1049 1983 1081 2043 in
1104 1983 1166 2046 inis

79 2075 177 2144 litteris
192 2083 321 2145 eminet.
347 2079 575 2145 Verumtamen
588 2082 614 2144 si
636 2098 690 2144 eas
706 2081 804 2160 ipsas,
817 2097 921 2158 quum
935 2081 1081 2161 legissem
1094 2100 1170 2144 con·

80 2180 152 2244 abui
171 2183 305 2259 dolore,
328 2194 360 2246 et
379 2184 508 2262 obrigui
531 2185 647 2245 timore
655 2201 668 2261 3
701 2181 778 2260 quid
800 2179 840 2243 de
861 2199 912 2244 me
934 2183 989 2245 illa
1012 2184 1166 2254 lacerent,

79 2283 124 2358 qni
142 2283 215 2348 inte
231 2285 288 2348 illa
308 2286 448 2363 scripsit,
468 2286 495 2346 si
517 2287 548 2346 in
571 2301 683 2346 manns
705 2303 791 2348 meas
810 2281 895 2346 lorte
911 2283 1092 2350 venisseut?
1114 2282 1169 2348 Vos

78 2385 178 2445 nunde
197 2383 569 2463 osccndoliscecceti13
591 2403 667 2448 ecce
688 2404 821 2464 prorsus
840 2383 996 2465 impletur
1009 2386 1097 2466 quod
1115 2405 1170 2449 re-

77 2482 141 2548 ritas
159 2487 223 2549 ait:
246 2486 398 2567 qnoniam
426 2484 599 2550 oduadoos‘t
624 2485 804 2568 iniquitas,
826 2487 1003 2566 refrigescet
1030 2486 1171 2552 alteritus

78 2584 242 2650 malorem.
260 2586 352 2664 Quae
366 2588 426 2649 silri
443 2589 525 2650 enim
538 2587 604 2668 jam
620 2587 681 2650 ttda
699 2597 828 2669 pectora
846 2598 916 2652 tuto
931 2587 1171 2654 relaudantnri'

79 2681 109 2746 lu
126 2687 215 2769 cnjus
235 2691 338 2753 sinum
363 2699 427 2752 tota
448 2706 483 2750 aa
505 2689 654 2770 projiciat
673 2707 788 2752 secura
810 2689 969 2754 dilectio?
987 2689 1067 2767 Quis
1083 2691 1171 2754 deui-

79 2803 132 2865 que
150 2792 270 2854 amicus
291 2808 354 2852 non
375 2790 580 2868 formidetur,
603 2793 695 2870 qnasi
721 2790 854 2854 iuturus
876 2793 1044 2867 inimicus,
1066 2794 1093 2855 si
1115 2810 1171 2873 po·

80 2890 230 2954 initiatas
250 2889 486 2975 Hieronymum
507 2900 540 2953 et
560 2889 725 2954 Bullinum
750 2893 834 2968 hoc,
856 2893 943 2972 qnod
966 2893 1169 2973 plangimus,

78 2991 215 3056 exoriri?
234 2991 264 3056 Ο
285 2996 400 3056 misera
422 3003 454 3056 et
476 2993 654 3056 miseranda
675 2994 817 3058 conditio
832 2991 873 3054 l»

145 3091 223 3158 Cum
244 3095 345 3176 igitur
364 3092 583 3180 Hieronymus
605 3094 704 3173 (licet
724 3096 808 3158 bona
830 3093 912 3172 lide)
935 3097 976 3157 ita
999 3095 1172 3160 incalescat

79 3189 104 3251 ia
113 3190 284 3270 llnlliuum,
297 3205 335 3258 ut
346 3194 528 3275 Augustino
540 3196 720 3276 displiceat,
733 3215 874 3276 cumque
886 3215 927 3259 ex
939 3197 1076 3262 adverso
1090 3197 1171 3261 Rut-

80 3291 150 3356 inus
169 3315 209 3360 ex
230 3298 291 3373 iis,
314 3315 399 3376 quae
419 3297 502 3360 dixit
523 3298 554 3358 iu
577 3296 739 3377 Prologc,
771 3307 908 3377 atquae
928 3299 1040 3362 deindo
1061 3317 1171 3362 curam

80 3387 209 3460 Ecclesia
224 3399 405 3462 obtestatus
419 3407 479 3474 ost,
495 3398 540 3460 ait
560 3417 594 3460 sc
609 3400 640 3460 in
653 3419 692 3461 eo
707 3400 821 3462 labore
836 3400 988 3474 ineundo,
1003 3418 1042 3463 ac
1058 3397 1174 3463 Hiero·

80 3501 154 3578 upmi
175 3517 308 3579 persona
324 3500 549 3581 nuncupanda,
572 3501 699 3563 nullum
721 3501 850 3564 laesisse
861 3521 872 3579 5
889 3519 927 3563 ac
949 3519 1011 3563 nna
1033 3520 1173 3581 conqua-
1229 3520 1232 3528 ’

59 3606 174 3674 'ratur,
197 3601 311 3663 lamam
332 3619 423 3663 suam
445 3599 518 3664 ideo
532 3599 741 3662 dilaceratam
762 3619 831 3662 esse
853 3601 895 3662 ob
916 3621 966 3676 ee,
982 3620 1066 3680 quae
1087 3602 1127 3664 de
1150 3604 1175 3663 i·

82 3713 129 3774 pso
148 3702 270 3781 scripsit
289 3721 314 3763 s.
340 3699 460 3764 Ductor
471 3722 483 3780 3
510 3702 582 3764 hinc
604 3702 675 3763 iude
697 3701 889 3764 examinatis
910 3703 1028 3778 rebus,
1053 3705 1175 3782 perspi·

83 3815 134 3862 cue
154 3802 321 3865 admodum
344 3811 442 3882 patet,
459 3803 610 3884 injuriam
627 3821 689 3865 non
710 3801 834 3878 iecisse,
850 3802 905 3866 sed
928 3821 1057 3882 passuro
1074 3804 1173 3868 luisse

84 3895 243 3966 llulliuum.
275 3903 341 3980 Qui
362 3908 396 3974 in
417 3905 623 3966 translatione
657 3901 851 3968 Periorclroa
878 3906 1089 3967 sincerissima
1110 3907 1175 3986 egit

85 4007 140 4062 tam
153 4007 253 4082 quoad
274 4004 557 4084 Origeuissensns,
576 4015 638 4066 tam
660 4005 766 4083 quoad
783 4004 921 4080 codices,
937 4021 1019 4083 quos
1040 4008 1107 4084 ipse
1127 4006 1174 4068 le·

85 4101 125 4176 git
138 4106 289 4185 vertitque
303 4106 519 4185 incorruptos.
543 4103 585 4166 Et
606 4105 636 4165 iu
651 4124 717 4184 qno
733 4101 893 4183 explendo
914 4121 1025 4182 opere,
1041 4123 1099 4168 nec
1115 4123 1174 4168 au·

87 4207 149 4264 ctor
166 4203 222 4270 luit
241 4207 372 4283 dissidii,
394 4225 452 4270 nec
474 4217 684 4288 provocatur,
707 4223 812 4284 neque
833 4203 921 4268 illius
937 4208 1063 4284 putarit
1082 4205 1174 4270 obes·
