3028 4942
1180 400 1222 468 79

104 527 173 590 qna
186 508 377 589 sophisticas
396 507 616 574 cavillationes
630 507 822 572 dissolveret
832 528 844 586 ;
865 515 897 572 et
912 508 1009 574 teleos
1023 527 1061 573 ac
1082 511 1218 576 iraudu-

105 611 213 674 lsntoe
233 628 349 673 eornm
369 625 533 673 sermones
554 609 730 673 reiellerot.
762 609 809 673 dc
832 607 1003 696 Didymnm
1025 613 1154 693 quidem
1182 633 1216 678 a·

109 711 228 788 manis,
251 712 306 792 qni
328 711 545 775 Alexandriae
565 717 680 788 erant,
703 710 809 774 utrina
829 713 980 793 opposuit
1010 711 1215 780 Providentia

161 859 171 876 .
195 833 213 869 a
849 863 858 880 .

111 827 159 877 ew
186 913 386 978 sozomenus
408 932 487 978 roro
509 915 587 976 haec
608 917 683 977 item
706 913 864 990 adstruit,
885 925 1048 999 augetque
1069 919 1215 1000 inquiens

107 1018 139 1078 io
163 1017 262 1081 Libro
279 1015 336 1082 ttt.
360 1015 442 1080 tttst.
465 1015 589 1080 Eccles.
612 1033 641 1078 c.
664 1011 742 1080 XV:
761 1038 776 1076 u
791 1016 857 1080 Sult
871 1018 955 1080 idom
978 1029 1103 1101 tempus
1121 1020 1218 1105 Didy-

107 1115 337 1199 mnaiqnoqne
359 1118 595 1182 ecclesiasticus
615 1116 755 1195 scriptor
785 1116 897 1181 lloruit
921 1116 1058 1184 Scholas
1087 1121 1219 1184 alexan·

106 1221 220 1284 drinae
244 1221 511 1299 praetectum...
528 1217 602 1282 Fuit
623 1227 732 1283 eutem
752 1239 815 1284 nou
838 1222 971 1302 vulgare
994 1225 1213 1288 miraculum:

105 1323 270 1402 multique
291 1323 361 1402 ejus
384 1322 467 1385 lama
489 1321 618 1401 impulsi
640 1323 870 1386 Alexandriam
891 1342 926 1387 se
946 1326 1167 1399 contulerunt,
1183 1345 1217 1388 a·

104 1423 140 1485 lii
174 1424 246 1504 eins
267 1423 437 1498 audiendi,
469 1425 524 1486 alii
548 1423 667 1486 risendi
698 1441 807 1488 cansa.
830 1422 982 1490 Ceterum
1003 1429 1131 1490 arianos
1152 1447 1215 1490 non

108 1525 266 1586 mediocri
279 1525 427 1587 cruciatu
447 1523 617 1600 alliciebat,
633 1522 709 1587 dnm
723 1523 842 1608 Synodi
867 1527 1018 1591 nicaenae
1037 1529 1216 1601 doctrinam

110 1635 278 1686 assereret.
299 1622 516 1688 Persuadetat
535 1624 618 1686 enim
642 1611 807 1702 facillime,
830 1625 926 1705 idque
948 1645 1011 1690 non
1031 1647 1217 1693 sermonum

115 1725 262 1787 violentia
277 1725 331 1786 sed
345 1743 404 1804 pro
415 1742 466 1800 ea,
479 1743 543 1805 qua
561 1725 687 1786 valebat
698 1726 909 1805 persuadendi
923 1727 1089 1801 facultate,
1101 1747 1218 1792 unum·

109 1845 276 1908 quemque
297 1826 429 1890 illorum
451 1826 542 1889 reiut
562 1827 721 1890 arbitrum
743 1829 983 1890 controversiae
1008 1831 1215 1894 constituens.

107 1927 229 1990 Omnes
246 1936 355 1991 notem
377 1927 540 2002 catholici,
556 1927 710 2005 singulari
732 1926 954 1990 benevolentia
979 1947 1054 1992 cnm
1076 1931 1217 2010 comple·

108 2029 293 2092 alebantur.
325 2029 439 2096 Sedet
468 2030 701 2094 monachorum
722 2031 845 2110 agmina
869 2032 900 2092 in
923 2029 1069 2116 Aegypto
1101 2031 1217 2114 degen-

108 2131 213 2206 tium,
237 2149 311 2194 enm
334 2150 527 2212 magnopere
546 2133 743 2209 laudabunt,
764 2141 797 2196 et
818 2152 950 2214 magnus
971 2134 1027 2197 ille
1056 2133 1215 2200 Antonius

108 2241 172 2296 etc.
195 2252 212 2289 a
235 2235 329 2296 sicnti
350 2234 471 2298 dietum
493 2243 551 2298 est.

192 2331 251 2398 tta
271 2336 453 2400 addendum
473 2355 605 2419 qnoque
635 2335 825 2421 Hieronymi
853 2337 952 2419 ipsius
975 2338 1214 2416 testimoninm,

108 2439 167 2517 qni
189 2441 220 2500 in
241 2456 272 2501 n.
296 2435 366 2504 109.
390 2437 435 2500 Dc
460 2437 541 2502 Viris
561 2437 742 2502 illustribus
764 2440 843 2504 laeso
864 2443 987 2506 notarit
1018 2440 1059 2504 de
1079 2441 1213 2506 endem:

109 2561 127 2598 a
151 2537 308 2622 llidpmos
329 2541 558 2605 alexandrinus
576 2551 720 2624 captnsa
738 2559 836 2623 perra
857 2549 963 2607 aetate
983 2544 1099 2618 oculis,
1122 2553 1153 2607 et
1173 2545 1215 2607 ob

106 2642 139 2706 id
162 2641 399 2706 elementorum
421 2661 553 2723 quoquo
574 2645 722 2724 ignarus,
748 2653 871 2708 tantum
893 2646 1088 2709 miraculum
1109 2647 1159 2708 sni
1181 2665 1217 2706 o·

107 2743 238 2806 mnibus
259 2743 420 2823 praebuit,
437 2752 474 2806 ut
487 2742 695 2809 Dialecticam
716 2764 848 2826 quoque
864 2754 962 2827 atque
983 2745 1215 2820 deonantum,

108 2861 196 2924 qnae
219 2842 271 2906 rel
294 2846 433 2908 maxime
455 2845 525 2908 visu
546 2847 687 2926 indiget,
710 2848 872 2926 usquead
895 2848 1075 2928 perlectum
1098 2847 1216 2911 didice-

107 2947 163 3008 rit.
189 2944 219 3008 ls
241 2946 336 3027 plura
358 2965 457 3028 opera
478 2956 511 3010 et
534 2948 651 3011 nobilia
674 2950 879 3027 composuit,
912 2950 1160 3012 commentarios
1181 2948 1218 3010 ia

108 3048 256 3112 Psalmos
270 3066 386 3122 omues,
403 3051 651 3114 commentarios
666 3048 702 3112 iu
720 3048 930 3128 Euangeliou
949 3048 1104 3114 Mattiaci
1124 3059 1152 3112 et
1164 3046 1218 3112 Jo-

106 3147 217 3224 cartir,
240 3158 273 3213 et
293 3151 329 3211 dc
351 3149 575 3230 Dogmotilus,
595 3159 628 3214 et
647 3159 757 3213 contro
778 3149 916 3214 Aridum
937 3151 1038 3215 libros
1059 3151 1162 3230 dnos,
1185 3157 1218 3214 ot

107 3251 144 3312 ds
167 3247 291 3332 Spiritu
313 3249 428 3314 Sancto
447 3251 568 3314 librum
589 3270 710 3328 unum,
733 3271 830 3332 quem
852 3270 912 3331 ego
934 3252 1031 3314 latine
1053 3252 1157 3314 vertis
1179 3248 1215 3312 ia

106 3351 231 3416 isaiam
254 3363 358 3418 tomos
372 3355 482 3418 decem
494 3361 527 3416 et
541 3363 634 3432 octo;
650 3351 687 3415 iu
704 3351 814 3416 Oscum
829 3354 869 3415 ad
885 3371 935 3415 me
947 3354 1102 3430 scribens,
1128 3369 1214 3414 oom-

107 3455 344 3518 nrentariornm
357 3454 459 3517 libros
472 3463 552 3529 tres,
568 3463 600 3518 et
611 3452 647 3515 in
660 3453 864 3528 Zoelnricm,
881 3471 953 3516 meo
970 3462 1100 3532 rogatu,
1115 3453 1215 3517 libros

106 3559 274 3636 quinque,
295 3563 328 3619 et
348 3557 595 3620 commentarios
615 3557 652 3617 iu
671 3553 738 3630 lod,
761 3564 794 3618 et
814 3555 933 3618 infinita
956 3555 1042 3630 alia,
1064 3571 1148 3633 qnae
1169 3554 1215 3616 di·

106 3675 225 3738 gerere
240 3658 363 3737 proprii
383 3655 567 3737 indicisssest.
590 3655 679 3720 Vivit
697 3673 800 3736 usqne
814 3656 921 3734 hodie,
939 3664 971 3719 et
983 3655 1214 3734 octogesimum

108 3759 244 3822 tertium
266 3775 386 3820 annum
407 3759 520 3822 aetatis
541 3758 690 3822 excessit.
713 3777 730 3814 u

188 3857 233 3922 Et
253 3859 326 3939 quis
346 3857 477 3923 audebit
498 3867 568 3937 post
590 3858 669 3922 haec
690 3857 730 3920 dc
752 3859 830 3922 taoti
847 3857 907 3921 riri
928 3856 1077 3922 dubitare
1097 3855 1215 3937 pietate

107 3977 289 4040 rerumque
311 3960 492 4024 divinarum
509 3957 648 4038 peritia?
665 3959 768 4022 Probo
791 3960 889 4036 igitur
911 3977 984 4022 cum
1002 3955 1214 4042 Hieronymo,

103 4061 347 4140 apertissimum
363 4059 460 4124 luisse
474 4060 621 4138 Origeuis
636 4070 909 4140 propugnatorem
925 4058 1110 4140 Didymnm,
1128 4056 1215 4120 haud

110 4169 220 4223 umen
244 4160 393 4242 Origenis
423 4161 522 4241 ipsius
554 4159 799 4240 praestigiarum
823 4167 856 4221 et
879 4176 1058 4237 pravorum
1085 4156 1216 4237 dogma·

109 4273 195 4340 tuna,
212 4279 296 4343 qnae
316 4259 533 4346 Hieronymus
547 4271 717 4343 postquam
732 4260 849 4324 illesus
864 4267 923 4336 est,
937 4259 1071 4339 putarit2
1089 4258 1215 4322 docuis-
