3028 4942
59 541 113 594 tem
131 529 222 592 etiam
245 528 340 592 talem
361 529 466 607 ipsum
488 527 735 608 deprehendisse
757 527 918 592 lullaciam
940 527 1050 590 relert.
1074 526 1145 607 lpsa

57 631 119 693 dein
134 631 254 709 capita,
277 629 418 707 ubuum
439 627 521 692 lalsu
542 628 636 692 iilum
649 629 797 692 accusari
818 630 944 703 asserit,
965 627 1147 708 quindecim

57 735 81 795 iu
100 733 280 794 uuiversum
302 738 451 793 numerat
461 749 473 808 3
495 731 673 811 eademque
695 747 799 794 meras
818 749 888 794 esse
907 731 1085 794 calumnias
1103 745 1146 792 ou

57 835 204 912 ipsiusmet
223 832 364 910 scriptis,
381 831 489 894 allatis
509 833 719 910 argumentis,
735 831 820 895 libro
834 838 953 912 quarto
974 829 1144 895 cuuriucit.

58 933 97 996 ld
114 951 195 1012 quae
215 935 291 995 item
314 931 504 1005 refellenda,
525 933 581 995 ubi
602 932 641 995 nd
663 935 812 1011 quintum
835 935 920 997 uenit
939 933 1073 1005 librum,
1096 949 1148 995 ce·

58 1043 186 1098 tororum
206 1051 416 1114 qunqueprn
436 1034 506 1112 ipsu
525 1033 622 1096 adert
636 1034 826 1098 testimonla.
848 1031 920 1114 lpsa
944 1051 1021 1096 vern
1042 1032 1145 1111 capita

59 1135 122 1198 baso
139 1145 222 1197 suut.
257 1134 363 1217 Ajnnt
381 1135 475 1198 illum
497 1135 615 1197 docere
637 1133 662 1198 l.
686 1132 807 1198 Filium
828 1153 892 1198 uon
912 1139 975 1196 cisa
995 1132 1148 1196 innocuu-

57 1237 116 1298 dun
129 1235 159 1300 2.
176 1255 277 1316 sepite
297 1256 360 1299 esse
372 1237 509 1300 obsolute
527 1236 660 1298 bouum
679 1233 711 1300 t.
731 1253 828 1317 παραυ
846 1233 970 1299 Putrem
990 1251 1148 1315 copnescs·

61 1353 94 1410 rr,
112 1347 145 1399 st
161 1339 300 1417 seipsum
313 1360 322 1400 ε
336 1333 366 1402 l.
381 1335 557 1400 rationales
572 1345 708 1400 autum
720 1334 757 1399 irs
771 1337 932 1400 brutorum
953 1353 1086 1416 corpure
1097 1332 1149 1397 iu·

60 1437 136 1516 padi.
146 1437 175 1502 5.
190 1458 253 1502 csse
263 1437 301 1502 iss
315 1439 456 1502 diuersus
467 1454 632 1517 corporum
644 1435 756 1518 species
770 1436 1002 1519 miprutt'ottem:
1012 1436 1041 1503 6.
1060 1435 1148 1500 Citri-

62 1536 93 1599 sti
108 1535 276 1602 structoris
293 1538 435 1603 culmum
449 1555 515 1602 sos
528 1538 628 1602 cliuus
641 1559 735 1620 psum
749 1537 852 1621 ipsius
867 1540 984 1606 Adouli
992 1538 1100 1620 faisse
1113 1537 1145 1605 7.

65 1635 116 1700 Nou
131 1659 188 1702 usu
205 1659 344 1720 poenum
356 1639 539 1704 delictorum
559 1640 800 1722 sempiternum:
813 1639 843 1708 8.
863 1661 962 1725 utque
980 1640 1088 1705 uernis
1100 1659 1147 1704 rs·

66 1741 262 1804 structionem
276 1765 286 1804 ε
308 1739 339 1807 s.
351 1743 394 1804 ud
407 1741 482 1804 huuc
502 1739 646 1822 Μαρίωνα
660 1743 778 1806 mulum
790 1761 855 1806 nou
875 1762 953 1806 susc:
971 1738 1022 1808 10.
1038 1740 1148 1806 Astru-

63 1841 174 1903 uouluuu
187 1861 310 1920 emm,
332 1859 411 1924 quus
424 1844 519 1922 fiunt,
535 1861 663 1908 courum
679 1863 762 1906 esse:
778 1841 826 1909 ll.
846 1841 1048 1924 Usipeuitum
1065 1859 1148 1905 ure·

61 1957 107 2016 puu
117 1953 326 2007 amoturum:
340 1941 391 2009 lb.
406 1941 537 2007 Sumus
557 1943 711 2025 (eupales)
721 1945 866 2025 delapsus
878 1943 998 2007 uenisse
1013 1940 1048 2005 iu
1063 1942 1149 2006 buco

62 2047 201 2110 nandum.
223 2043 277 2111 13.
302 2045 428 2110 Putrem
438 2065 499 2109 esse
521 2041 963 2112 Ft'lieineist'hilemrld.1t'l
986 2044 1148 2110 menda

61 2149 166 2226 wuito
184 2147 328 2222 lutuosas
348 2169 412 2213 esst
433 2146 523 2212 Filii.
536 2146 588 2214 15.
611 2147 836 2230 cursusquae
854 2142 913 2212 be'
931 2146 1038 2230 imupu
1055 2149 1150 2213 relate

61 2249 92 2310 ud
107 2249 214 2329 illam,
236 2253 331 2334 cutus
350 2261 396 2316 est
413 2250 542 2332 imupu,
563 2261 719 2333 quatenus
738 2262 782 2314 est
799 2253 927 2333 imapu,
947 2250 1065 2316 ueritus
1083 2267 1150 2312 aua

60 2361 102 2412 est.
123 2351 206 2419 llaec
225 2355 380 2437 depellit,
404 2355 613 2429 ululaturus,
635 2355 727 2434 qnasi
749 2355 831 2416 lelso
851 2355 982 2436 Origuni
1003 2351 1149 2434 objecta:

62 2457 192 2535 omnique
205 2475 272 2536 ope
292 2455 543 2521 ecclesiasticum
558 2472 626 2519 esse
643 2455 747 2519 uirum
763 2465 795 2518 et
813 2456 1033 2519 orthodoxum
1046 2460 1151 2516 osten·

62 2551 123 2617 dere
135 2557 259 2621 nititur.
277 2559 321 2620 At
337 2575 414 2630 non,
425 2557 507 2620 bunc
524 2558 585 2630 vir,
600 2557 700 2638 dqnis
715 2566 860 2620 ostensus
875 2566 935 2630 est,
949 2555 1034 2620 hsud
1048 2555 1150 2618 omul-

63 2653 109 2716 bus
126 2659 253 2720 omniun
276 2657 379 2720 modis
400 2659 516 2737 impius
538 2676 619 2732 esse,
642 2675 770 2738 neque,
793 2657 963 2737 inquibus
984 2654 1150 2719 manileste

62 2751 256 2838 blasphemat,
279 2775 414 2838 poenam
436 2758 581 2837 ellupere
601 2757 815 2838 apparebit.»

122 2853 231 2921 Nonne
253 2879 298 2921 ex
321 2860 382 2931 bis,
398 2861 572 2938 generatim
595 2859 771 2938 loquendo,
791 2878 894 2924 nonne
913 2859 991 2941 jure
1010 2859 1152 2922 maximo

62 2961 122 3030 stat,
142 2961 225 3039 quud
251 2963 401 3040 praemisi
421 2961 461 3022 de
480 2961 599 3024 litteris
622 2959 810 3046 Hieronymi
831 2962 870 3023 ad
894 2963 1039 3035 Auitum,
1053 2978 1091 3023 ac
1112 2960 1152 3022 de

62 3050 212 3138 synodali,
234 3061 376 3142 aliisque
406 3061 548 3141 epistolis
570 3059 778 3126 Paschalibus
793 3059 981 3143 Theophili:
1005 3062 1083 3126 nihil
1104 3064 1152 3123 ui·

62 3157 161 3222 mirum
181 3163 213 3226 iu
234 3164 305 3226 istis
327 3165 476 3243 reperiri,
499 3165 585 3243 quod
601 3160 775 3242 Origenem
798 3163 997 3227 haereticum
1019 3173 1077 3226 aut
1097 3163 1155 3226 im·

62 3257 135 3334 pium
155 3263 300 3344 luceret3
332 3283 407 3327 eum
439 3265 544 3328 omnia
568 3265 609 3326 ibi
637 3265 868 3344 comprehense
891 3273 999 3327 errata
1027 3281 1157 3326 merum

62 3371 117 3421 esse
135 3374 352 3430 commentum
371 3367 566 3428 ostenderim
582 3384 619 3427 ac
639 3365 911 3430 calumniatorum
926 3363 1035 3445 opus?
1051 3363 1092 3428 Et
1106 3383 1158 3428 ss·.

63 3474 93 3518 us
110 3461 325 3549 hnuuymum,
342 3485 416 3529 cum
439 3469 480 3528 ita
503 3470 636 3530 sentiret
658 3469 697 3530 de
718 3467 867 3547 Origeuis
889 3467 963 3540 lide,
980 3468 1021 3530 ob
1042 3467 1157 3529 oculus

64 3555 193 3628 habuisse
214 3567 331 3644 (veluti
354 3565 521 3630 llnffiuum
542 3577 575 3631 et
593 3587 618 3630 s.
637 3565 854 3648 Pamphilum)
877 3567 1003 3630 codices
1024 3583 1157 3645 praeces

64 3657 187 3728 sinceros
201 3668 400 3743 adstruitur,
422 3679 455 3730 et
477 3670 550 3732 binc
576 3687 783 3749 usquequam
798 3670 830 3731 iu
852 3667 1049 3731 Periurcltuu
1064 3666 1158 3746 lepis-

64 3775 90 3820 ’θ
107 3779 306 3849 praesumpta
326 3771 421 3850 impia
444 3779 477 3832 ct
498 3767 667 3849 perep'rina
690 3771 839 3850 dogmata
862 3769 901 3833 de
923 3768 1004 3844 nuo,
1026 3769 1066 3832 da
1086 3765 1159 3830 Tri·

66 3859 160 3942 uitate,
180 3869 219 3932 de
240 3870 375 3949 augelis,
390 3869 430 3932 da
451 3873 658 3936 cruciatuum
681 3873 821 3934 termino
836 3873 867 3936 in
890 3873 952 3934 vita
969 3871 1095 3944 lutura,
1117 3869 1158 3930 de

66 3967 152 4042 magia
172 3979 204 4032 et
223 3971 394 4034 similibus.
418 3953 458 4032 lit
478 3971 617 4049 amplius
639 3969 757 4034 llulllui
775 3971 873 4052 ipsius
894 3980 928 4033 et
947 3971 1088 4032 aliorum
1104 3967 1158 4032 dr·

67 4067 132 4126 nari
152 4072 341 4147 probitatem
364 4089 402 4134 ac
422 4070 517 4136 iidem
539 4073 571 4134 iu
596 4070 789 4135 Pariurchuu
815 4072 907 4136 libris
930 4071 1158 4136 transierendis

67 4176 182 4234 domiai.
