3138 4950
386 406 577 575 ffiitudine
595 509 749 586 viceritis,
772 508 867 576 docet
889 509 1083 576 immensitas
1097 510 1241 591 pendam
1260 511 1468 594 subjectarum.

383 629 467 692 quae
483 618 606 692 quanto
621 609 726 692 major
741 610 882 690 assurgit
896 629 1047 690 numero,
1063 617 1152 677 muto
1168 611 1293 694 mystici
1307 613 1401 677 soline
1413 631 1472 693 per·

384 715 467 780 lecta
489 713 677 794 operatione
707 714 856 778 miraculi
884 723 1072 797 superatur.
1103 713 1273 780 Undenas
1302 719 1331 778 in
1356 713 1470 778 [iumine

383 816 516 880 nimium
538 815 689 879 convenit
709 815 857 894 gloriari,
881 815 968 894 qnod
991 833 1055 879 nou
1076 815 1277 894 imperialem
1299 817 1412 888 solum,
1430 816 1472 878 aed

256 999 261 1008 ¹
383 916 479 980 etiam
501 915 738 980 sacerdotalem
755 915 846 980 rodis
861 916 1004 981 animum
1021 914 1199 981 concedere
1218 933 1278 980 sua
1295 917 1474 980 miseratione

383 1016 531 1097 dignatus
553 1024 622 1080 cst:
638 1025 670 1080 et
692 1016 779 1097 quod
802 1033 912 1080 amnas
933 1014 1105 1082 Pontifices
1126 1017 1257 1098 antiqua
1279 1017 1311 1078 in
1332 1016 1475 1080 offerendo

383 1116 539 1181 sacrificia
564 1115 735 1180 traditione
760 1115 974 1195 deposcimus,
997 1125 1171 1180 exorantes
1189 1123 1226 1179 nt
1251 1115 1431 1180 catholicam
1449 1114 1475 1174 i·

345 1235 347 1238 ·
383 1217 456 1280 dem
477 1217 634 1292 adunare,
651 1233 765 1296 regere
780 1214 936 1280 Dominus
957 1222 990 1280 et
1007 1216 1174 1282 custodire
1197 1223 1265 1280 toto
1291 1217 1370 1280 orbe
1389 1217 1476 1295 dique-

385 1326 451 1392 tur,
472 1318 608 1388 summis
632 1319 696 1382 hoc
726 1318 827 1398 pietas
851 1326 955 1381 restra
981 1318 1105 1382 viribus
1125 1316 1251 1382 eliecit:
1281 1335 1356 1382 cum
1376 1334 1428 1398 per
1450 1335 1476 1376 n·

385 1437 471 1484 mnes
495 1420 584 1499 regni
607 1420 705 1484 vestri
727 1428 847 1500 partes,
869 1427 901 1482 et
932 1420 1101 1484 universus
1132 1419 1209 1486 lines
1236 1428 1344 1484 terrae
1372 1437 1434 1484 eam
1452 1417 1477 1478 ti·

382 1521 454 1585 dem
473 1567 479 1582 .
499 1567 505 1582 .
524 1567 531 1583 .
551 1568 558 1582 .
576 1521 762 1587 inconcussa
782 1521 924 1602 junceus
945 1537 1024 1603 prce
1045 1523 1181 1586 serrari.

467 1619 539 1686 «lit
550 1622 630 1686 haec
654 1641 787 1704 qnoque
810 1641 874 1688 nou
894 1623 1057 1704 ignoravit
1079 1625 1272 1706 Procopius,
1296 1622 1474 1704 quisaepios

383 1725 425 1790 olr
440 1726 502 1788 hoc
517 1725 670 1791 encomiis
684 1724 865 1790 cumulavit
879 1709 1112 1802 domicianum,
1128 1744 1231 1807 quum
1247 1729 1280 1791 in
1297 1724 1476 1791 tractatione

383 1825 474 1890 libris
491 1823 534 1889 Dc
550 1822 712 1904 Aedificiis
728 1841 803 1890 enm
818 1824 1054 1906 rempublicam
1076 1827 1169 1891 laede
1190 1836 1376 1908 quassatam
1388 1841 1476 1904 napu-

381 1935 518 2003 sentem‚
540 1927 585 1989 alt
605 1926 654 1988 illi
677 1925 903 2008 magnitudinis
933 1942 971 1992 ac
995 1926 1177 2007 splendoris
1203 1928 1383 2010 plurimum
1407 1924 1477 1989 addi·

382 2028 477 2103 disse,
501 2027 623 2091 exactis
644 2026 803 2102 barbaris,
826 2027 882 2106 qui
901 2027 968 2108 J'arn
990 2028 1070 2092 olim
1091 2029 1192 2108 ipsam
1213 2030 1405 2095 invaserant.
1425 2026 1475 2102 Qui

383 2130 488 2209 primo
508 2127 669 2205 diluenlo,
689 2127 800 2193 subdit
820 2128 852 2192 in
884 2127 982 2193 Libro
1004 2127 1029 2192 l.
1052 2147 1080 2194 c.
1104 2127 1175 2193 Vll.
1198 2131 1370 2212 invigilans
1388 2131 1476 2209 reipn·

382 2229 500 2306 olicae,
522 2231 553 2293 in
575 2229 646 2311 ejus
668 2231 803 2311 negotiis
825 2236 858 2293 et
879 2247 915 2295 re
937 2236 970 2294 et
992 2247 1071 2296 rone
1092 2232 1268 2296 tractandis
1301 2241 1475 2296 nocturnum

380 2351 486 2415 acque
505 2350 544 2398 ac
565 2332 760 2396 matutinum
783 2339 815 2396 et
836 2331 1050 2396 meridianum
1068 2339 1194 2413 tempus
1214 2335 1406 2400 insumebat.
1424 2329 1474 2408 Qui

380 2435 433 2514 tia
455 2431 554 2498 Libro
583 2430 626 2498 ll.
648 2451 676 2496 c.
700 2430 778 2511 Vl.)
801 2433 958 2497 honorem
989 2435 1076 2498 lrunc
1097 2452 1259 2500 summum
1293 2436 1423 2516 adeptus
1439 2439 1475 2495 ert

382 2534 552 2600 manifesto
573 2532 630 2598 liei
652 2551 800 2611 munere,
822 2541 861 2599 ut
882 2531 1065 2600 Romanum
1097 2533 1288 2618 imperium,
1312 2555 1406 2619 qnam
1426 2551 1476 2597 ma·

382 2638 507 2702 ximnm
528 2642 589 2714 est,
612 2645 765 2726 curaret,¹
779 2637 875 2717 eique
895 2653 956 2716 pro
972 2637 1056 2702 cirili
1079 2647 1171 2719 parte
1192 2642 1380 2705 consuleret
1398 2646 1475 2702 etc»

383 2739 479 2818 Quod
501 2737 641 2820 amplius
662 2737 769 2803 llrmat
790 2739 822 2800 in
853 2735 952 2804 Libro
974 2737 1028 2802 tv.
1053 2757 1082 2804 c.
1106 2739 1131 2803 l.
1148 2760 1165 2800 a
1181 2740 1225 2805 llt
1255 2742 1337 2806 milri
1355 2740 1417 2823 jam
1435 2754 1475 2800 or·

382 2839 533 2906 dlendom
554 2839 596 2903 ab
624 2835 836 2921 Imperatoris
858 2839 984 2919 patria:
1019 2842 1071 2905 eui
1093 2861 1168 2907 cum
1192 2843 1314 2923 prium
1337 2849 1434 2922 partes
1451 2839 1474 2896 ln

381 2945 497 3006 ceteris
518 2940 677 3016 omnibus,
697 2948 770 3004 tum
792 2941 950 3021 primitias
971 2943 1127 3008 orationis
1148 2943 1315 3010 debemus.
1338 2943 1415 3010 Nam
1432 2939 1474 3002 illa

382 3059 446 3106 una
467 3041 586 3110 efferre
617 3060 663 3117 se,
687 3043 806 3122 gestire
826 3058 865 3106 ac
897 3041 1102 3125 triumphare
1132 3045 1249 3110 merito
1270 3038 1475 3126 putantquod

382 3143 478 3208 talem
500 3144 632 3222 aluerit,
654 3141 846 3225 dederitque
866 3145 1007 3209 romanis
1027 3145 1209 3228 Principem
1220 3167 1232 3226 3
1252 3149 1351 3230 cuius
1370 3155 1433 3210 ncta
1448 3159 1474 3204 o

286 3247 295 3262 ⁴
381 3263 485 3308 mnem
506 3244 631 3308 dicendi
652 3243 877 3325 scribendique
899 3245 1087 3311 inanitatem
1108 3249 1283 3312 excedunt.
1308 3247 1399 3329 llpud
1418 3243 1474 3305 dar·

381 3346 480 3410 danos
509 3359 693 3426 europaeos
722 3346 858 3410 castello
891 3347 1065 3412 bederlano
1095 3349 1234 3413 ricinum
1271 3361 1344 3414 crat
1374 3345 1473 3410 Taurc

379 3449 484 3510 stum:
518 3447 574 3510 nbi
596 3454 690 3510 natus
719 3454 767 3510 est
788 3447 875 3511 orbis
897 3456 1070 3526 reparator
1097 3446 1302 3514 Justtntnnns
1327 3455 1472 3528 suquatur.

380 3545 422 3613 Et
442 3549 475 3610 in
495 3565 523 3611 c.
548 3545 588 3609 ll.
605 3545 748 3623 «Quare
777 3565 873 3611 nemo
894 3550 1029 3629 posthac
1060 3548 1244 3614 Iustiniano
1265 3559 1402 3630 augusto
1420 3546 1474 3608 lau·

380 3646 452 3710 dem
474 3647 557 3710 hane
576 3647 704 3727 eripere
725 3648 909 3723 contendat,
940 3651 1046 3729 ipsum
1069 3650 1230 3726 omnibus,
1252 3656 1411 3733 quotquot
1428 3659 1473 3708 nu·

379 3765 476 3828 quam
500 3747 646 3823 luerunt,
684 3747 886 3829 providentia
910 3765 947 3814 ec
973 3750 1147 3816 sedulitate
1175 3753 1443 3817 antecelluisse.»

459 3846 617 3914 Similiter
630 3849 663 3912 iu
676 3846 776 3914 Libro
790 3847 847 3912 Vl.
863 3869 890 3914 c.
907 3848 948 3914 ll.
965 3851 1005 3916 de
1025 3861 1117 3934 capta
1131 3852 1243 3918 llirica
1264 3852 1387 3917 temnit:
1400 3840 1474 3910 «te-

380 3966 454 4014 rum
479 3947 661 4028 imperator
687 3955 798 4014 noster
818 3968 882 4014 non
912 3969 1091 4038 corporum
1113 3952 1209 4018 modo
1238 3951 1472 4018 incolumitatem

378 4049 515 4114 alierens
534 4041 656 4127 subdit,
678 4050 732 4114 sed
754 4053 936 4116 animarum
957 4053 1054 4116 ctiam
1074 4055 1173 4119 saluti
1201 4041 1472 4128 consolamenti

378 4165 439 4229 ope
460 4150 584 4231 populo
605 4151 653 4215 illi
676 4153 852 4233 prospexit.
873 4148 956 4218 Nam
978 4161 1109 4235 praeter
1129 4162 1251 4229 cetera,
1271 4171 1355 4235 quae
1375 4149 1472 4212 tinen·

380 4247 455 4312 liter
477 4253 630 4330 providit,
652 4261 775 4327 menter
801 4254 957 4336 religione
988 4265 1098 4340 sancta
1120 4255 1201 4322 adeo
1226 4256 1364 4322 telicttcr
1383 4245 1471 4333 preri-
