3066 4950
373 373 458 542 Ξῗξιι
480 459 726 560 imperatorum,
748 495 789 543 cx
811 475 919 542 Leone
946 483 979 542 et
999 478 1160 561 Gregorio
1182 476 1329 544 llomanis
1347 475 1452 540 Pontii·

376 579 479 654 cibus,
502 589 535 642 et
549 577 715 642 Buniiacio
737 580 923 659 maguntino
947 581 1191 658 archiepiscopo
1211 587 1388 659 excerptae.
1407 577 1454 641 lie

376 682 474 763 nique
495 683 577 746 banc
597 680 764 763 epistolam
786 680 901 746 Isidori
928 680 1121 746 Mercatoris
1142 689 1271 762 partum
1290 700 1356 744 csse
1373 687 1456 741 osten·

366 781 458 848 'dunt
473 783 569 848 verba
594 781 727 847 Eunodii
742 792 775 848 et
789 782 918 848 Silrerii
933 782 1155 848 calamitatum
1176 785 1308 848 bistoria
1317 803 1328 860 ;
1342 785 1393 862 qui
1409 791 1457 844 sta·

378 885 554 964 timetque
575 881 725 948 Pataram
746 884 837 948 exilii
857 885 908 948 sui
929 885 1039 949 locum
1061 886 1250 966 deportatus
1278 884 1320 970 ab
1343 884 1458 961 tmpera-

376 993 461 1062 tnre‚
478 988 623 1065 patareni
642 986 790 1066 Episcopi
806 987 957 1067 precibus
975 986 1112 1051 Romam
1129 995 1299 1051 revocatus
1314 995 1370 1050 ast.
1384 983 1457 1061 Quae

375 1087 402 1152 si
425 1105 500 1150 vera
523 1088 596 1163 sint,
619 1107 686 1168 quo
707 1089 738 1150 in
759 1089 833 1152 loco
854 1087 1013 1153 Silrerias
1036 1089 1142 1153 redux
1164 1089 1327 1153 Amatoris
1347 1103 1457 1150 munera

374 1187 543 1269 suscepit?
564 1188 652 1254 ilaec
673 1209 762 1254 mera
785 1190 942 1256 labulosa.
965 1190 1172 1270 Supposititia
1194 1191 1334 1272 denique
1353 1187 1458 1252 Silrerii

375 1287 482 1370 Papae
504 1293 639 1371 epistola
660 1294 700 1354 ad
723 1292 925 1366 Amatorem,
948 1301 985 1357 ut
1007 1293 1140 1372 ipsemet
1164 1289 1323 1355 Batonius
1345 1290 1458 1364 toletan

374 1392 431 1471 oui
447 1393 592 1456 eamdem
611 1411 782 1457 censuram
798 1393 924 1458 duabus
938 1393 1204 1473 praecedentibus
1219 1395 1350 1456 inurere
1363 1389 1460 1452 debuit

373 1491 490 1575 Neque
520 1497 604 1558 enim
635 1515 693 1574 por
715 1497 795 1558 baec
818 1507 962 1574 ternpore
997 1495 1225 1574 Augustuduni
1252 1494 1385 1556 Amator
1407 1497 1461 1553 crat

378 1596 560 1676 episcopus,
581 1595 636 1660 aad
660 1595 856 1676 agrippinus
876 1597 1006 1660 sedebat
1027 1597 1067 1658 ab
1088 1614 1172 1658 anno
1192 1594 1318 1659 scilicet
1338 1590 1401 1658 525.
1421 1609 1460 1652 ns·

377 1716 443 1778 que
464 1698 502 1760 ad
525 1698 793 1776 praecedentem:
810 1717 877 1778 quo
899 1697 1043 1764 Concilio
1060 1697 1285 1760 Aurelianensi
1309 1693 1366 1759 iil.
1385 1694 1460 1756 iuter

378 1799 453 1874 luit,
485 1817 594 1878 quone
615 1799 771 1864 Silverius
794 1819 901 1864 mense
922 1799 1021 1864 lunio
1042 1806 1193 1864 mortuus
1222 1807 1280 1862 est.
1297 1817 1314 1856 a
1332 1796 1459 1874 ideoque,

379 1902 497 1965 barum
520 1900 730 1980 epistolarum
753 1902 886 1980 explosa
903 1904 1111 1977 anctoritate,
1127 1910 1160 1964 at
1183 1919 1267 1982 quaa
1289 1901 1321 1962 in
1336 1897 1461 1980 Vigition

378 2003 535 2085 injuriosa
558 2003 674 2068 ibidem
696 2003 928 2068 conticiscunt
949 2005 1095 2080 crimina,
1111 2003 1182 2085 pari
1200 2003 1278 2085 juro
1299 2001 1461 2067 concellus·

379 2113 446 2170 tut'.

459 2202 594 2282 Deinde,
616 2207 642 2272 si
663 2208 831 2289 praelatae
854 2215 919 2274 tres
939 2208 1108 2291 epistolae,
1133 2207 1232 2289 Pagio
1255 2201 1462 2283 rotengio

350 2319 354 2326 ·
387 2309 560 2388 inscriptae
581 2309 707 2373 calamo
733 2312 924 2394 apocrypho
950 2309 1198 2375 committendae
1217 2310 1299 2388 sint;
1330 2325 1368 2372 ao
1386 2302 1463 2382 magi

380 2427 465 2491 quaa
485 2413 647 2489 sequitur,
661 2412 904 2492 malignantium
928 2413 1055 2477 rarelnt
1073 2413 1229 2488 animam,
1245 2429 1283 2476 ιι
1307 2411 1413 2476 aeriam
1431 2412 1463 2469 te

380 2521 488 2575 statur
501 2522 693 2578 cunctarum
714 2515 952 2579 calumniarum
975 2516 1130 2580 adsersus
1146 2514 1251 2595 ipsum
1271 2513 1387 2596 Papam
1406 2524 1462 2574 con·

380 2621 558 2678 textorum.
576 2613 646 2680 Hoc
666 2633 743 2680 sane
764 2613 974 2680 Pontiicatns
990 2615 1126 2680 Romani
1148 2616 1289 2681 bostium
1314 2631 1391 2695 opus
1410 2619 1461 2673 est:

380 2715 466 2778 istud
489 2717 689 2797 pervicaciae
711 2726 744 2781 et
765 2717 978 2797 improbitatis
1008 2717 1182 2782 artificium
1203 2715 1321 2798 quovis
1342 2723 1462 2792 temporo

381 2819 413 2882 in
428 2817 572 2884 Ecclesia
587 2818 834 2901 deplorandum.
849 2818 945 2896 Quod
968 2827 1072 2884 tamen
1093 2836 1192 2899 snpra
1212 2836 1342 2882 omnem
1357 2813 1463 2880 modun

382 2918 521 2984 invaluit
541 2921 571 2984 in
594 2921 726 2984 historia
748 2919 855 3000 vigilii
879 2919 1104 2999 Pontillcatus3
1125 2921 1219 3002 cujas
1240 2920 1364 2984 initium
1384 2929 1464 2992 nune

381 3021 421 3083 ad
438 3021 532 3084 linem
554 3021 698 3086 nefandis
719 3028 909 3086 contextum
932 3030 980 3084 est
1001 3020 1174 3102 culparum
1196 3021 1291 3084 notis.
1307 3018 1391 3082 llaec
1409 3027 1465 3094 por-

383 3140 422 3184 ro
443 3122 578 3200 epistola
603 3124 644 3185 ab
665 3124 734 3203 ipso
749 3121 901 3186 Liberato
917 3131 1100 3186 ceterarum
1120 3121 1297 3186 architecto
1313 3119 1463 3181 falsitatun

384 3223 559 3287 exhibetur
580 3226 610 3286 io
625 3244 652 3287 c.
668 3221 773 3288 xxti.
790 3220 969 3288 Breuinru':
986 3224 1041 3288 ubi
1063 3223 1183 3288 dicitur
1197 3220 1333 3303 Vigilins
1350 3217 1465 3295 lupert-

384 3323 456 3386 trici
480 3324 687 3405 spopondisse
699 3343 733 3392 se
755 3325 987 3405 acephalorum
1004 3334 1110 3404 partos
1127 3325 1224 3388 luisse
1246 3327 1462 3400 suscepturum

382 3423 549 3505 «vigilius
570 3435 679 3491 autem
702 3445 762 3506 per
782 3427 975 3492 Antoninum
994 3423 1142 3490 Belisarii
1164 3425 1334 3507 conjugem
1354 3417 1464 3499 impleti

382 3528 613 3608 professionem
642 3546 746 3604 suam,
769 3547 867 3609 quam
891 3528 1057 3608 Augustae
1087 3527 1222 3604 lecerat,
1246 3525 1340 3588 talem
1361 3516 1464 3598 scuni!

381 3626 564 3705 epistolam:
584 3625 727 3690 Dominis
747 3638 776 3691 et
804 3625 939 3693 Christis
959 3625 1105 3708 Vigilius.
1123 3626 1228 3704 Quam
1250 3622 1463 3702 inscriptionem

380 3723 494 3792 Victor
515 3729 547 3789 in
567 3726 728 3794 Cbronico
749 3732 792 3793 ita
817 3728 927 3791 tradit:
944 3725 1090 3792 Dominis
1110 3736 1139 3789 ct
1158 3726 1195 3790 io
1211 3723 1328 3792 consu
1346 3715 1465 3786 ΜΗ·

378 3829 500 3892 ootoris
514 3827 617 3892 nostri
628 3827 781 3894 ctoritate
802 3827 981 3910 coniunctis
999 3826 1156 3910 [ratribus
1177 3817 1465 3899 inobscurato

379 3928 443 3994 rut'o
463 3939 491 3991 et
513 3925 623 3992 Seuero
643 3927 808 4010 episcopis,
836 3927 969 4012 Vigilius
988 3927 1160 4012 episcopua.

460 4029 564 4094 «Scio
585 4031 716 4112 quidem
741 4031 818 4112 quia
844 4033 884 4096 ad
905 4033 1106 4097 sanctitatem
1133 4037 1271 4096 rostram
1300 4035 1387 4092 antea
1407 4017 1463 4084 fidel

381 4149 473 4198 meae
487 4130 676 4210 credulitas,
692 4131 760 4199 beo
773 4133 959 4216 adiurante.
976 4135 1131 4217 pervenit.
1149 4130 1209 4196 Sed
1223 4133 1300 4214 quia
1313 4128 1400 4195 modo
1410 4123 1463 4232 gin·

382 4233 467 4298 riusa
500 4231 565 4298 lilia
587 4251 657 4299 moa
689 4234 824 4316 patricia
845 4235 1006 4302 Antonine
1037 4234 1310 4310 christianissima,
1330 4227 1461 4296 desidem
