3042 4940
67 465 133 534 dem
156 468 298 536 taottoots
319 467 570 552 sirisiqnaltse
589 470 785 536 auctoritato
805 468 949 550 ipsorum
971 464 1177 533 admittenda.

69 571 265 640 conmenta?
1173 634 1177 646 .

138 675 185 740 Ae
206 675 343 754 interim,
355 677 382 740 si
400 683 467 742 tum
482 695 524 740 ex
539 677 721 758 praemissis
736 675 881 758 genuinis
897 677 928 742 iu
959 670 1064 756 capite
1079 691 1175 756 prae·

64 777 181 842 cedenti
201 779 437 856 monumentis,
461 787 529 844 tum
550 779 840 860 exsequentibus,
862 778 1037 845 universim
1059 777 1173 840 citatos

64 889 206 948 auctores
228 881 288 946 tria
310 879 458 964 Capttnia
480 893 744 964 propugnantes,
767 895 949 961 corumque
968 881 1090 963 scripta
1112 880 1174 946 du·

62 982 127 1048 biae
141 981 214 1048 tidei
235 983 457 1064 appellavero,
471 1002 565 1047 nemo
587 982 780 1063 aegreierat.
801 979 873 1048 ttoe
892 990 1082 1046 autemnon
1102 997 1179 1062 gra-

64 1087 100 1150 tis
114 1083 331 1160 asseram,sed
352 1084 556 1166 amplissimis
572 1083 839 1150 obtestationibus
858 1082 1014 1150 suffultus
1028 1091 1175 1164 quatuor

62 1203 259 1250 summorum
281 1183 485 1250 Pontitioumr
502 1186 559 1265 qni
573 1202 633 1248 cen
651 1192 746 1248 testes
765 1185 882 1250 sinceri
898 1185 939 1248 ab
953 1183 1052 1266 bajus
1072 1200 1174 1265 quae·

63 1287 167 1352 stionis
188 1287 374 1369 primordiis
395 1295 428 1352 et
448 1295 573 1368 postea,
594 1303 690 1366 saepe
710 1287 878 1366 conquesti
899 1294 987 1363 sunt,
1009 1285 1098 1367 quod
1119 1285 1175 1348 de·

62 1397 143 1452 creta
164 1389 311 1471 propris,
332 1389 500 1471 epistotae,
521 1396 555 1454 et
576 1385 675 1470 buius
697 1389 824 1468 generis
847 1388 888 1454 ds
917 1388 1020 1452 tribas
1040 1385 1177 1468 Capitu-

61 1489 96 1554 iis
113 1493 230 1572 scripta
262 1491 455 1573 interpolata
477 1491 598 1557 tuerint
618 1509 656 1556 ac
677 1498 856 1570 corrupta,
878 1507 918 1556 ac
938 1490 1066 1572 genuini
1088 1490 1173 1570 ipse-

60 1609 127 1656 rum
147 1599 180 1660 et
199 1594 376 1659 nrtbodnai
396 1612 508 1659 sensus
529 1592 651 1674 periide
672 1592 788 1657 isissti.
808 1589 833 1656 E
853 1591 971 1674 quibus
995 1591 1171 1660 isisatioui·

61 1691 116 1758 bns
135 1693 220 1760 baud
252 1695 329 1760 satis
360 1695 589 1760 animadversis
619 1694 742 1760 iactum
762 1703 833 1770 est,
864 1703 901 1759 ut
922 1689 1057 1775 vigilius
1086 1709 1175 1756 nnnc

61 1794 202 1876 Capitoia
224 1796 470 1864 defendentibus
498 1814 582 1862 nuuc
603 1795 862 1877 expugnantibus
891 1797 1023 1860 misisse
1046 1793 1172 1860 sidere·

63 1906 124 1973 tnr,
145 1917 208 1964 non
228 1899 343 1974 semei,
363 1899 421 1965 scd
444 1900 513 1974 bis,
537 1898 589 1962 sei
611 1906 661 1962 ter
682 1897 907 1979 huiuscemodi
928 1897 1175 1961 instabilitatem

61 2008 227 2077 ostentans,
244 2000 341 2070 modo
356 1999 516 2066 affirmans
530 1999 617 2080 qood
631 2008 725 2065 autea
751 2006 925 2081 negaverat
939 2006 972 2064 at
988 1997 1137 2062 vicissim.

132 2099 171 2166 ttt
183 2119 262 2166 sane
276 2121 336 2168 neo
348 2121 442 2168 secns
455 2103 705 2178 arbitraremur,
724 2102 900 2166 dummodo
920 2098 1008 2176 Petri
1018 2097 1067 2164 De
1081 2098 1178 2164 bion,

61 2217 106 2277 oa,
122 2199 213 2279 Binii,
227 2201 360 2268 Baronii
382 2211 414 2268 et
428 2202 545 2270 iacobi
561 2202 721 2270 sirmondi
742 2202 858 2284 placite
875 2201 1066 2282 probentur.
1082 2199 1173 2278 Quo-

61 2319 128 2367 rum
143 2303 194 2368 bic
210 2303 347 2373 ultimus
359 2301 462 2370 Temo
480 2303 521 2368 il.
536 2306 567 2368 in
579 2303 703 2372 Montto
714 2303 871 2370 Editionis
885 2303 1035 2384 Operum,
1046 2301 1175 2370 Facun-

62 2404 222 2485 discribit,
244 2407 278 2470 in
299 2407 456 2488 principio
473 2405 626 2487 Vigiltnm
641 2407 836 2472 damnationi
857 2407 1035 2471 obstitisse:
1058 2413 1171 2487 postea

60 2501 241 2574 indicatum
263 2507 439 2589 protulisse
459 2510 490 2572 in
521 2507 748 2588 capitulorum
769 2507 1031 2588 damnationem
1055 2507 1172 2582 tertio,

62 2624 229 2689 suppresso
249 2608 417 2686 iudicato,
439 2611 480 2674 ad
502 2610 717 2674 dciemionont
739 2627 908 2675 reversum
930 2627 1011 2685 osse,
1026 2616 1060 2671 et
1075 2609 1105 2672 in
1118 2625 1172 2673 ea·

62 2708 126 2774 dem
145 2711 344 2785 constitisse,
366 2707 653 2791 constitutumque
681 2710 816 2775 edidisse
836 2710 877 2773 de
897 2727 960 2774 nou
981 2710 1176 2776 damnandis-

62 2811 156 2876 tribus
185 2812 368 2892 Capitoline
398 2812 538 2892 denique
558 2812 688 2896 Spnodo
717 2813 967 2889 oecumenicae,
998 2830 1083 2892 quae
1107 2813 1167 2876 triu

61 2908 200 2993 Gspituta
216 2915 394 2991 damnavit,
410 2913 582 2995 denegasse
594 2932 770 2980 assensum.
789 2911 872 2978 iinio
886 2914 1068 2978 addendum
1083 2923 1168 2991 erat,
1210 2927 1214 2935 ·

62 3012 181 3078 demum
206 3014 361 3097 vigilium
383 3033 442 3097 per
462 3015 550 3080 alind
565 3014 783 3082 constitutum
802 3035 842 3080 ea
864 3013 1013 3097 Capituia
1035 3016 1168 3082 anstite-

60 3123 137 3180 mate
156 3119 366 3198 percussisse.
380 3115 470 3182 Haeo
483 3127 592 3180 autem
613 3115 750 3196 praeisti
770 3117 945 3196 scriptores
971 3134 1012 3180 ex
1036 3116 1169 3180 testibus

60 3217 213 3300 ooitogere
237 3220 337 3283 trium
363 3217 590 3299 Capitoiornm
612 3219 801 3284 vindicibus.
834 3216 921 3292 Quid
943 3235 1022 3281 roro
1043 3216 1084 3281 de
1105 3218 1168 3293 his,

60 3315 135 3384 idest
152 3320 193 3384 do
216 3329 282 3385 tam
306 3321 449 3386 serettiii
471 3318 578 3401 Vigilii
600 3321 726 3401 ingenio
757 3319 935 3397 potandum
956 3319 1009 3394 sit,
1032 3319 1165 3382 lectoris

60 3416 165 3486 iosooo
176 3421 340 3503 judicium
365 3420 406 3484 ad
420 3418 457 3484 e'a
470 3421 538 3502 iam
552 3438 702 3498 excussa,
718 3427 751 3486 ot
772 3419 939 3500 speciatim
963 3417 1003 3482 ad
1030 3437 1169 3498 soquen-

60 3521 119 3586 tia:
148 3527 203 3590 nbi
227 3523 450 3588 Romanorum
480 3521 672 3588 Pontificum
701 3531 791 3589 certa
811 3529 844 3588 et
875 3521 1012 3602 genuina
1034 3520 1169 3586 historia

61 3627 183 3692 eruitur
204 3633 413 3700 cunctorum,
434 3641 520 3705 quae
541 3633 615 3689 soto
637 3632 669 3688 ot
690 3625 721 3687 in
736 3624 803 3703 ipsa
824 3622 954 3705 Synodo
975 3621 1086 3702 quinta
1106 3625 1171 3685 tra.-

62 3733 138 3790 ctata
157 3737 234 3792 sunt
249 3727 289 3790 de
304 3726 408 3790 tribus
429 3721 597 3804 Capitulis.
612 3723 739 3802 Quibus
760 3724 917 3799 excussis,
938 3731 1031 3786 retro
1055 3723 1170 3786 deinde

62 3837 281 3894 convertentes
303 3826 452 3908 gradum,
464 3826 606 3906 singutas
618 3832 652 3889 et
672 3825 817 3906 cuiusvis
834 3825 949 3887 aetatis
969 3823 1173 3888 adversario·

61 3947 128 3994 rum
148 3930 368 4012 oppositiones
388 3927 555 3992 diluendas
575 3928 799 4007 suscipiemus.
831 3923 881 3989 Ac
901 3926 1029 3988 interim
1052 3924 1172 3988 disere*

62 4031 132 4096 tinni
153 4041 285 4096 nostroe
304 4029 441 4095 subeant
461 4029 582 4110 Pelagii
604 4027 631 4096 i.
651 4027 824 4114 lineyctica
839 4027 879 4091 ‘et
898 4026 981 4090 aliae
1002 4026 1171 4106 epistotae,

63 4132 228 4213 inquibus
248 4133 329 4196 aiios
350 4149 392 4194 ex
413 4130 571 4210 protenso,
593 4131 673 4196 alias
693 4130 801 4196 obiter
823 4130 921 4192 trium
943 4126 1171 4206 Capitnlornut

61 4234 455 4400 damnationislibistoriam
486 4242 665 4312 memorat,
686 4234 767 4315 quin
795 4249 854 4298 neo
875 4227 983 4310 Vigiiii
1005 4227 1172 4396 ρῗίὶάίιω

182 4339 248 4407 vot.
317 4381 325 4398 .
