3048 4946
333 477 399 548 'unt
413 481 560 566 origenis
581 503 696 555 nomen
711 489 911 568 excinditur,
932 490 972 558 ad
994 505 1113 557 annun
1126 485 1196 564 543.
1216 489 1307 556 irouc
1325 487 1435 557 iraen-

341 593 412 648 tum
434 588 640 655 retulerunt:
663 591 717 654 alii
740 609 858 654 annum
879 589 950 662 544.
982 599 1166 655 statuerunt
1188 600 1338 672 putantes
1357 593 1392 656 ita
1409 611 1435 655 o·

341 699 432 750 naues
453 687 523 752 tolli
543 689 758 755 difficultates.
783 690 941 773 Euagrius
964 693 996 756 iu
1016 689 1139 755 illator.
1163 688 1287 755 Eccles.
1308 692 1349 754 ad
1367 699 1435 754 aeta

339 793 405 851 tem
426 789 543 874 Synodi
560 791 597 856 V.
621 795 702 857 itanc
724 795 904 873 reportavit
923 794 1170 856 damnationem.
1186 792 1334 877 Cyrinus
1354 795 1381 854 iu
1395 791 1437 855 ii·

340 895 372 950 ta
387 906 413 950 s.
430 887 553 954 Suebae
575 892 621 954 bis
643 903 735 973 putat
754 893 928 973 Origeeem
948 894 1084 957 subiisse
1095 894 1277 964 anathema,
1293 895 1376 956 eirca
1394 910 1436 954 ao·

339 1005 418 1054 num
439 991 590 1055 nimirum
611 989 682 1058 544.
708 1011 746 1056 ιι
766 995 879 1057 deiude
901 997 932 1056 io
953 994 1098 1058 Concilio
1127 995 1349 1058 oecumenico.
1368 992 1437 1068 Qua·
1508 1023 1509 1040 i

340 1089 486 1154 mobrem
501 1090 627 1157 Cereus
641 1094 672 1157 in
688 1092 830 1158 Historia
846 1092 1018 1158 Litteraria
1034 1096 1156 1158 cunctis
1170 1095 1318 1158 arridens
1333 1091 1438 1175 pracia-

338 1192 380 1254 tis
400 1194 614 1271 opinionibus,
635 1198 749 1258 statuit
769 1213 852 1260 anuo
865 1193 934 1262 544.
957 1197 1098 1276 priunum
1120 1194 1302 1261 Concilium
1324 1211 1438 1274 conpr·

339 1297 451 1369 patum
472 1309 541 1356 esse
561 1294 717 1358 adversus
731 1293 904 1374 Origenem
925 1304 957 1358 et
969 1295 1157 1374 ongeniatas
1175 1294 1238 1358 solt
1260 1291 1438 1356 lienoacde·

336 1386 413 1452 inde
433 1406 517 1452 anun
536 1386 606 1456 547.
629 1393 661 1455 iu
681 1393 784 1456 altera
805 1391 935 1477 Synodo
965 1395 1091 1472 triginta
1121 1394 1349 1474 episcoporum
1368 1393 1438 1454 ioue·

339 1495 448 1550 ratam
471 1488 568 1556 inisse
588 1493 823 1556 damnationem
836 1513 847 1573 3
882 1493 1012 1558 demum
1034 1496 1065 1556 io
1087 1493 1217 1579 Spnpdu
1247 1493 1438 1558 oecumenica

339 1586 566 1653 confirmatum
581 1592 762 1658 auatltetna.
780 1593 820 1658 lit
835 1594 916 1656 itanc
931 1610 1065 1673 pergens
1080 1595 1164 1656 rum
1179 1593 1310 1660 Carens
1330 1609 1438 1656 uum

338 1687 468 1764 putarit
485 1691 660 1754 sustollere
680 1691 920 1756 ditiicoltatam=
944 1694 1002 1758 nisi
1022 1694 1110 1775 qnod
1132 1697 1200 1773 ipse
1220 1693 1264 1756 oia
1285 1693 1367 1756 laune
1385 1691 1440 1769 upi-

337 1786 466 1852 ninnetn
482 1807 545 1854 nou
568 1791 646 1854 aldit
665 1805 777 1857 contra
793 1812 828 1856 se
849 1795 1049 1874 insurgentes
1063 1813 1126 1859 nou
1141 1793 1248 1858 solnm
1266 1791 1438 1858 Facundum

339 1887 586 1968 etLiberatum,
608 1893 665 1978 qul
687 1895 779 1974 ajunt
796 1894 863 1974 jam
885 1895 927 1958 ait
940 1913 1023 1958 anno
1044 1887 1111 1962 544-
1132 1895 1263 1960 ouantem
1282 1895 1439 1974 seposita·

338 1987 595 2071 luisseOrigeuis
609 1998 843 2074 coemtionem,
857 2005 1004 2076 utsupra
1018 1996 1140 2061 dictum
1154 2003 1216 2073 est3
1230 2013 1347 2058 rernm
1359 1995 1440 2058 etiam

341 2090 477 2168 genuina
494 2089 601 2174 vigilii
615 2101 647 2158 et
667 2092 839 2162 iustiniani
853 2098 988 2177 scripta,
1003 2104 1036 2162 et
1055 2107 1127 2162 acta
1147 2095 1268 2182 Spnodi
1285 2093 1325 2160 li.
1339 2095 1439 2160 adrer-

337 2205 395 2255 ιιι
414 2213 449 2258 ιι
469 2196 663 2262 contendero
682 2198 887 2263 incessanter.

421 2293 497 2359 Post
518 2295 610 2376 haec,
645 2297 863 2380 undequaque
883 2297 1033 2364 discussis
1063 2298 1313 2364 circumstantiis
1333 2299 1365 2362 io
1390 2295 1441 2360 itae

314 2443 315 2446 =
340 2395 485 2476 Epistola
506 2399 574 2462 sire
598 2392 753 2464 Tractatu
775 2397 946 2465 iustiniani
966 2400 1006 2462 ed
1032 2398 1183 2463 llenuam
1203 2399 1362 2464 adversus
1378 2395 1441 2462 Ori·

340 2515 466 2580 penem,
488 2509 557 2564 tum
572 2501 679 2581 quoad
696 2519 847 2582 personas
869 2500 1108 2566 baereticorum
1125 2501 1156 2562 in
1174 2500 1238 2564 lanc
1252 2509 1388 2578 notatas,
1405 2499 1441 2562 ai·
1510 2480 1511 2572 Ῐ

338 2616 381 2662 re
402 2600 509 2678 quoad
540 2602 707 2682 episcopos
727 2603 853 2679 citatos,
883 2619 942 2682 sen
962 2601 1071 2684 quoad
1094 2609 1231 2682 tempus,
1254 2621 1322 2683 qno
1349 2601 1442 2664 editas

339 2699 415 2776 luit,
439 2701 510 2766 talis
530 2709 795 2782 repraesentatur
823 2703 926 2780 uobis,
959 2711 997 2766 ut
1017 2702 1145 2766 dicatur
1165 2702 1332 2783 (quisquis
1353 2699 1442 2764 inerit

337 2802 476 2880 auctor)
497 2801 761 2884 interpolationes
783 2811 889 2868 umen
911 2810 1022 2882 postea
1042 2802 1195 2876 subiisse,
1216 2811 1250 2865 et
1269 2799 1440 2864 Justioiaue

336 2901 510 2982 inscriptus
533 2902 572 2964 ad
588 2904 790 2968 auctoritatis
806 2912 1024 2984 angmentum.
1040 2901 1118 2978 Seu,
1134 2910 1173 2966 ut
1186 2900 1386 2966 luculentius
1404 2901 1444 2961 in·

332 3021 450 3085 ‚qnam‚
466 3003 518 3069 nte
533 3001 704 3069 Tractatna
718 3007 805 3070 circa
817 3022 937 3068 annum
952 3002 1022 3070 538.
1038 3005 1080 3068 ab
1095 3004 1255 3084 Antipatri
1275 3001 1388 3066 libello
1398 3017 1443 3062 ιι·

337 3113 446 3186 peetus
465 3113 525 3186 eat,
540 3117 574 3172 et
597 3105 781 3188 Epitraetnu
805 3106 1019 3184 Antiocheno,
1039 3107 1134 3171 sicuti
1157 3104 1292 3171 inierint
1311 3106 1441 3176 dicetur,

335 3208 467 3274 oblatus
480 3212 636 3274 adserens
650 3210 809 3292 quosdam
822 3217 1046 3291 praesumptos
1061 3209 1240 3272 haereticos
1251 3207 1442 3286 origenistas,

335 3327 374 3372 ac
395 3312 569 3392 praecipue
584 3302 793 3375 Theodorum
806 3309 984 3376 Caesareae
1005 3308 1227 3390 Cappadociae
1249 3311 1439 3388 episcopum

331 3408 441 3486 Quem
460 3412 573 3476 deinde
592 3415 689 3476 trium
706 3411 933 3492 capitulorum
949 3408 1133 3474 detentores
1152 3409 1212 3472 sibi
1227 3408 1442 3472 adversarium

335 3515 475 3592 experti,
499 3513 585 3578 huno
604 3522 802 3577 assumentes
832 3509 1020 3574 Tractatum
1041 3527 1080 3574 ao
1101 3509 1330 3590 interpolantes
1349 3505 1445 3571 Justi·

332 3613 427 3676 niauo
448 3614 694 3693 inscripserunt,
727 3612 846 3696 Syoudi
871 3610 910 3675 tt.
931 3613 1011 3676 actis
1032 3612 1193 3675 intrusum
1222 3611 1286 3674 snb
1305 3608 1442 3689 ejusden

335 3713 544 3796 imperatoris
561 3717 700 3778 nomiae:
723 3717 801 3795 quio
819 3722 924 3778 tamen
945 3713 1126 3793 antilogias,
1148 3713 1180 3776 iu
1194 3703 1443 3791 uuasuocurris·

330 3824 414 3892 sent,
437 3816 653 3892 intenderent,
676 3817 724 3880 uti
745 3833 849 3894 nuper
870 3815 1078 3877 ostendimus.
1101 3811 1262 3892 Georgius
1282 3809 1441 3873 Cedrsnas

328 3917 372 3983 ita
401 3916 487 3980 nunc
509 3918 676 3981 iuscaiititc
701 3937 718 3976 r
739 3914 878 3978 Litterae
897 3910 1078 3978 ,lastiniani
1096 3910 1296 3992 imperatorie
1313 3909 1356 3972 nd
1375 3923 1442 3971 ιιι·

326 4028 414 4086 ¹ctam
431 4015 592 4097 spondam
605 4016 987 4096 constantinopolitanum
1007 4015 1043 4078 de
1060 4011 1192 4093 Ora‘pene
1210 4022 1238 4075 et
1250 4007 1443 4076 ιιιιιιοιιὸιι

327 4120 394 4202 ejus
417 4129 474 4182 etc.
497 4118 578 4184 item
600 4121 732 4184 eruitur
762 4139 803 4182 ex
826 4117 944 4182 Codice
966 4115 1067 4195 Regio
1094 4111 1185 4180 1935.
1208 4115 1265 4178 ulii
1284 4111 1439 4177 iudicatur

330 4221 534 4288 constituisse
555 4229 680 4303 partem
701 4228 853 4288 actorum
873 4215 1019 4300 ejusdem
1039 4213 1158 4298 synodi
1181 4211 1221 4294 li.
