3186 4946
1200 401 1242 476 hi

117 503 165 582 cl,
187 507 318 572 occulta
332 506 468 570 illorum
483 509 639 587 germina,
657 505 755 572 hrlus
769 517 801 574 et
817 507 974 586 Achillas,
996 514 1028 574 el
1043 507 1170 592 relique
1182 514 1240 575 im·

119 610 254 688 plorum
286 611 356 674 istis
389 611 635 674 adhaerentium
666 608 876 674 turbs.sab
897 611 959 675 hoo
989 629 1066 675 sana
1096 613 1243 677 studioso

119 710 193 774 aru
213 728 468 790 praecursorum
484 729 583 775 censu
597 729 662 774 nou
677 721 747 774 erat
762 712 803 774 ab
819 712 1012 776 Alexandro
1026 714 1242 778 amovendum

118 813 273 894 origenis
295 831 432 893 nomcu;
454 814 493 888 si,
517 822 554 876 ut
576 812 703 877 Auctor
725 815 810 878 vitae
832 814 920 878 Petri
943 817 1132 896 praesumit,
1149 817 1241 897 pravi

121 915 284 994 dogmatis
307 914 484 977 tabrtcator
497 915 612 978 luisset
632 915 800 996 Origenes,
817 933 855 980 nc
870 916 940 978 hril
957 929 1162 998 nuncupatos
1178 933 1244 981 ma-

122 1021 237 1098 gister.
259 1015 479 1081 Nihilominus
502 1019 701 1092 Alexander,
724 1020 781 1100 qui
805 1026 890 1082 tanta
913 1037 930 1081 a
956 1019 1052 1083 Petro
1073 1021 1246 1084 audiverat

123 1123 166 1182 tle
187 1120 330 1198 Origene
355 1121 545 1200 praesertim
568 1122 672 1185 relate
692 1122 731 1184 ad
747 1119 845 1186 Verbi
867 1122 1244 1200 consubstantialitatem,

123 1223 227 1304 ipsius
249 1241 366 1285 nomeu
386 1225 524 1286 semovit
544 1224 584 1288 ab
607 1225 864 1300 haeresiarchis,
887 1224 942 1304 qui
964 1225 996 1286 iu
1019 1223 1162 1288 Verbum
1185 1223 1244 1290 Dei

125 1325 408 1406 blasphemarunt.
423 1323 507 1389 ilinc
528 1335 641 1406 aperte
663 1326 831 1391 relutatur
851 1326 890 1389 de
905 1326 989 1388 beati
1011 1325 1099 1390 Petri
1122 1329 1186 1390 vita
1203 1327 1247 1391 Α·

124 1437 261 1490 ctorum
283 1428 484 1491 auctoritas:
516 1445 624 1507 eoque
644 1426 744 1509 magls
765 1426 852 1507 quod
887 1443 946 1490 uec
967 1423 1167 1508 Theophilus
1187 1445 1247 1491 nec

124 1525 349 1609 Hieronymus
363 1527 458 1591 talem
468 1527 617 1608 Orlgenis
633 1527 858 1592 adversarium
873 1531 1082 1591 memorarint
1098 1527 1243 1592 Petrum.

214 1627 350 1712 lusaper
366 1631 467 1711 probe
488 1631 565 1694 tliclt
586 1628 738 1694 Valesius
752 1631 792 1694 tle
808 1629 998 1707 Athanasio,
1021 1632 1077 1709 qul
1092 1630 1174 1693 banc
1190 1648 1247 1692 uo·

125 1741 194 1794 tana
218 1733 373 1812 transegit
399 1731 438 1794 tle
466 1729 618 1812 Origene.
655 1729 746 1796 Tunc
771 1732 855 1795 enim
888 1731 1043 1795 diaconus
1067 1729 1246 1794 Alexandri

129 1833 304 1896 lumiliaris
333 1840 366 1896 et
386 1833 590 1896 consiliarius
615 1832 708 1896 valde
739 1833 921 1896 elaboravit
951 1831 1108 1895 adversus
1131 1829 1247 1895 Arium

126 1935 344 2000 Albaussiuss
368 1935 422 1997 cul
436 1953 532 2011 sane,
555 1941 592 1998 nt
607 1934 691 1997 lulra
713 1933 853 2010 dicetur,
872 1939 946 1995 uota
968 1939 1061 1995 eraut
1075 1939 1107 1995 et
1127 1932 1247 1996 doctri·

128 2055 168 2098 na
193 2043 226 2098 el
248 2037 366 2115 scripta
388 2035 557 2116 Orlgenis3
589 2041 623 2098 ct
654 2034 794 2116 amplius
827 2033 979 2097 oculatus
1007 2049 1121 2095 eorum
1146 2031 1246 2110 testis,

127 2154 217 2218 quae
240 2136 324 2200 lacta
345 2145 421 2199 sunt
448 2136 509 2201 sub
531 2135 721 2200 Alexandro
754 2137 906 2215 episcopo
938 2138 970 2196 et
991 2131 1248 2197 antecessoribus
1297 2219 1301 2228 ι

126 2241 211 2302 auis.
233 2235 452 2301 Nihilominus
474 2256 537 2300 uon
554 2245 679 2301 lantum
691 2238 778 2312 silet,
796 2255 880 2316 quae
895 2235 934 2298 tle
954 2233 1095 2314 Origene
1116 2251 1250 2298 uerren-

128 2345 189 2400 tur
209 2337 241 2398 iu
263 2336 416 2417 praelatis
437 2355 462 2400 s.
487 2335 572 2400 Petri
595 2336 707 2418 helis3
732 2353 848 2400 rerum
870 2335 966 2399 etiam
988 2337 1021 2399 iu
1055 2334 1191 2416 epistole
1212 2333 1250 2396 tis

130 2434 270 2517 Synodls
291 2455 322 2500 u.
343 2435 394 2504 16.
416 2438 541 2502 litteras
562 2444 734 2512 memorat,
756 2455 839 2517 quas
853 2437 957 2501 ariani
979 2435 1170 2501 Alexandro
1192 2435 1250 2497 mi-

127 2547 266 2620 serunt3
289 2537 344 2602 ubi
365 2541 509 2603 citantur
529 2547 655 2603 veteres
676 2539 863 2619 scriptores,
886 2537 943 2619 qui
964 2537 1141 2618 sullragarl
1164 2537 1251 2601 sitle-

129 2639 254 2704 bantur
272 2658 387 2704 eorum
410 2640 577 2721 impietati.
603 2639 637 2704 ln
658 2641 720 2704 hoc
746 2647 850 2704 tamen
865 2657 1003 2704 numero
1024 2641 1148 2720 pariter
1168 2638 1251 2703 tlesl·
1365 2663 1375 2686 ι

128 2741 270 2806 deretur
290 2740 441 2823 Orlgenis
463 2759 589 2806 nomeu.

213 2841 389 2907 Praeterea
405 2851 516 2908 contra
539 2845 758 2908 narrationem
774 2862 816 2906 ex
834 2843 1048 2924 praesumptis
1065 2842 1153 2906 hetia
1175 2861 1251 2906 eru·

133 2952 200 3005 tam
220 2943 263 3007 ds
291 2939 440 3025 Origeais
461 2945 648 3021 erroribus,
672 2943 757 3008 untla
779 2945 921 3008 haeresis
943 2946 1054 3007 arisua
1076 2942 1251 3025 germines·

130 3062 165 3106 se
188 3042 324 3118 dicitnr,
347 3045 486 3124 ideoque
507 3043 696 3108 arianorum
718 3041 817 3108 Potor
832 3053 980 3118 vocatus,
1000 3043 1174 3108 admodum
1191 3061 1250 3124 pu·

134 3149 223 3222 gual,
239 3143 326 3224 quod
349 3139 470 3224 legitur
482 3146 568 3225 eputl
585 3143 800 3211 Soaomeuum
822 3145 853 3209 in
868 3144 968 3209 Libro
985 3142 1010 3208 l.
1028 3142 1109 3210 lllst.
1125 3143 1249 3209 Eccles.

134 3263 162 3307 c.
189 3241 259 3307 XV.
284 3242 349 3320 Qui
369 3244 542 3325 Origenem
564 3245 671 3327 hujus
685 3247 857 3328 lmpietatls
872 3247 1117 3326 suspicatorem
1137 3245 1251 3311 exclu-

134 3343 225 3419 dens,
249 3343 289 3408 de
311 3345 391 3408 llrio
412 3345 456 3407 ita
477 3345 589 3410 scribit
599 3367 612 3426 3
630 3366 646 3406 o
662 3343 726 3409 lste
747 3364 822 3411 oum
844 3347 969 3426 primus
990 3346 1170 3411 subtilitate
1189 3345 1252 3410 tlis-

132 3443 261 3507 serendi
282 3445 446 3508 excellens
479 3446 517 3508 atl
541 3446 705 3526 opiniones
728 3455 792 3510 tom
828 3446 985 3510 absurdas
1017 3447 1168 3528 delapsus
1189 3453 1250 3522 est,

133 3547 194 3621 uti,
218 3547 306 3626 quotl
329 3565 493 3626 nunquam
516 3558 589 3612 ante
604 3567 621 3612 a
637 3567 803 3629 quoquam
828 3548 951 3612 dictum
969 3549 1090 3625 lueret,
1114 3565 1176 3611 non
1200 3567 1252 3612 te·

136 3655 269 3710 reretur
289 3648 320 3709 io
342 3645 487 3712 Ecclesia
511 3651 617 3730 palam
639 3649 780 3713 ehcrre:
811 3651 963 3713 nimirum
986 3647 1106 3712 Filium
1129 3647 1186 3712 Dei
1209 3668 1252 3712 ex

134 3747 237 3810 nihilo
259 3757 369 3811 ortum
391 3767 481 3826 esse,
505 3759 630 3829 tempus
652 3752 750 3814 luisse
772 3751 905 3830 quoodo
930 3768 993 3812 non
1015 3757 1109 3812 erat:
1133 3769 1194 3813 suo
1214 3751 1254 3812 li·

134 3849 214 3911 bero
236 3850 373 3913 arbitrio
395 3851 462 3914 vitii
484 3859 516 3914 et
538 3853 668 3916 virtutis
690 3869 840 3932 capacem
863 3870 957 3928 esse,
980 3851 1147 3916 eonditum
1169 3871 1251 3930 esse,

134 3949 261 4013 lactum
283 3969 364 4028 esse,
387 3961 484 4016 etc.»

213 4048 372 4126 Quamvis
396 4071 475 4117 voro
494 4051 705 4128 Soaomenus,
721 4058 758 4114 ut
779 4051 823 4114 ait
844 4049 1067 4130 Comhellsius,
1089 4052 1251 4134 quaedam

135 4161 227 4216 notet
246 4152 286 4216 tle
301 4153 383 4222 hrio
404 4155 580 4219 narrationi
595 4153 711 4220 similla
733 4152 837 4216 lectae
857 4152 889 4214 lu
909 4153 999 4216 hctis
1019 4172 1047 4218 s.
1070 4152 1177 4232 Petri3
1207 4161 1253 4217 ta·

136 4257 350 4323 manumittit
372 4256 545 4322 lleraolam
568 4263 601 4320 et
621 4253 825 4320 Demetrium
848 4255 1039 4321 tentationes
1060 4255 1250 4320 sustinuisse
