3042 4940
83 461 162 539 Atii,
178 460 338 541 Ennnmii,
364 463 560 544 bianodnnii,
585 465 794 546 Apollinaris,
810 463 963 543 noterit,
981 463 1189 551 Eutyeietue

81 565 204 629 atinde
225 566 264 630 ud
289 564 502 632 'ibeodnnum
524 577 786 649 mepananteunna
809 574 960 648 pergeret
977 569 1047 631 nito
1066 567 1106 630 ad
1129 565 1191 632 tuin

82 663 235 747 Capitnia.
269 666 401 744 Quibus
420 669 537 736 aeduin
570 670 735 747 tractatio,
758 670 860 736 veluti
880 670 912 734 in
938 669 1120 750 argumenti
1139 668 1191 736 etti

76 773 333 851 oomequentiam
353 772 481 836 subdita
500 793 516 833 a
533 772 580 836 ite
604 775 653 838 bie
672 793 707 837 ee
730 771 942 848 habentibus,
965 771 1190 852 perspeximus

76 877 107 934 et
126 869 273 952 Cupituia
294 891 489 955 supponere,
509 875 628 956 quibua
654 883 717 940 tam
740 883 848 940 uentae
869 873 942 940 idei
963 873 1190 952 conpendium

77 975 240 1050 unnieeeio,
262 992 361 1055 quam
382 976 623 1042 baereticorum
649 976 874 1042 condemnatio
895 975 1089 1039 continetur.
1103 993 1122 1034 o
1137 973 1191 1040 Ex

77 1089 137 1153 qua
149 1078 373 1156 oompendioau
387 1077 598 1155 ueniendum,
609 1077 640 1143 ai
652 1075 800 1160 pudeatne
813 1074 1058 1142 umbemntizet
1071 1073 1190 1140 Artem

76 1172 278 1254 Exeundum,
296 1176 532 1254 Macedonium,
560 1177 794 1264 Apollinarem,
818 1175 1013 1253 Nestorium,
1037 1175 1191 1257 neapote-

73 1285 130 1341 tm
146 1288 175 1342 et
194 1297 255 1356 toa,
279 1278 338 1360 qttt'
356 1279 477 1346 aintiit'e
488 1281 622 1364 eupiunt
639 1283 688 1345 uei
707 1287 904 1363 tepuerunt,
925 1279 1003 1344 tuit'a
1022 1280 1190 1346 ottutbmn

75 1373 125 1451 n't,
135 1381 286 1460 sequitui·
299 1383 490 1460 nauemario,
497 1383 577 1466 jorn
590 1383 631 1446 ab
644 1402 683 1448 en
699 1384 842 1466 eapituin
856 1382 907 1446 tei
919 1399 1042 1456 nannne
1055 1383 1190 1450 excindi

75 1477 215 1560 Oripeuie
235 1499 366 1562 mmun,
388 1503 462 1548 num
483 1493 577 1550 antea
599 1487 630 1550 in
651 1486 794 1566 generali
816 1485 1012 1550 dinonatiune
1033 1483 1188 1552 Juatinia·

76 1596 134 1645 una
147 1601 204 1646 neu
228 1583 317 1649 buno
334 1585 498 1663 iudicarit,
520 1605 626 1668 neque
646 1587 791 1669 ejusdum
815 1586 965 1668 dogmata
983 1587 1186 1666 expenderit,

72 1699 126 1746 neo
144 1685 332 1750 confutarit.
364 1685 406 1751 Et
427 1691 470 1752 ita
491 1689 605 1754 deiude
625 1689 658 1754 in
687 1690 804 1754 ueteris
824 1689 987 1770 capitulio,
1019 1687 1186 1768 Nestorii),

74 1781 248 1869 Eutpnbeto
268 1798 303 1854 et
324 1789 421 1853 trium
444 1789 672 1872 Capituiornm
686 1791 911 1856 defensoribus
931 1790 1036 1854 citatis
1056 1801 1088 1855 et
1109 1809 1186 1856 ana·

76 1887 296 1966 thematinatie,
320 1893 428 1956 omisit
455 1891 605 1975 Origenie
625 1910 761 1972 nomen3
793 1901 831 1959 nt
851 1893 975 1959 enuntio
997 1891 1187 1974 patefierent

73 1989 103 2052 in
121 2007 158 2054 eo
177 1993 324 2072 eapitulu
346 1994 397 2057 tei
418 2011 541 2059 meone
560 1992 709 2077 Oaipanin
730 2011 887 2076 portenae
907 1994 1058 2071 intrusio,
1086 2001 1119 2060 et
1138 1993 1187 2058 in·

74 2095 274 2173 terpotatorie
296 2094 451 2162 calumna-

145 2195 224 2261 itam
246 2198 280 2260 iu
304 2200 460 2279 propositi
482 2198 757 2266 confirmationem
786 2197 961 2264 deduoitnt·
989 2198 1185 2267 nCoilaiiu·

74 2313 111 2359 ne
130 2293 214 2361 viti.
246 2298 391 2384 synodi,
415 2301 470 2364 nbi
499 2302 611 2366 Patren
640 2300 1121 2382 inquinataedoudemuamna
1152 2307 1186 2366 et

74 2398 375 2466 anathematizamus
389 2421 453 2467 nnn
470 2419 545 2468 oum
560 2402 709 2468 omnibns
724 2402 906 2480 baerettete,
921 2404 978 2484 qni
994 2402 1185 2468 eundemne·

74 2496 94 2558 tt
111 2509 182 2563 nunt
202 2502 409 2584 apraedietia
429 2513 575 2585 quotuor
593 2501 730 2588 Synodia
750 2511 783 2568 et
797 2521 814 2568 u
829 2512 939 2570 saneta
960 2504 1128 2571 Catholioa
1150 2509 1184 2569 et

73 2597 250 2682 Apontoiioa
274 2603 431 2684 Euoleaia,
452 2614 486 2671 et
506 2604 729 2682 Theodorum,
744 2608 801 2687 qui
824 2605 1042 2689 biopeueatiae
1061 2605 1185 2688 epiton-

73 2719 126 2782 pna
145 2705 218 2784 init,
240 2711 275 2770 et
302 2707 398 2788 inpia
419 2708 491 2790 eina
516 2709 710 2790 conscripta,
733 2717 767 2774 et
786 2705 983 2774 Tbeodoreti
1003 2705 1129 2790 Scripta
1151 2715 1185 2773 et

74 2797 141 2867 ibae
156 2804 346 2888 Epietoiam.
364 2827 383 2867 n
398 2805 492 2886 Quae
506 2809 612 2873 omnia
634 2808 692 2891 ipsi
715 2806 829 2874 Patren
848 2809 955 2888 (aienti
975 2809 1131 2890 leguntur
1150 2811 1183 2874 in

73 2900 270 2974 Gonieeaione
298 2907 471 2976 iustiniani
504 2910 655 2990 oapitniie
689 2911 943 2992 numpnebeuen)
968 2910 1097 2976 decreta
1126 2911 1186 2976 ite·

73 3016 169 3074 tantm
189 3017 337 3091 quatuor
364 3011 569 3094 synodorum
590 3012 748 3078 adtereue
778 3013 967 3078 enuuointne
987 3013 1180 3092 baeretioea,

73 3104 247 3189 firmarunt,
264 3111 346 3176 iliud
368 3115 508 3179 maxime
527 3113 648 3190 intuiti,
665 3114 784 3196 nequid
806 3115 1024 3179 enuntiouibue
1038 3122 1184 3197 quatuor

72 3213 324 3290 praecedentium
354 3213 560 3300 synodorum
581 3224 614 3280 et
634 3216 823 3296 praeeenim
845 3216 1106 3282 chalcedonensia
1126 3217 1182 3283 de·

73 3323 221 3394 meretur,
242 3323 302 3382 aut
321 3314 510 3395 adderetur,
527 3317 870 3395 anathematizatione,
885 3317 942 3398 qni
963 3314 1039 3381 ibae
1053 3315 1181 3397 Epistu-

71 3412 128 3479 lam
141 3417 180 3482 nd
198 3417 331 3497 diatim,
346 3415 556 3484 Theodotum
577 3423 837 3500 mopsuestenum
852 3435 928 3483 enm
940 3419 1008 3484 auin
1021 3418 1126 3494 iibnia,
1146 3423 1182 3482 et

71 3511 186 3599 nepo
207 3517 404 3586 noemma
424 3520 582 3586 nomint
604 3519 705 3586 cotue
725 3520 773 3586 uu
796 3520 955 3585 cottona
976 3520 1113 3602 pronae
1138 3517 1180 3584 at
1214 3590 1223 3598 ,
1351 3485 1355 3495 ’

72 3617 174 3684 eadem
194 3619 339 3706 synodo.

141 3719 320 3806 iineueqne
332 3724 374 3790 de
394 3724 474 3790 nette
491 3723 610 3810 synodi
622 3721 663 3790 V.
683 3741 701 3787 n
720 3723 1021 3805 quibnemaniieate
1039 3727 1178 3799 nunaut,

70 3819 232 3904 Origenem
246 3844 305 3891 neo
316 3825 357 3889 ab
367 3844 405 3891 on
420 3845 488 3892 enee
499 3827 628 3913 Synodo
643 3827 777 3891 citatum
791 3825 1060 3892 mandamentum.
1077 3823 1179 3888 Modo

71 3921 254 3990 documenta
273 3927 410 3992 subeant
431 3929 529 4012 boine
549 3939 583 3993 et
600 3929 803 3996 nuoeeeeiuue
823 3928 937 3992 uetatie
966 3925 1177 4007 antiptorum,

71 4027 120 4103 qni
140 4026 236 4109 bojon
251 4026 370 4110 synodi
392 4037 479 4110 genta
501 4033 743 4094 memorarunt:
760 4033 799 4092 ut
817 4026 859 4089 ab
877 4027 926 4090 iaia
941 4025 1091 4090 firmetur
1111 4041 1178 4088 am·

69 4123 146 4201 plina
158 4126 306 4210 Origene
320 4129 459 4194 intrusio
478 4132 510 4194 in
532 4129 713 4211 praufetum
735 4145 903 4205 annonem,
919 4145 978 4191 neo
1000 4125 1074 4192 iden
1094 4126 1179 4192 intet-

71 4219 173 4294 Pntroa
181 4228 236 4397 'del
246 4233 320 4397 ipless
337 4230 535 4313 disputatum
550 4249 630 4298 eene.
645 4232 694 4297 Ae
714 4229 844 4296 interim
864 4229 958 4296 tuido
977 4233 1090 4392 noega
1104 4243 1179 4308 pro·

205 4349 222 4393 0
238 4377 246 4395 .
318 4379 325 4396 .
