3048 4946
332 463 526 542 quaerentes
546 460 688 527 amisisse
708 459 873 540 eoelestia,
895 459 968 526 bdei
982 458 1228 528 chalcedonensi
1248 457 1430 540 retragatos

331 560 468 645 Etonia
490 581 633 644 unquam
656 564 732 628 talia
753 563 880 628 audivit
899 562 932 626 iu
945 561 1091 629 Ecclesia
1112 563 1244 638 Gbrlsti,
1260 559 1434 642 septuagin-

332 671 365 728 ta
388 670 420 728 et
441 665 579 745 amplias
599 665 767 745 episcopm
788 681 851 728 nou
871 665 973 729 semel
992 664 1047 729 sed
1069 663 1116 729 bis
1137 673 1250 728 eontra
1272 664 1430 743 proprian

335 774 449 830 euntes
471 766 711 830 convictionem·
726 767 758 828 in
779 783 815 829 re
836 772 900 828 tam
921 766 1012 846 gravi
1035 765 1238 847 reprobasse,
1259 763 1350 845 quod
1373 761 1436 825 inti·

336 885 390 932 me
410 868 570 942 tenebant,
586 873 617 931 et
639 867 700 930 boe
721 866 763 930 ob
787 865 941 946 Principis
957 865 1180 947 indignationis
1202 863 1356 928 metum?
1376 861 1437 928 llu-

330 968 474 1052 jusmodi
489 967 637 1049 proiecto
652 967 923 1054 pusillanimitatis
938 968 1124 1048 exemplum
1139 967 1171 1031 lu
1185 967 1321 1032 historia
1335 964 1438 1028 llcele·

332 1072 399 1135 siae
420 1071 625 1150 peregrinum
643 1085 749 1144 nemo,
771 1069 926 1143 arbitrer,
949 1069 1120 1131 admittere
1151 1066 1251 1130 retii:
1274 1066 1436 1146 praeclare

201 1211 212 1236 a
333 1171 437 1236 sciens
458 1180 581 1251 quanto
602 1177 715 1232 contra
737 1168 793 1233 bas
808 1169 1061 1234 insimulationes
1081 1167 1190 1232 studio
1211 1175 1304 1230 antea
1326 1167 1359 1228 in
1387 1164 1439 1230 lu·

335 1269 442 1341 dicato
463 1270 577 1334 deinde
592 1270 623 1333 tn
637 1268 819 1334 Constituto
841 1269 1015 1334 novissimo
1030 1267 1216 1332 inclamarit
1237 1265 1387 1348 vigilius,
1408 1271 1436 1328 et

334 1389 411 1435 eum
431 1389 474 1434 eo
496 1369 708 1434 lastinianus.
734 1368 923 1433 inclamavit
949 1368 1163 1445 lustinlauus,
1193 1369 1253 1449 qni
1272 1370 1305 1431 ia
1327 1365 1436 1432 Farina

335 1489 447 1538 eoram
472 1469 620 1534 Patribus
635 1470 782 1533 adunatis
801 1471 950 1550 legenda,
965 1471 1102 1550 ingenue
1124 1471 1260 1544 tutetur,
1282 1470 1432 1551 iuquiens

410 1593 433 1632 a
450 1568 516 1634 noa
537 1561 820 1652 igiturseqoente's
843 1569 966 1644 Patres,
989 1578 1021 1634 et
1038 1571 1180 1634 volentes
1201 1578 1325 1634 metam
1347 1571 1434 1633 iidem

337 1674 404 1739 sine
424 1672 534 1752 aliqua
558 1670 685 1735 macula
707 1672 739 1732 iu
755 1667 812 1734 Dei
834 1671 977 1734 eeclesiis
998 1672 1190 1752 praedicuri,
1212 1680 1246 1736 et
1268 1672 1436 1752 impiorum

335 1789 484 1836 resecare
512 1780 678 1848 conatum,
700 1772 841 1849 primum
871 1773 1015 1853 quidem,
1039 1780 1072 1835 et
1101 1773 1133 1835 in
1156 1773 1271 1858 restris
1292 1772 1435 1853 degentes

334 1873 490 1950 ecelesiis,
519 1874 791 1952 interrogavimus
822 1874 862 1936 de
883 1875 1056 1956 praedictis
1084 1875 1187 1940 tribus
1216 1873 1435 1956 Capituliuet

336 1984 480 2040 restrum
496 1974 697 2039 voluntatem
710 1975 800 2039 uobis
816 1975 1017 2040 monitantem
1032 1976 1168 2055 iecistis3
1189 1994 1250 2057 pro
1270 1994 1336 2056 qua
1357 1993 1434 2039 cone

335 2076 546 2157 probavimus
560 2075 648 2157 qnod
666 2076 885 2142 indubitanter
898 2085 931 2140 et
945 2095 1021 2140 cnm
1037 2081 1124 2141 omni
1139 2077 1310 2142 alacritate
1323 2085 1435 2142 rectam

337 2176 433 2240 tidem
453 2176 693 2249 eoobssieslis,
715 2184 748 2240 et
768 2179 899 2257 impiam
920 2176 1164 2242 condemnastis.
1181 2176 1342 2256 Quoniam
1365 2193 1435 2240 sere

334 2286 367 2342 et
389 2286 459 2358 post
474 2277 803 2341 condemnationema
821 2277 1062 2354 nobistaetarn,
1080 2279 1113 2342 iu
1133 2278 1253 2342 eisdem
1274 2278 1351 2360 ipsis
1371 2293 1436 2356 per·

334 2387 464 2442 manent
484 2378 615 2458 quidam
636 2377 751 2442 eodem
771 2377 866 2455 impia
891 2379 952 2441 tria
973 2377 1125 2460 Cepitula
1141 2379 1350 2455 vindicantes,
1371 2377 1435 2440 ides

336 2481 524 2544 vocavimus
540 2498 596 2543 sos
611 2479 650 2542 ad
667 2481 786 2560 regiam
802 2477 934 2556 Urbem,
954 2482 1120 2545 bortantes
1133 2481 1351 2546 communiter
1371 2497 1440 2542 eoa

338 2581 513 2655 uenientes,
537 2599 634 2662 quam
657 2581 779 2645 bebetis
801 2599 860 2661 pro
883 2584 930 2647 bis
949 2583 1148 2646 uoluntatem
1170 2584 1291 2647 iterum
1314 2581 1437 2644 manile·

335 2690 434 2746 stare.
458 2678 576 2761 Vigiiio
597 2681 679 2744 cuim
702 2683 941 2763 religiosissimo
972 2681 1059 2762 Papa
1089 2683 1283 2764 antiquioris
1306 2682 1434 2754 llemae,

335 2801 412 2847 cum
433 2784 632 2865 pervenisset
652 2785 692 2846 ad
714 2784 796 2849 bane
818 2785 939 2866 regiona
960 2783 1206 2862 Civitatem‚'de
1229 2785 1336 2849 tribus
1355 2782 1440 2863 Capi

335 2885 414 2949 tuiis
428 2885 592 2950 subtiliter
602 2885 708 2950 omnia
723 2885 1010 2962 manitestsviuaus,
1023 2895 1055 2950 et
1070 2887 1343 2968 interrogavimus
1354 2903 1437 2959 eura,

335 2986 413 3067 quid
431 2985 469 3049 de
489 2986 552 3050 hee
564 3004 662 3051 eausa
684 2990 777 3068 sapit.
793 2985 833 3050 Et
846 2989 912 3068 ipse
925 3005 989 3050 uon
1004 2988 1117 3064 semel,
1133 3005 1198 3052 non
1212 2988 1262 3052 bis
1275 2987 1333 3052 sed
1345 2987 1435 3050 edens

334 3089 465 3168 saepius
485 3088 517 3151 in
537 3087 664 3176 seriptis
686 3088 968 3152 anathematizavit
989 3091 1085 3170 impia
1109 3091 1170 3154 tria
1192 3088 1393 3171 capitata.»

416 3184 557 3264 Quarto,
578 3188 671 3253 nobis
691 3190 824 3270 insuper
843 3189 998 3253 satisfacit
1023 3188 1167 3270 ejusdem
1187 3189 1361 3255 lastiniani
1380 3185 1440 3268 epi·

338 3286 423 3352 stola
438 3287 492 3365 (ex
512 3285 617 3352 Temo
639 3287 694 3352 lx.
710 3289 917 3353 Collectiouis
929 3289 1174 3384 =(lencilioruur,
1187 3298 1325 3356 curante
1344 3287 1433 3356 Card-

336 3387 509 3453 Passioueu
530 3406 561 3468 p.
583 3385 678 3468 591.)
708 3399 779 3470 post
800 3389 965 3474 Spuuduur
987 3393 1226 3456 oecumenicam
1249 3392 1368 3474 scripta
1387 3387 1436 3451 ad·

335 3506 452 3553 sersus
481 3490 653 3554 nonnullos
681 3491 789 3554 adbuc
811 3493 841 3553 in
868 3493 966 3556 trium
999 3491 1227 3573 capitulorum
1261 3492 1435 3557 detonsione

332 3596 512 3670 perstantes
525 3613 534 3654 ε
552 3591 605 3654 ubi
622 3591 701 3655 baec
716 3592 855 3656 notanda
870 3603 963 3657 sunt:
981 3593 1089 3658 elam
1103 3612 1183 3658 aero
1197 3612 1304 3675 quum
1316 3595 1348 3658 in
1362 3593 1435 3656 bane

232 3743 233 3746 ,
333 3691 523 3754 seutentiam
551 3691 758 3772 scripseritis,
780 3709 799 3756 a
820 3693 911 3758 nobis
931 3695 1103 3776 diligenter
1128 3701 1280 3760 curatum
1302 3711 1381 3770 esse,
1404 3697 1435 3754 at

334 3791 396 3852 triu
418 3789 498 3854 baec
518 3787 682 3872 Capituli,
703 3791 896 3858 Theodorus
916 3795 1041 3860 seilicet
1063 3812 1139 3860 cum
1153 3797 1282 3876 seriptis
1301 3795 1379 3869 suis,
1399 3789 1435 3854 ll·

330 3889 462 3972 pistola,
478 3909 563 3972 quae
577 3891 699 3957 dicitur
716 3893 803 3972 ibae,
819 3892 1081 3977 Theodoretique
1095 3899 1219 3978 pariter
1232 3895 1356 3978 Scripta
1370 3909 1435 3959 con-

306 3987 568 4056 demnarentur
592 3993 654 4058 boc
686 3995 806 4072 auimo,
833 4004 870 4060 ut
893 3997 1053 4061 voluntati
1085 4008 1217 4062 nostrae
1244 3999 1337 4064 lieret
1353 3995 1432 4064 satit,

331 4089 420 4170 quud
443 4090 622 4156 incredibili
636 4093 815 4175 cupiditate
837 4096 1098 4175 incenderemur,
1114 4107 1151 4162 ut
1173 4099 1214 4162 ab
1230 4097 1369 4162 Ecclesia
1380 4091 1430 4156 Ca·

331 4190 452 4258 tbolica
471 4203 724 4279 separarentur,
756 4199 939 4282 cognoscite
961 4199 992 4264 id
1024 4201 1152 4267 minime
1175 4219 1195 4266 a
1216 4199 1308 4268 nobis
1326 4197 1426 4264 eorum
