3138 4950
364 496 461 560 titolo
481 491 627 574 spuocur
646 493 991 576 constantinupolilune
1003 497 1181 564 metuo:
1199 497 1328 566 «Sede
1347 497 1466 566 insidiis

366 597 486 663 dioboli
501 619 509 660 ε
527 594 567 660 od
589 612 675 676 unse
695 604 729 662 st
748 607 869 679 quante
883 599 1031 680 quotidie
1050 607 1166 666 contre
1187 619 1244 666 uus
1264 602 1409 668 nomines
1426 603 1466 666 in·

364 696 499 778 surgit?
519 696 596 761 Post
615 697 819 778 aliquantum
834 704 918 766 cuim
941 702 1095 782 temporis
1115 702 1150 779 ii,
1170 703 1229 782 qni
1249 699 1373 768 lolisui
1395 703 1467 766 bsti-

363 799 525 863 cerosssei
539 799 699 864 haeresim
715 801 905 877 tuebuntur,
920 799 1116 880 lmperstori
1130 802 1267 866 seducto
1282 801 1468 884 persusdest

364 899 489 965 ecoelo
509 907 542 964 et
563 900 693 966 omuino
714 903 936 982 corruptionis
956 919 1075 983 expers
1095 889 1164 968 csse
1184 901 1305 970 Christi
1318 903 1399 969 lesu
1411 902 1467 968 bo

364 1002 442 1066 mini
463 1003 564 1066 nostri
585 1019 716 1082 corpus.
738 1002 923 1070 Convocsts
953 1006 1055 1086 igitur
1076 1007 1240 1071 bserctics
1260 1006 1403 1090 synodo,
1422 1024 1467 1072 ce

364 1102 489 1168 lebrem
511 1105 605 1168 illnm
626 1102 840 1190 Eutycbium
863 1105 921 1186 qni
937 1107 1018 1186 ipsis
1039 1125 1103 1170 uun
1124 1107 1361 1182 assentiebatur
1380 1107 1412 1170 iu
1429 1105 1467 1170 ti·

365 1205 499 1270 mesiam
520 1205 692 1272 exolutum
713 1207 863 1288 eblegets
894 1215 928 1272 et
947 1205 1106 1274 bosonem
1126 1209 1356 1274 nutiocbonum
1385 1209 1467 1274 mbo·

364 1307 528 1383 lustinum,
550 1309 608 1389 qni
630 1308 785 1388 impietati
813 1309 861 1372 itti
881 1308 1159 1392 adstipulubstnr,
1183 1313 1215 1376 tc
1234 1310 1355 1376 solium
1374 1309 1469 1375 eccle·

365 1408 433 1472 sice
453 1406 644 1492 byzuntinae
664 1409 845 1474 collocet.»

443 1509 591 1587 Interim,
623 1512 816 1593 priusquam
843 1511 1075 1580 discussionem
1097 1513 1256 1590 inermus,
1279 1529 1358 1578 num
1380 1509 1471 1578 lusti·

366 1610 481 1674 uiuuus
505 1617 536 1674 et
560 1630 636 1677 cnm
657 1631 697 1676 eo
722 1612 863 1693 episcopi
886 1630 1001 1678 revere
1024 1614 1150 1678 bssresi
1164 1612 1471 1694 upbtlturslorelurun

364 1710 658 1793 incorruptibilium
679 1713 896 1792 adhaeserint,
927 1715 1182 1797 praemittendus
1203 1723 1253 1780 est
1278 1715 1376 1782 edicti
1407 1733 1469 1780 seu-

364 1831 447 1891 sus;
468 1814 564 1894 cujus
584 1813 709 1878 etismsi
732 1815 905 1896 bucusque
931 1815 1140 1890 desideretur
1160 1816 1328 1896 integritus
1349 1818 1389 1880 ud
1411 1817 1470 1899 pls·

366 1932 440 1977 num
455 1917 502 1978 rci
518 1914 695 1993 notionem,
710 1923 852 1981 etlumen
867 1919 1006 1998 ingenue
1022 1919 1127 1982 istesr
1140 1936 1199 1984 uec
1213 1916 1406 1998 Euagrium,
1425 1936 1471 1982 ne

367 2032 432 2094 que
454 2013 675 2094 Eustutbium,
698 2035 757 2084 nco
777 2021 835 2099 qui
856 2017 1019 2084 Libellum
1039 2020 1232 2105 synodicum
1252 2022 1426 2101 commit,
1444 2039 1473 2084 e

365 2115 442 2181 dicti
465 2123 608 2180 tenorem
631 2118 924 2198 comprehendisse,
939 2120 1119 2201 quinimmo
1140 2120 1286 2198 lslsssse,
1302 2121 1343 2183 sd
1365 2121 1472 2184 beore-

365 2220 463 2282 ticsm
477 2220 739 2300 consequentium
762 2218 935 2287 iustiniani
961 2229 1101 2288 mentem
1130 2229 1370 2302 retorquentes.
1387 2221 1474 2288 Sunt·

367 2338 418 2385 me
440 2322 536 2385 edicti
559 2321 641 2386 bunc
669 2322 875 2402 preelerebet
895 2323 1098 2402 doetrinsm,
1122 2320 1245 2388 diristi
1266 2342 1383 2405 eorpus
1409 2332 1475 2388 usu

362 2421 619 2486 resurrectionem
641 2423 677 2486 cb
697 2422 846 2488 unionem
866 2443 940 2490 cum
969 2423 1062 2490 Verbo
1082 2425 1194 2490 diuino
1212 2427 1313 2509 [uisse
1337 2427 1476 2492 incorru-

359 2522 494 2603 ptibiler
512 2533 631 2600 tamen,
651 2523 720 2606 ipso
746 2524 837 2590 Verbo
859 2525 916 2590 Dei
932 2527 1141 2608 permittente,
1155 2527 1284 2594 subiisse
1303 2529 1477 2611 comunio-

365 2643 450 2700 nem,
466 2625 616 2706 proprios
638 2625 793 2692 nimirum
807 2637 943 2692 naturae
962 2629 1118 2695 numanae
1132 2627 1308 2713 offertiones
1327 2629 1394 2696 sice
1411 2649 1477 2712 pus·
1552 2627 1553 2684 ἶ

365 2727 467 2792 sionei
488 2727 598 2792 tulisse
611 2730 725 2811 ubsque
740 2739 877 2809 peccalo.
894 2731 958 2794 ulit
979 2751 1021 2796 cx
1045 2731 1195 2809 adverso,
1221 2729 1418 2820 Entpcbinm
1438 2729 1478 2796 b·
1552 2721 1553 2756 ¹

367 2833 526 2899 uestesins
535 2833 759 2910 antiochenus,
773 2831 927 2898 Leontius
938 2851 1014 2898 cum
1027 2837 1094 2898 suis
1121 2834 1271 2898 obsolute
1284 2835 1476 2908 omerebsm,

336 2999 341 3012 ,
370 2931 528 2998 Clurislum
557 2944 631 2998 culs
665 2933 924 2998 resurrectionem
953 2935 1188 3020 corruptibilem
1216 2942 1281 3000 sice
1303 2934 1477 3018 mutulos

364 3033 476 3114 luisse,
497 3053 562 3098 nnn
586 3045 689 3100 tumen
708 3037 878 3098 mundum
909 3033 1107 3100 diuinilolem
1116 3056 1133 3110 ,·
1155 3045 1183 3100 el
1203 3038 1346 3102 eumdem
1362 3037 1478 3119 puriter

367 3137 468 3218 [uisse
493 3135 730 3221 impossibilsm,
755 3155 864 3200 cerum
883 3156 948 3201 nou
977 3139 1149 3202 secundum
1178 3138 1426 3214 bumonitcseusJ
1446 3142 1479 3200 nt

369 3237 604 3303 concluderent
627 3236 806 3304 secundom
827 3239 932 3319 ipsum
964 3237 1183 3316 bnsstsslum,
1206 3241 1238 3303 io
1258 3239 1391 3306 Cbristo
1417 3239 1478 3304 beo

369 3346 402 3404 et
422 3339 554 3404 bomine
574 3339 673 3405 luisse
688 3339 868 3421 passionem
895 3340 1078 3404 naturales·
1098 3351 1126 3404 st
1150 3339 1443 3422 impartibilitatem.

450 3440 494 3506 Et
514 3443 594 3506 beec
613 3448 662 3506 est
682 3442 841 3524 opinionis
863 3441 1090 3522 discrepsnlic,
1114 3442 1199 3508 uude
1223 3443 1320 3508 valde
1340 3445 1478 3524 dispute-

372 3552 442 3610 tnm
462 3551 513 3608 est
532 3553 564 3608 et
584 3543 823 3608 conclsmstum
845 3549 957 3608 contre
978 3543 1197 3609 lustiuisunm
1218 3563 1365 3626 suosque
1385 3545 1481 3610 cousi·

367 3646 482 3710 linrios
504 3647 663 3725 primores
683 3643 896 3710 ecclesisrum
918 3644 1061 3710 Orientis
1082 3645 1251 3725 episcopos
1272 3649 1321 3710 uti
1348 3645 1482 3712 bssret'e

316 3799 320 3810 .
370 3765 439 3826 cos,
454 3753 488 3810 et
501 3747 533 3809 io
549 3746 673 3810 bucresi
688 3745 858 3810 defunctos
874 3745 1041 3826 suppliciis
1063 3746 1221 3811 multstos
1236 3749 1388 3812 setensis:
1401 3763 1482 3828 quse

369 3856 533 3929 postremo
556 3846 654 3911 verbs
676 3863 738 3910 non
759 3847 817 3910 nisi
838 3847 879 3910 sb
900 3846 1031 3926 ignobili
1053 3849 1316 3930 praesumptione
1337 3857 1480 3927 repetes·

370 3950 411 4012 ds
431 3955 518 4014 snut.
541 3946 763 4025 Quemobrem
783 3953 877 4011 entes
906 3949 1167 4015 contendentium
1188 3949 1310 4031 scripte
1330 3951 1479 4027 collirio

370 4063 427 4116 tor
446 4058 479 4116 ct
498 4051 723 4125 couterentur,
746 4058 783 4114 ut
804 4048 877 4113 inde
893 4057 1015 4132 petent,
1031 4067 1098 4131 uno
1117 4069 1213 4118 seusu
1235 4053 1391 4116 dictetum
1412 4049 1477 4112 loe·

370 4158 413 4218 rit
434 4160 467 4218 et
486 4159 656 4233 receptum
688 4150 857 4231 imperiale
878 4151 1020 4220 edietum
1042 4154 1080 4217 de
1102 4151 1344 4235 incorruptibili
1368 4141 1478 4215 cirus·

368 4273 496 4336 corpore
517 4263 589 4320 onte
609 4251 880 4320 resurrectionem.
