3186 4946
345 392 379 442 rr

346 497 381 570 in
403 494 505 572 vinea
524 492 667 574 Domini
689 493 896 573 laborantes
914 517 1022 596 quam
1050 497 1225 586 maxims,
1243 494 1336 574 bene'
1355 498 1434 576 nal·

345 624 461 722 deque
488 623 533 700 de
559 622 695 700 Christi
722 623 884 700 Ecclesia
912 625 1047 714 meriti,
1067 648 1180 724 usque
1207 627 1317 704 modo
1344 627 1434 704 celo·

346 751 511 827 brantur.

454 877 712 953 Verumtamen
739 902 831 978 opus
860 882 1043 978 inceptum
1070 879 1165 956 haud
1185 879 1292 956 silere
1319 879 1434 956 sinit:

346 1029 389 1080 ac
415 1007 619 1082 necessario
647 1018 698 1081 ut¹
715 1006 810 1081 ultra
840 1008 1123 1104 progrediamur,
1151 981 1371 1104 praemissae
1399 1007 1435 1082 in

346 1133 464 1232 prima
492 1146 601 1234 atque
629 1135 744 1210 altera
771 1133 879 1209 Parte
906 1131 1148 1210 discussiones
1166 1157 1187 1210 a
1207 1132 1310 1209 nohis
1337 1133 1435 1210 istud

345 1274 540 1360 repetunt3
575 1263 681 1340 aliter
713 1284 881 1338 mancum
911 1261 1015 1338 haret
1042 1283 1161 1359 opus,
1202 1260 1434 1360 incertusque

345 1389 416 1466 iret
443 1390 572 1465 lector.
593 1387 779 1476 Ceterum,
799 1411 881 1463 oum
902 1389 946 1464 dc
965 1388 1177 1487 quaestione
1205 1399 1352 1486 agatur,
1372 1387 1433 1462 uhi

344 1517 536 1615 unicuique
553 1517 588 1591 in
606 1539 674 1592 suo
692 1515 874 1592 abundare
890 1537 998 1590 sensu
1017 1515 1117 1602 licet,
1132 1515 1244 1590 veluti
1259 1529 1343 1590 ante
1363 1515 1433 1590 hoc

344 1655 490 1742 tempus
509 1657 631 1720 actum
659 1659 717 1720 est
743 1642 790 1718 nh
808 1643 1064 1718 ecclesiasticis
1083 1643 1342 1742 scriptoribus,
1361 1644 1431 1717 mi-

344 1770 381 1846 hi
400 1795 544 1871 quoque
562 1773 653 1848 haee
671 1773 776 1848 detur
797 1772 900 1848 vania
921 1773 955 1845 in
976 1771 1155 1858 eamdem,
1170 1793 1280 1870 quam
1300 1771 1431 1870 incepi,

343 1901 412 1975 etsi
428 1900 625 1998 alpostrem
652 1901 877 1999 traciamque
898 1899 1068 1998 pergendi
1087 1899 1271 1983 semitam,
1293 1901 1433 1999 prisco·

341 2050 423 2102 rum
451 2026 601 2102 Petrum
621 2027 858 2125 investigandi
879 2039 1131 2112 monumenta,
1146 2025 1329 2124 probeque
1359 2047 1432 2102 me

341 2154 493 2244 ditandi,
507 2154 622 2234 donec
640 2178 685 2232 eo
707 2156 888 2256 pertigero
908 2169 965 2246 ut,
978 2154 1040 2230 uhi
1062 2176 1185 2230 rerum
1203 2167 1291 2242 stet,
1305 2154 1431 2253 digne·

342 2300 477 2361 fleatur.

448 2412 561 2490 Porro
588 2414 677 2503 dixi,
706 2413 740 2488 in
769 2413 837 2491 bac
863 2414 908 2490 do
936 2415 1082 2515 seriptis
1108 2425 1147 2491 et
1163 2412 1325 2491 doctrina
1350 2411 1432 2490 Ori·

343 2541 445 2640 genis
477 2543 689 2641 quaestione
724 2543 962 2643 undequaque
994 2567 1054 2620 me
1087 2543 1276 2620 contrariis
1311 2542 1431 2638 urgeri

340 2669 555 2757 ventis,·uhi
584 2667 654 2745 viri
682 2672 877 2747 sanctitate
905 2686 944 2748 et
970 2670 1132 2746 doctrina
1157 2671 1282 2748 eximii
1301 2685 1430 2746 mutuo

341 2795 437 2872 inter
469 2821 509 2872 se
537 2797 762 2897 firmiterque
802 2798 1059 2896 digladiantur.
1098 2796 1326 2900 Quapropter
1363 2820 1431 2874 ne·

340 2926 500 3000 cessario
528 2947 587 3000 me
615 2925 771 3000 inbono
798 2926 1250 3023 conditionomexportari
1278 2927 1430 3002 arduam

341 3053 472 3128 sentio.
515 3052 589 3128 Aut
623 3054 743 3138 enim,
773 3053 937 3152 inquam,
966 3075 998 3127 s.
1024 3051 1235 3150 Pamphilus
1267 3066 1430 3149 martyr,

339 3177 520 3256 Eusebius
547 3180 802 3266 caesariensis,
824 3205 855 3255 a.
878 3178 1036 3255 loannes
1054 3177 1351 3274 Chry'sostemus,
1376 3177 1430 3252 al·

340 3321 397 3384 ter
423 3306 581 3383 Joaunos
608 3307 965 3404 hierosolymitanus,
991 3330 1021 3380 s.
1048 3303 1263 3382 Theotimus
1289 3305 1430 3403 episco-

267 3478 269 3488 ι
339 3451 423 3530 pus,
438 3432 570 3533 aliique
597 3431 660 3532 (in
679 3434 810 3533 quihus
829 3432 1019 3531 speciatim
1038 3457 1070 3508 s.
1096 3431 1306 3531 Pamphilus
1333 3455 1431 3506 mar·

339 3573 415 3658 tyr,
433 3560 493 3659 qui
517 3560 683 3658 Origenis
711 3560 846 3657 scripta
874 3557 1029 3657 perlegit
1056 3570 1094 3634 ot
1121 3560 1352 3658 transcripsit
1371 3583 1430 3634 se·

338 3688 424 3764 dulo
450 3685 675 3788 meditatus)
719 3687 923 3764 illusionem
948 3689 1048 3787 paesi
1083 3701 1169 3764 sunt
1211 3687 1287 3765 fere
1315 3689 1432 3766 inore-

337 3814 501 3903 dibilem,
529 3839 596 3916 pro
623 3839 667 3890 cc
696 3830 915 3914 pugnantes,
934 3830 973 3891 et
1000 3839 1066 3914 pro
1092 3818 1148 3892 sui
1167 3816 1346 3913 dogmatis
1370 3839 1431 3890 or·

338 3942 528 4031 thodoxia,
555 3954 762 4018 asserentes
790 3941 870 4020 ideo
893 3965 961 4018 nec
990 3943 1025 4018 in
1055 3945 1144 4029 rite,
1163 3966 1230 4018 nec
1252 3956 1335 4040 post
1353 3942 1432 4018 obi·

339 4081 417 4146 tum
445 4070 657 4146 damnatum
679 4068 887 4167 Origenem.
911 4068 985 4146 Aut
1007 4093 1053 4146 ex
1081 4072 1233 4146 adverso
1248 4069 1432 4169 Theophi-

339 4197 419 4288 lus,
451 4221 483 4276 s.
512 4196 763 4300 Epiphanius,
799 4221 831 4274 s.
860 4197 1118 4299 llieronymua,
1159 4200 1343 4301 ceterique
1383 4223 1431 4276 ex
