3028 4942
352 524 521 605 abjecisset
541 521 777 606 Hieronymus,
803 525 922 604 quippe
947 523 1101 586 Auctoris
1124 539 1187 586 uou
1216 521 1451 604 respondentem

351 625 462 688 menti.
485 624 577 703 Quae
600 643 678 689 vero
698 645 740 689 ex
759 627 907 705 opposito
927 624 1025 688 latine
1047 631 1220 689 vertuntur
1240 643 1257 687 a
1274 623 1449 688 Ruifinocx

354 725 453 792 Lihro
474 725 500 790 l.
523 745 550 791 e.
575 724 631 790 ΙΙΙ.
655 725 699 790 De
722 725 905 806 Principiis,
927 729 964 791 iis
986 734 1172 805 consonant,
1187 744 1270 807 qaae
1284 728 1452 790 citantura

354 827 430 894 divo
451 827 619 908 Pamphilo
639 829 671 891 iu
692 830 870 910 Apologiae
890 831 993 910 capite
1015 827 1071 892 lV.
1095 827 1159 905 Qui
1180 829 1323 910 quidem,
1347 835 1386 892 nt
1404 847 1452 890 an·

354 939 406 994 tea
420 932 499 1006 dixi,
513 933 699 1012 graecanica
711 931 859 1012 Origeuis
872 931 1089 1011 manuscripta
1103 931 1295 994 adversariis
1307 937 1385 994 tuuc
1396 931 1454 995 suis
1511 935 1512 958 ¹

354 1033 524 1115 opposuit,
546 1035 671 1098 column
691 1043 823 1098 exarata
846 1033 931 1097 tideli
943 1054 954 1113 3
975 1042 1008 1098 et
1028 1033 1112 1098 uude
1139 1033 1316 1097 calumnias
1342 1032 1375 1096 iu
1396 1031 1455 1096 du·

355 1143 479 1200 ctorem
508 1137 664 1201 excitatas
685 1135 839 1219 dissipare
866 1143 999 1200 conatos
1025 1143 1083 1199 est.
1115 1134 1210 1212 Quod
1243 1135 1453 1197 testimonium
1511 1195 1512 1228 3

354 1254 429 1302 cum
444 1253 470 1300 s.
492 1235 622 1320 Martyr
636 1236 776 1300 fideliter
789 1237 957 1317 exegisset,
975 1235 1121 1301 Rudinus
1135 1236 1248 1300 deiude
1264 1237 1335 1317 pari
1349 1235 1410 1298 tide
1428 1239 1456 1297 ct
1511 1241 1512 1260 ¹

353 1338 462 1403 studio
482 1354 629 1419 graecam
643 1337 802 1419 Pamphili
817 1338 1007 1419 Apologiam
1020 1340 1118 1403 latine
1134 1346 1273 1412 vertens,
1291 1340 1455 1418 genuinam
1511 1341 1512 1426 3

355 1440 509 1504 tradidit:
530 1459 573 1503 ex
586 1459 652 1520 quo
666 1440 769 1505 illatio
789 1441 875 1504 subit
887 1440 926 1504 de
943 1440 1197 1504 manifestissima
1212 1439 1333 1504 codicis
1350 1437 1458 1503 Hiero·

353 1544 442 1626 cymi
464 1545 684 1624 ccrroptioue.

434 1640 557 1707 Verum
579 1645 686 1725 quoad
708 1645 765 1710 nas
786 1629 1059 1725 interpolationes,
1075 1645 1166 1708 lihrls
1180 1642 1329 1724 Origcuis
1345 1642 1458 1706 turtius

340 1741 503 1820 'insertas,
519 1745 594 1809 iacit
608 1765 739 1827 quoque
761 1746 917 1826 Apologia
933 1745 1064 1812 ioannis
1080 1745 1385 1832 Hierosolymorum
1400 1744 1458 1824 cpi·
1511 1791 1512 1812 .

355 1849 462 1925 scopi3
483 1863 548 1926 qua
570 1848 740 1928 hucusque
759 1848 951 1924 desiderate,
975 1849 1129 1912 nonnulla
1151 1845 1376 1911 tautummodo
1401 1861 1458 1906 ma·

355 1955 431 2009 nent
445 1947 476 2009 in
490 1946 601 2025 Libro,
616 1969 712 2030 quem
728 1957 839 2014 contra
854 1969 929 2014 eum
950 1950 990 2014 de
1010 1949 1157 2030 Origenis
1182 1948 1354 2012 erroribus
1370 1943 1459 2010 edidit

355 2047 583 2132 Hieronymus.
600 2049 714 2126 Quiris
735 2053 818 2114 enim
833 2069 918 2132 quae
933 2071 972 2114 cx
987 2051 1085 2132 ipsius
1103 2069 1160 2114 orc
1174 2049 1271 2114 tradit
1283 2069 1308 2113 s.
1331 2049 1457 2120 Hector,

339 2169 483 2230 ,sensum
506 2153 716 2232 investigarit,
734 2156 792 2217 etsi
809 2155 928 2236 uhiqne
948 2151 1079 2218 ioannis
1094 2153 1176 2217 dicta
1192 2153 1337 2232 exagitet
1354 2149 1459 2214 Hiero·
1511 2179 1512 2232 l

356 2269 485 2337 aymus,
507 2271 648 2334 eumque
662 2253 809 2335 Origenis
829 2261 1034 2331 sectatorem,
1057 2263 1089 2318 et
1110 2254 1239 2336 quidem
1255 2255 1359 2334 ipsius
1377 2268 1460 2334 prae·
1511 2235 1512 2292 ἕ

356 2353 492 2432 sumptis
503 2355 670 2418 erroribus
686 2364 779 2420 vocet
789 2359 991 2439 participem3
1005 2357 1234 2420 validissimum
1249 2365 1359 2418 tamen
1373 2369 1459 2433 argu·

355 2460 500 2518 meatum
521 2456 611 2520 nohis
632 2456 765 2537 praehet
785 2459 824 2522 de
846 2459 1012 2523 falsatione
1032 2456 1176 2540 Operum
1193 2459 1361 2533 ductoris,
1378 2471 1458 2537 prae·

355 2555 467 2618 sertim
487 2555 525 2619 in
546 2555 748 2622 Periorchen.
781 2559 868 2637 Quas
891 2561 1073 2625 talsatioocs
1102 2560 1150 2625 uti
1175 2561 1330 2640 genuinos
1358 2573 1459 2622 seusus

357 2657 542 2722 existimaus
562 2657 791 2746 Hieronymus,
814 2681 935 2743 cosque
956 2681 1030 2726 cum
1051 2681 1111 2726 suo
1133 2661 1277 2726 Auctore
1302 2662 1458 2728 damnans,

359 2757 475 2822 ioanni
496 2762 719 2843 exprobrarit,
738 2764 826 2844 quod
847 2783 938 2828 suam
954 2783 1013 2845 pru
1027 2763 1167 2844 Origene
1182 2763 1376 2844 Apologiam
1392 2777 1461 2842 qua·

315 2947 318 2952 Ι
358 2879 561 2941 queremus,
582 2865 738 2941 misisset,
759 2874 793 2929 et
813 2865 949 2930 Humum
970 2885 1096 2955 usque,
1123 2874 1160 2932 ut
1183 2881 1398 2930 romanorum
1420 2877 1462 2925 sa·

360 2960 528 3027 cerdotum
549 2965 670 3031 animos
690 2975 954 3049 praeoccuparet.
1041 3041 1050 3057 .

440 3063 483 3130 Et
495 3065 569 3132 ideo
581 3069 627 3132 ait
640 3067 864 3134 Pammachius
876 3069 1073 3156 Hieronymo
1086 3071 1240 3136 sericeas:
1256 3091 1274 3132 n
1291 3072 1462 3136 multorom
1511 3059 1512 3144 l

361 3169 483 3232 animos
503 3172 536 3234 iu
556 3168 682 3234 diversa
703 3172 872 3236 distractos
896 3174 1004 3249 luisse,
1025 3175 1106 3238 alius
1121 3173 1284 3254 Salamini,
1300 3174 1385 3237 idest
1398 3167 1463 3250 Epi·

362 3270 484 3350 phauii,
507 3271 577 3336 aliis
599 3259 874 3361 hierosolymitani
895 3277 1046 3358 episcopi,
1069 3275 1201 3341 ioannis
1221 3275 1376 3339 nimirum
1398 3287 1462 3336 cau·
1511 3303 1512 3312 ο

362 3390 430 3435 sam
452 3371 704 3440 defendentihus.
722 3397 739 3435 n
765 3376 1025 3441 Praenotandum
1046 3397 1124 3442 vero
1145 3387 1205 3454 est,
1227 3375 1386 3440 adoaune
1400 3391 1463 3439 cuu-

365 3471 474 3538 tlatam
496 3475 700 3556 Apologiam,
723 3486 761 3542 ut
782 3477 961 3561 Epiphanio
975 3480 1169 3562 respondens
1184 3477 1350 3554 suaderet,
1364 3495 1397 3541 se
1411 3489 1463 3536 oon
1511 3459 1512 3542 i

324 3593 331 3614 ·
364 3594 433 3640 esse
454 3577 670 3658 origenistam,
694 3597 751 3642 nec
765 3589 1048 3662 praesumptorum
1064 3579 1211 3661 Origenis
1227 3597 1381 3643 errorum
1407 3575 1464 3636 riu·

365 3677 481 3757 dicem,
505 3681 606 3744 veluti
628 3681 675 3744 illi
696 3683 878 3746 inconsulto
898 3684 1109 3765 exprobravit
1130 3681 1339 3764 Epiphanius,
1356 3680 1388 3744 iu
1406 3679 1463 3757 ipsa

365 3777 523 3861 Epistola,
546 3800 688 3846 asserens
709 3785 781 3846 illas
802 3786 833 3848 iu
855 3781 960 3847 Deum
980 3784 1214 3865 blasphemias,
1236 3789 1402 3846 ceterosve
1422 3793 1465 3840 er

366 3898 460 3944 rores
481 3885 616 3963 reperiri
638 3885 669 3946 in
684 3883 787 3947 Lihris
804 3883 847 3948 ne
870 3883 1069 3966 Principiis:
1091 3895 1120 3948 ct
1138 3881 1185 3948 itu
1199 3883 1337 3946 locutum
1358 3873 1465 3944 esurii

365 3980 514 4062 sigonem.
536 3983 811 4062 Bibiensium,
834 3988 888 4050 hlc
909 4004 985 4051 sanc
1006 3987 1088 4068 lapis
1115 3985 1297 4050 cliensioais
1322 3992 1355 4047 et
1384 3990 1464 4064 petra

366 4085 521 4161 scandali,
544 4105 611 4167 quo
634 4088 827 4168 irruperunt
847 4096 879 4150 et
901 4085 1119 4169 Epiphanius,
1142 4095 1174 4150 et
1194 4082 1417 4166 Theophilus,
1437 4083 1464 4141 et

367 4183 597 4273 Hieronymus.
621 4189 680 4254 llst
700 4191 738 4252 ad
762 4187 952 4270 Apologiam
974 4187 1105 4257 loannis
1127 4194 1351 4267 revertamur3
1377 4197 1464 4267 qnam

367 4288 426 4352 etsi
440 4287 656 4377 Hieronymus
671 4291 893 4373 parvipendat,
906 4299 1011 4358 tamen
1023 4306 1141 4373 operae
1158 4288 1299 4371 pretium
1314 4285 1463 4358 existimo,
