3186 4946
1193 361 1234 430 13

134 485 186 532 nos
206 467 324 549 ignitae
343 468 476 550 sagittae
497 468 619 534 multae
640 485 741 532 vanae
762 469 895 533 luerunt
917 467 1043 544 iactae,
1074 465 1141 532 lieo
1163 467 1234 529 illas

133 571 347 650 extinguente,
369 579 401 634 et
416 578 542 635 aurata
562 571 666 633 aalma
687 577 797 634 nostra
818 571 879 647 bis,
901 587 985 652 qnae
998 567 1146 633 coelestis
1166 584 1234 630 aer·

135 673 228 736 monis
242 691 343 737 causa
360 675 558 755 contingunt,
575 673 663 737 ierre
683 675 813 754 cogitur
827 673 954 738 lucillus
976 672 1075 736 lactas
1090 668 1232 745 insidias,

134 774 225 837 veluti
245 775 450 854 aliquantum
470 775 649 839 serenitatis
671 776 767 850 nacti,
790 793 851 839 uon
873 775 1013 855 amplios
1033 771 1230 844 differentes,

132 873 245 939 dictare
267 876 422 939 volumus
433 921 444 954 ,
466 894 551 958 quae
572 877 702 950 restant,
720 873 824 940 Deum
849 875 1037 954 magistrum
1058 874 1236 936 inanimae

133 985 251 1040 nostrae
272 977 375 1062 adpro
395 978 551 1057 penetrali
572 978 769 1042 insonantem
795 975 906 1040 adessa
928 983 1116 1056 precantes,
1139 981 1177 1038 ut
1198 971 1234 1036 ii·

130 1094 196 1141 uem
215 1079 355 1158 accipiat
375 1087 542 1144 structura
563 1080 777 1143 enarrationis
791 1077 957 1159 Evangelii
977 1077 1154 1141 secundnm
1174 1075 1232 1140 io-

130 1195 245 1243 annem.
269 1179 381 1262 Atque
402 1181 525 1246 utinam
545 1181 656 1246 audiat
676 1179 762 1244 Dens
782 1190 843 1244 etc.
868 1199 886 1240 a

202 1279 253 1345 Ex
275 1283 341 1346 boc
362 1283 562 1359 testimonio,
586 1282 641 1344 ubi
662 1281 783 1346 irnstra
805 1281 950 1346 nonnulli
971 1279 1138 1343 Maximini
1160 1297 1233 1358 per·

131 1385 321 1447 secutionem
343 1387 376 1448 iu
391 1384 581 1448 christianos
602 1384 708 1447 conati
728 1391 804 1447 sont
825 1384 969 1465 reperire
985 1381 1090 1462 (quod
1106 1382 1231 1462 penitae

131 1501 248 1548 amose
261 1487 423 1549 abhorret
442 1485 614 1563 Auctoris)
632 1487 788 1567 percipito
802 1485 909 1566 potius
924 1484 1102 1565 procellam
1115 1483 1232 1547 adver·

129 1602 178 1648 aus
190 1585 296 1666 ipsum
310 1588 503 1650 concitatam
519 1587 735 1650 Alexandriae
749 1604 768 1649 a
782 1584 947 1651 Demetrio
959 1587 1000 1649 ob
1014 1586 1140 1650 casdem
1155 1602 1232 1648 oau-

131 1702 186 1760 aas,
207 1705 308 1768 qoam
330 1689 441 1752 amicis
461 1691 527 1752 snis
547 1689 579 1751 iu
600 1689 696 1752 citata
717 1687 861 1768 Epistola
884 1696 1052 1762 memorat,
1074 1687 1232 1750 sanabor

132 1787 292 1852 calumniis
306 1791 340 1853 iu
355 1791 459 1872 ipsum
480 1789 665 1871 elaboratis3
678 1797 709 1853 et
724 1809 742 1854 a
759 1789 876 1871 quibua
891 1808 925 1852 se
941 1786 999 1852 lici
1014 1805 1075 1868 ope
1095 1787 1235 1850 evadne

133 1885 207 1951 dicit.
221 1889 302 1952 ltem
316 1887 456 1953 flomllia
469 1885 569 1954 XXV.
579 1890 616 1952 io
628 1889 746 1954 Lucam
764 1891 843 1954 baec
858 1891 968 1954 eadem
985 1889 1147 1972 pertingit,
1162 1907 1233 1952 aen·

132 1989 202 2052 tiens
221 2009 300 2071 erpa
314 2007 350 2054 ae
371 1993 402 2053 iu
419 1987 563 2056 Ecclesia
585 1993 695 2073 plures
715 1993 940 2066 admiratores,
955 1993 1050 2055 sicuti
1070 1998 1104 2054 et
1119 1989 1234 2054 adver·

129 2091 221 2154 sarim
234 2111 314 2156 eum
329 2093 438 2173 inique
453 2101 635 2174 arguentes.
652 2095 769 2161 Scribit
781 2097 876 2159 enim:
894 2092 1038 2160 «Nonne
1054 2094 1110 2158 tibi
1124 2109 1234 2156 omnes

130 2191 270 2258 ridentur
285 2195 362 2276 plus
377 2213 512 2273 amasse,
534 2215 632 2279 quam
647 2199 797 2279 expedit;
813 2207 845 2262 et
858 2197 934 2264 dnm
952 2199 1103 2262 virtutem
1122 2195 1234 2260 unias·

130 2295 281 2378 cujusque
306 2301 487 2378 mirantur,
509 2299 687 2364 dilectionis
709 2316 892 2363 mensuram
914 2295 1117 2379 perdidisse?
1138 2295 1233 2374 Quod

130 2396 249 2476 quidem
272 2401 307 2462 in
323 2397 465 2464 Ecclesia
488 2401 651 2482 patimur:
668 2401 816 2482 plerique
837 2417 975 2480 namque
995 2400 1071 2462 doru
1094 2399 1167 2478 plus
1187 2397 1235 2460 di·

131 2494 238 2576 liquot,
261 2517 362 2580 quam
380 2517 557 2578 meremur,
580 2501 659 2566 baec
677 2502 800 2583 jactant
814 2508 846 2565 et
859 2501 1054 2581 loquuntur,
1069 2515 1232 2563 sermones

130 2606 247 2662 nostros
268 2599 515 2681 doctrinamque
536 2601 706 2666 laudantes
716 2623 729 2683 3
751 2622 836 2684 quae
857 2601 1048 2666 conscientia
1070 2618 1132 2664 nou
1152 2598 1232 2664 reci·

130 2701 181 2777 pit.
202 2701 265 2764 altr
293 2719 370 2764 vero
393 2710 550 2767 tractatus
570 2711 697 2769 nostros
718 2705 970 2778 calumniantes,
992 2721 1029 2767 ca
1055 2720 1112 2766 uos
1137 2702 1233 2764 santi·

132 2816 165 2862 re
192 2803 427 2878 criminentur,
450 2823 534 2886 quae
554 2823 719 2887 nunqnam
747 2807 879 2870 sensisse
910 2823 966 2868 uos
986 2804 1145 2868 novimus.
1168 2799 1230 2866 Sed

128 2914 225 2978 neque
246 2902 296 2976 bi,
317 2904 374 2983 qui
395 2903 468 2984 plns
489 2904 638 2986 diligunt,
661 2923 767 2987 neque
787 2906 848 2984 illi,
861 2908 919 2987 qui
939 2905 1090 2980 oderunt,
1112 2905 1231 2967 verita·

131 3001 165 3062 tia
184 3003 331 3082 regulam
355 3014 483 3086 teuent3
506 3009 615 3071 etalii
637 3008 939 3088 perdilectionem,
961 3006 1016 3068 alii
1038 3005 1228 3085 perediam

130 3103 302 3168 metiuntur
323 3113 384 3170 etc.
401 3105 588 3173 »Similiter
609 3107 749 3175 Homilla
771 3107 861 3174 Vlll.
883 3106 920 3170 io
940 3104 1133 3170 Hieremiam
1149 3126 1179 3170 n.
1195 3106 1226 3173 8.

128 3219 165 3267 ex
184 3205 331 3288 Apostoli
353 3210 478 3286 uerbis,
499 3211 584 3292 qaod
602 3213 731 3293 fatuum
751 3220 796 3274 ert
817 3209 889 3286 Dei,
909 3207 1083 3290 sapientiae
1111 3219 1157 3274 eat
1175 3210 1229 3274 ito·

127 3303 268 3381 minibus,
284 3309 349 3372 ait:
366 3331 382 3372 r
397 3309 430 3376 Si
451 3328 511 3391 epo
530 3311 679 3375 dixissem
700 3313 827 3393 fatuum
849 3311 918 3389 Dei,
940 3312 1103 3392 quomodo
1125 3330 1226 3376 suon-

128 3421 176 3485 pes
194 3427 380 3474 sermonum
402 3431 564 3488 meorum,
589 3420 624 3476 et
647 3431 777 3495 semper
794 3414 896 3479 dediti
916 3414 956 3477 ad
978 3414 1223 3490 criminandum,

129 3519 290 3575 venenatas
312 3513 344 3575 iu
365 3530 415 3577 me
435 3515 561 3595 linguas
584 3515 803 3582 vibraractio

200 3611 252 3677 Ex
275 3614 325 3676 bia
347 3618 455 3697 itaque
486 3618 770 3682 contestationibus
799 3613 922 3699 pluries
941 3635 981 3680 ac
1007 3625 1071 3680 tam
1091 3620 1227 3698 ingenue

128 3709 156 3773 in
173 3715 237 3778 anis
258 3715 350 3779 libris
372 3717 509 3782 redactis
530 3736 689 3799 prosuae
711 3720 783 3783 fidei
805 3720 1009 3800 integritate,
1031 3720 1104 3798 quis
1121 3717 1225 3800 judex

129 3828 242 3896 aequus
264 3828 297 3882 et
317 3837 423 3898 aequo
440 3820 565 3902 judicio
587 3839 664 3885 usus
685 3831 807 3886 asseret
830 3838 945 3886 revera
967 3837 1092 3884 errasse
1112 3820 1226 3902 Orige-

131 3915 221 3981 nem?
250 3926 283 3982 et
302 3919 441 4000 amplius
460 3921 576 3986 similia
599 3922 763 4002 paradoxa
791 3922 953 3987 admisisse
974 3922 1013 3986 de
1034 3921 1225 3985 daemonnm

131 4013 238 4093 alors,
253 4018 293 4080 de
315 4017 376 4082 line
396 4037 573 4100 poenmum
596 4023 628 4084 in
641 4023 746 4086 altero
759 4023 883 4101 seculo,
906 4023 946 4086 de
965 4021 1225 4103 metempsychosi,

131 4111 165 4176 de
183 4119 347 4182 animabus
368 4138 386 4182 a
407 4121 500 4184 coelo
520 4122 663 4205 dejectis,
686 4123 725 4188 de
748 4122 815 4188 lieo
836 4141 1008 4205 corporeo,
1030 4122 1070 4188 de
1090 4123 1227 4188 aeterni-

133 4221 189 4281 tate
208 4221 372 4298 materiae,
387 4238 425 4288 ac
445 4223 485 4288 de
504 4225 620 4290 ceteris
644 4225 743 4307 bajus
765 4226 889 4308 generis
913 4226 1028 4291 erratis
1051 4224 1226 4292 adversum
