3042 4940
322 407 363 478 ll

400 511 443 579 Ui
458 521 557 598 patet,
575 519 605 581 in
621 519 668 583 his
683 519 825 600 epistolis
847 519 1030 599 firmantur,
1045 536 1129 602 qnae
1152 519 1319 602 praemisit
1330 535 1355 583 a.
1372 513 1430 583 ilo·
1514 551 1515 564 ι

318 619 392 680 olor
411 615 444 678 in
465 620 741 697 praecedentibus,
758 629 916 702 perpetuo
939 623 971 685 ln
992 621 1103 686 eadem
1124 619 1198 696 dde,
1215 619 1360 684 doctrina
1381 637 1430 682 ea·

321 715 406 792 dem,
431 720 614 802 eisdemque
627 723 891 786 obtestationibus
912 741 1121 803 perseverans
1135 721 1428 786 dimicatadrersns

319 817 488 884 falsatores
511 823 622 886 mentis
647 822 779 888 Petrum
804 825 835 886 in
857 823 985 910 Synodo
1007 827 1117 907 quinta
1139 833 1426 906 congregatorum:
1515 864 1516 874 ι

320 921 456 1002 anoas
478 923 660 990 ielsationcs
676 927 749 990 hinc
771 928 843 991 inde
863 927 1014 991 scandala
1030 923 1267 991 innovabantur
1287 926 1319 988 ln
1334 923 1428 1006 pusil-

319 1021 428 1088 lorum
451 1026 587 1089 ruinam.
603 1025 651 1090 hc
666 1035 832 1107 praeterea
849 1029 890 1092 ab
910 1031 957 1092 his
983 1029 1125 1109 epistolis
1145 1027 1339 1100 eonstiterit,
1361 1026 1429 1089 nal·

279 1159 282 1167 ·
318 1123 431 1188 lamia
453 1125 597 1191 Concilio
612 1130 725 1208 quinto
742 1137 861 1194 molam
878 1150 947 1193 esse
967 1129 1113 1211 Origenis
1130 1129 1335 1193 mentionem.
1351 1126 1427 1192 Gnna
1516 1185 1517 1214 ,

320 1243 459 1310 namque
472 1247 497 1291 s.
515 1228 693 1310 Gregorius
714 1239 847 1308 asserat,
864 1233 895 1295 ln
918 1235 977 1296 hac
997 1231 1125 1317 Synodo
1140 1229 1219 1294 nihil
1234 1229 1429 1310 disputatum
1516 1237 1517 1262 i

318 1345 387 1391 esse
409 1329 447 1390 de
470 1327 552 1408 hda3
575 1337 623 1393 ast
644 1337 767 1394 tanturn
790 1331 829 1396 de
850 1335 1006 1413 personis,
1028 1349 1168 1414 quaram
1191 1332 1380 1394 memoriam
1399 1337 1429 1394 et

319 1430 437 1509 scripta
460 1432 605 1495 nonnulli
619 1433 680 1496 snb
703 1435 857 1498 tutamine
879 1444 986 1498 rectae
1007 1435 1079 1498 fidei
1096 1435 1126 1497 in
1147 1431 1293 1499 Concilio
1308 1433 1429 1496 chalce·

319 1531 450 1595 donensi
475 1534 651 1614 approbata
682 1534 780 1600 luisse
809 1536 1064 1611 contendebant,
1089 1555 1129 1598 ea
1150 1536 1217 1616 lpsa
1241 1533 1288 1598 rei
1317 1542 1429 1597 natura

321 1631 394 1696 hinc
414 1635 602 1700 excluditur
626 1639 772 1719 quaestio
793 1639 997 1720 origeniana3
1022 1637 1054 1700 ln
1074 1653 1138 1718 qna
1163 1636 1362 1716 praesumpti
1382 1653 1429 1697 er·

321 1753 412 1800 rores
429 1739 493 1816 (elii
517 1740 646 1802 omnino
668 1741 707 1802 nh
731 1741 854 1804 haeresl
875 1737 1069 1814 nestoriana)
1083 1743 1186 1800 tolnm
1207 1737 1430 1801 convellebant

319 1837 393 1901 lidci
414 1841 592 1904 catholicae
615 1843 869 1907 tundamentum.
886 1841 1039 1907 Ceterum
1060 1843 1093 1904 in
1114 1837 1243 1926 Synodo
1264 1839 1430 1906 chalcedo·

319 1940 419 2014 nensi,
444 1944 491 2006 oti
511 1941 600 2005 illius
621 1951 691 2007 acta
714 1944 882 2024 perspicue
905 1951 1075 2016 testantur,
1097 1959 1191 2006 nemo
1211 1942 1429 2022 quaestionem

318 2041 534 2121 origenianam
557 2043 744 2124 proposuit,
767 2063 860 2108 nemo
882 2062 952 2108 earn
975 2043 1144 2132 discupsit,
1177 2061 1272 2107 nemo
1294 2042 1429 2124 denique

318 2139 513 2224 Origenem,
537 2164 595 2210 nec
616 2149 715 2228 ipsius
737 2147 900 2210 damnavit
922 2163 1061 2209 errores.
1090 2144 1333 2222 Quamobrem,
1360 2161 1430 2208 cuna

318 2245 350 2306 in
371 2245 500 2328 Synodo
515 2245 554 2310 V.
578 2249 932 2330 constantinopolitana,
954 2267 1038 2330 quae
1055 2249 1181 2311 decreta
1204 2247 1325 2332 Synodl
1346 2245 1430 2311 ebal·

320 2346 505 2412 cadonensis
527 2349 674 2415 discussit
685 2350 902 2431 firmavitque,
916 2369 975 2414 nec
989 2349 1065 2432 quid
1088 2349 1225 2431 amplius
1240 2349 1370 2431 adiecit,
1386 2347 1429 2412 uti

317 2449 363 2510 ait
374 2467 398 2510 s.
412 2447 602 2530 Gregorius,
617 2452 781 2517 latendum
802 2460 850 2515 est
865 2452 980 2516 ibidem
996 2453 1145 2515 omissam
1166 2449 1265 2514 luisse
1281 2451 1379 2514 talem
1392 2447 1428 2513 de

317 2546 458 2632 Origene
478 2555 698 2634 quaestionem
718 2559 751 2618 et
771 2552 1076 2617 condemnationem.

398 2650 525 2718 Pariter
549 2663 617 2719 inm
646 2655 753 2735 quoad
774 2655 937 2719 silentium
959 2655 990 2715 ln
1011 2652 1140 2736 synodo
1161 2651 1273 2734 quinta
1300 2651 1339 2715 da
1359 2649 1429 2715 Ori·

319 2753 407 2832 genis
429 2757 597 2821 erroribus
620 2764 687 2821 tum
717 2757 822 2838 quoad
849 2756 952 2838 Papae
984 2757 1083 2838 ipsius
1115 2756 1329 2820 reverentiam
1361 2770 1432 2834 erga

318 2851 417 2935 huius
432 2854 550 2940 Synodi
567 2857 794 2934 definitionem,
817 2857 955 2922 ollertur
969 2856 1103 2937 epistola
1121 2853 1173 2924 tlt.
1191 2853 1279 2919 Libri
1300 2853 1373 2919 vti.
1391 2853 1429 2916 ad

315 2951 493 3036 Eulogium
520 2959 718 3040 episcopum,
736 2960 791 3023 nbi
811 2959 941 3022 scribit:
960 2977 977 3018 ι
993 2955 1027 3020 Ιιι
1043 2956 1185 3021 Historia
1207 2966 1317 3024 antean
1336 2953 1431 3020 Soan-

317 3057 401 3119 meni
423 3057 462 3122 de
476 3061 616 3141 quodam
639 3059 802 3136 Eudoxio,
818 3059 873 3140 qni
896 3055 1257 3136 constantinopolitanae
1277 3055 1429 3121 ecclesiae

316 3157 536 3240 episcopatum
557 3161 734 3241 arripuisse
754 3159 884 3246 dicitur,
908 3158 1017 3240 aliqua
1039 3166 1224 3221 narrantur.
1248 3153 1311 3221 Sed
1332 3157 1427 3238 ipsam

318 3273 451 3340 quoqne
473 3261 639 3325 historiam
660 3261 757 3326 Sedes
786 3259 970 3340 Apostoliea
993 3259 1156 3340 suscipere
1188 3263 1330 3334 recusat,
1351 3269 1425 3336 qno

317 3358 402 3420 niam
426 3360 529 3424 multa
555 3363 731 3440 mentitur,
754 3369 787 3426 et
807 3357 1015 3424 Theodorum
1047 3357 1281 3440 blopsnesliaa¹
1298 3356 1423 3420 nimiunn

315 3458 441 3539 landat,
457 3470 556 3544 atque
569 3463 608 3525 ad
631 3462 714 3527 diam
729 3463 835 3526 obitos
850 3463 900 3526 sni
921 3477 1071 3541 magnum
1088 3459 1255 3523 doctorem
1271 3457 1422 3523 Ecclesiae

318 3559 417 3624 luisse
438 3563 596 3642 perhibet.
618 3561 730 3628 Restat
749 3581 828 3643 ergo
857 3569 913 3638 nt,
934 3563 1035 3642 siquis
1056 3561 1143 3624 illam
1166 3561 1330 3624 historiam
1350 3558 1422 3623 reei-

316 3661 376 3740 pit,
398 3660 551 3746 Synodo,
574 3680 658 3745 qnae
679 3665 752 3742 piae
773 3665 948 3726 memoriae
978 3660 1150 3726 iustiniani
1173 3661 1367 3742 temporibus
1384 3657 1419 3719 tle

318 3759 422 3826 tribas
443 3761 600 3844 Capitulis
622 3763 705 3829 lacta
719 3772 779 3841 aet,
795 3763 1005 3828 contradicat.
1028 3761 1092 3839 Qui
1116 3779 1193 3826 vern
1209 3761 1286 3826 huic
1306 3767 1418 3825 eontra·
1519 3831 1520 3834 Ἴ

317 3859 425 3928 dicere
446 3881 510 3926 non
531 3863 630 3940 valet,
652 3863 742 3928 illam
764 3865 929 3928 historiam
951 3881 1078 3928 necesse
1099 3871 1159 3940 est,
1181 3871 1220 3926 nt
1246 3861 1414 3942 repellat.»

396 3961 578 4030 Novissime
592 3973 663 4044 post
681 3975 728 4029 tet
742 3966 807 4032 diri
824 3965 972 4048 Gregorii
988 3965 1180 4028 documenta
1195 3966 1227 4026 in
1242 3973 1317 4028 nota
1331 3975 1415 4044 qnae

314 4061 430 4140 stione,
453 4065 515 4129 hoc
536 4065 688 4131 ultimum
711 4067 846 4132 satlsllat
865 4087 906 4132 ex
927 4069 993 4131 sais
1024 4067 1228 4145 desumptum
1252 4065 1292 4129 ad
1313 4064 1415 4130 Secun-

316 4165 427 4230 dinum
449 4165 565 4234 litteris
581 4186 612 4231 n.
633 4163 683 4235 52.
709 4167 797 4231 Libri
814 4165 869 4232 ix.
894 4167 948 4229 nbi
969 4165 1211 4248 interrogationi
1233 4165 1322 4229 istius
1340 4162 1413 4225 eirea

316 4265 527 4333 ecclesiarum
548 4269 753 4337 orientalium
782 4268 996 4366 conditionem
1018 4269 1049 4332 in
1072 4267 1170 4332 trium
1202 4265 1411 4347 Capitolornna
