3028 4942
334 409 394 482 106

354 557 358 566 ·
418 510 569 579 Ceterum
584 516 658 577 satis
680 523 814 591 constat,
832 514 1007 592 lloffinum,
1024 515 1214 580 adversariis
1228 533 1302 580 enm
1324 516 1362 582 do
1377 517 1427 580 tal·

338 613 460 678 satione
477 622 584 679 textus
595 612 742 694 origenis
760 617 1025 696 redarguentibus
1038 635 1114 680 cum
1128 617 1351 697 respondisset,
1363 618 1429 700 quic

338 733 393 778 nec
413 715 537 795 quidem
557 735 664 780 orrum
685 717 811 795 dicunt,
831 720 1028 798 apertissime
1049 719 1201 796 indicare,
1217 720 1295 782 nibil
1315 739 1348 784 se
1369 739 1428 783 mn-

341 827 423 882 tasso
446 819 484 881 de
507 820 617 883 codice
638 837 773 899 praeco:
797 839 835 883 ac
855 822 944 896 ideo,
966 822 1021 887 nbi
1042 819 1189 938 Oripenis
1210 823 1315 886 bostes
1336 823 1428 904 ipsum

342 921 514 1001 impietatis
535 921 806 996 criminabantur,
822 921 939 986 ibidem
960 941 1002 986 ex
1022 921 1158 985 advorso
1181 929 1330 1002 tunquam
1351 923 1430 1004 pium

341 1029 376 1086 et
396 1022 591 1086 catholicum
613 1022 757 1106 ejusdem
779 1041 892 1087 nomen
921 1026 1071 1088 eminere.
1093 1024 1135 1090 Et
1156 1026 1185 1088 id
1203 1045 1264 1087 non
1278 1043 1321 1090 ex
1342 1022 1432 1089 liubi·

342 1121 374 1184 ni
389 1123 609 1188 emendatione
630 1126 731 1188 codici
746 1124 855 1202 inlata,
871 1126 925 1188 scd
947 1145 988 1190 ex
1010 1127 1153 1208 ejusdem
1174 1127 1292 1190 codicis
1306 1124 1431 1206 genuina

341 1234 374 1290 ct
396 1227 580 1289 authentica
594 1226 741 1290 lectione.
758 1224 789 1288 Si
805 1245 942 1307 namque
957 1228 1033 1291 dicit
1049 1227 1195 1292 Rudinus
1209 1248 1242 1292 se
1256 1228 1333 1291 olibi
1345 1244 1432 1308 quas·

339 1327 412 1389 dam
434 1345 476 1390 ex
496 1328 644 1406 originali
671 1345 788 1407 graeco
809 1337 1021 1392 commutasse
1042 1330 1083 1392 ob
1104 1331 1285 1409 proximam
1306 1328 1433 1392 autilbe-

338 1417 411 1504 sim,
424 1429 455 1491 in
470 1447 567 1508 quam
582 1447 692 1492 sensns
707 1431 899 1507 offendebat,
910 1433 941 1495 in
955 1433 1059 1496 citatis
1075 1431 1179 1495 verbis
1194 1432 1329 1514 pariter,
1346 1447 1434 1512 qnam

340 1529 570 1594 introduxisset
584 1534 830 1609 correctionem,
847 1552 910 1596 nou
924 1535 1076 1598 mentitus
1091 1539 1183 1597 esset.
1203 1533 1357 1598 Attamen
1376 1533 1435 1614 ipss

338 1633 384 1692 nit
403 1630 482 1709 quio
503 1650 558 1694 nec
578 1631 703 1714 quidem
724 1651 832 1695 vnum
852 1632 974 1709 dicant,
999 1643 1188 1707 asserentes,
1211 1651 1262 1696 me
1282 1634 1380 1698 aliter
1396 1632 1437 1694 in·

340 1741 552 1812 terpretatum
572 1753 660 1810 csse,
682 1753 780 1814 qnam
802 1734 871 1798 ions
893 1735 1099 1814 graecanicae
1122 1734 1339 1814 praelerebat.
1358 1731 1436 1810 Qua·

341 1841 475 1916 propter
489 1854 529 1899 ue
551 1837 704 1900 mendacii
721 1855 795 1899 reus
811 1835 866 1898 liat
881 1835 1027 1900 bellinus
1043 1845 1105 1900 tam
1126 1838 1157 1898 in
1173 1834 1373 1898 confessione
1384 1849 1435 1898 sna

341 1945 406 2000 tam
428 1940 458 2000 in
482 1939 627 2002 versione
648 1937 783 2018 praelati
806 1939 998 2015 testimonii,
1021 1936 1277 2000 concludendum
1299 1944 1369 2011 est,
1390 1953 1438 1998 co·

341 2039 465 2114 dicem,
495 2058 562 2120 qno
583 2057 661 2102 nsns
681 2047 730 2102 est
750 2050 848 2120 atque
869 2041 899 2102 in
920 2040 1056 2101 latinum
1078 2036 1243 2100 transtulit
1255 2079 1268 2110 ,
1289 2037 1438 2116 praebere

227 2155 229 2160 '
340 2161 470 2205 sensum
491 2142 592 2204 veluti
607 2143 673 2221 ipse
694 2142 854 2220 prodidit,¹
869 2159 908 2204 ac
930 2141 1055 2203 varium
1070 2140 1197 2220 penitus
1217 2139 1258 2200 ab
1278 2157 1332 2214 eo,
1350 2153 1437 2219 quem

341 2244 519 2306 adversarii
540 2251 651 2306 contra
673 2263 748 2306 eum
768 2244 979 2307 ostentabant.

297 2391 299 2402 .
424 2343 653 2408 Verumtamen
670 2344 832 2408 latendum
847 2355 906 2422 est,
930 2344 1107 2420 Bullinum,
1123 2353 1293 2425 postquam
1308 2342 1352 2405 ob
1367 2343 1440 2405 banc

343 2455 586 2526 praesumptam
607 2446 820 2522 falsationem,
838 2448 945 2512 hostes
965 2465 1042 2511 suos
1062 2445 1221 2510 illusionis
1241 2444 1442 2507 insimulare·

343 2546 399 2622 rit,
420 2547 620 2610 subdidisse:
642 2545 702 2611 Sed
720 2556 823 2612 tamen
840 2566 1014 2629 ponamus,
1038 2548 1116 2630 puin
1135 2545 1182 2611 sic
1202 2556 1248 2610 cst
1266 2545 1304 2608 s'n
1324 2561 1440 2626 praeco.

344 2645 472 2712 Transit
491 2647 640 2713 Ruffinus
661 2648 699 2712 sd
721 2649 858 2712 alteram
879 2652 1111 2730 quaestionem,
1133 2669 1198 2730 qna
1219 2649 1396 2712 adversarii
1416 2647 1442 2706 in

345 2768 420 2814 eum
442 2750 620 2813 institerant
649 2751 788 2815 dicentes
810 2753 841 2814 in
871 2771 988 2831 praeco
1009 2753 1052 2814 ita
1074 2771 1107 2816 se
1129 2752 1270 2826 babere,
1296 2751 1329 2812 in
1360 2757 1445 2813 textu

344 2852 505 2916 sciliceta
525 2849 722 2936 Hieronymo
746 2871 861 2917 verso:
889 2873 905 2913 a
927 2851 986 2917 Sed
1006 2861 1304 2933 tauromenum,
1331 2850 1443 2932 inquit,

345 2951 423 3034 puin
444 2953 491 3016 ss'c
511 2963 556 3018 esi
575 2954 611 3018 s‘rs
630 2975 741 3036 praeco
755 2967 784 3018 ct
803 2955 837 3018 s'n
856 2955 957 3020 latino
977 2974 1042 3018 non
1061 2955 1255 3036 scripseram.
1271 2952 1359 3030 Quid
1374 2967 1445 3030 crgo

345 3055 524 3119 eruendum
546 3053 619 3120 esti
651 3056 787 3121 fortasse
808 3058 883 3122 talia
907 3075 1020 3120 revera
1055 3058 1232 3137 cogitasse,
1261 3055 1445 3135 scriptoque
1509 3135 1510 3138 Ἴ

346 3155 540 3220 commisisse
552 3154 750 3237 Origenem?
765 3155 988 3237 Nequaquam.
1004 3157 1095 3220 Adeo
1109 3175 1248 3237 namque
1263 3174 1305 3218 ex
1320 3165 1448 3218 contex·
1509 3213 1510 3248 ἶ

349 3263 383 3318 tu
407 3253 534 3319 lluilino
555 3275 744 3337 persuasum
766 3257 850 3333 luit,
874 3258 1098 3339 hujuscemodi
1121 3259 1316 3336 impietatem
1343 3252 1446 3334 oloqui

346 3359 527 3437 nequivisse
541 3357 726 3437 Origenem,
749 3361 786 3420 dt
806 3357 935 3420 desierit
949 3377 1081 3439 qnoque
1098 3375 1117 3421 a
1132 3359 1320 3438 quaestione
1344 3356 1384 3418 de
1400 3371 1446 3422 eo,

348 3458 437 3538 quod
459 3457 674 3541 Hieronymus
689 3457 811 3544 quique
831 3477 907 3521 cnm
927 3477 966 3522 co
981 3457 1136 3522 foederati
1160 3458 1319 3531 tenebant,
1336 3461 1385 3521 sic
1405 3471 1450 3515 rs·
1509 3451 1510 3520 l

350 3563 449 3643 periri
471 3562 502 3624 in
524 3561 645 3640 graecis
667 3559 928 3639 exemplaribus,
950 3560 1029 3640 quin
1050 3567 1175 3638 tamen,
1195 3557 1282 3640 quod
1305 3555 1449 3622 llnllinus

351 3663 573 3744 praemiserat,
597 3663 783 3725 contrairet.

427 3761 509 3838 Etsi,
531 3762 598 3843 ipse
619 3763 683 3837 ait,
705 3762 829 3826 codices
851 3761 957 3842 graeci
977 3761 1059 3824 banc
1079 3759 1264 3841 praeierant
1282 3759 1448 3822 lectionem

349 3865 390 3929 ab
410 3883 447 3928 ea
471 3865 606 3938 variam,
628 3881 727 3944 quam
749 3864 863 3926 tradidi
874 3885 885 3944 3
908 3861 1114 3926 nibilominus
1134 3861 1311 3926 necessario
1332 3863 1366 3924 in
1382 3857 1451 3921 llis·

348 3965 475 4048 ronpmi
497 3963 749 4045 exemplaribus,
772 3984 876 4045 neque
899 3965 1028 4028 veroin
1050 3965 1086 4029 iis
1107 3981 1191 4043 quae
1214 3962 1376 4038 transtuli,
1393 3966 1451 4022 sta·

347 4069 504 4134 tuendum
519 4077 567 4130 est
581 4067 746 4147 irrepsisse
762 4067 1059 4146 interpolationem:
1078 4087 1094 4127 n
1111 4063 1262 4142 Quatuor
1275 4065 1364 4138 libri,
1382 4059 1452 4125 sub·

347 4169 395 4232 dit
415 4188 446 4231 n.
466 4165 516 4234 18.
537 4176 612 4232 sunt
633 4169 703 4244 isti,
727 4187 808 4248 quos
837 4169 1066 4248 interpretatus
1081 4185 1163 4230 ¹sum
1175 4187 1186 4247 3
1215 4167 1247 4228 in
1275 4165 1394 4246 quibus
1415 4159 1451 4221 de

346 4267 503 4336 Trinitnte
523 4269 657 4351 sparsim
679 4269 895 4351 persingulas
916 4285 995 4351 pene
1015 4269 1144 4350 popinas
1176 4267 1369 4350 disputatur.
1396 4260 1453 4326 lte·
