3028 4942
1119 399 1179 475 l65

502 503 640 574 cartu
665 503 735 573 XV.

73 704 199 770 loannis
228 707 522 790 hierosolymitani,
554 712 699 776 Palladii
727 711 991 794 helenopolitani,
1026 709 1179 776 Theotimi

109 807 265 887 tomitaai,
282 809 429 892 (luiponis
441 821 471 875 et
489 814 715 877 monachorum
735 811 940 878 nitriensium
960 813 1179 878 orthodoxiam

103 912 396 992 propugnantium,
428 915 502 995 fidei
521 913 687 996 integritas
706 924 736 978 et
751 915 854 996 pietas
881 913 1004 980 uiscera
1024 917 1177 979 adorrms

103 1014 309 1090 quorumdam
329 1013 526 1095 suspiciones
546 1013 763 1080 vindicantur.

74 1251 178 1404 Quod
201 1334 283 1380 vero
303 1319 476 1401 hueusque
496 1336 557 1401 pru
579 1316 712 1383 liuihun
732 1319 857 1399 egimus
872 1317 1009 1402 eiusque
1029 1319 1105 1384 utet
1125 1324 1173 1385 in·

74 1418 224 1495 tegritate,
248 1418 333 1483 illud
355 1421 460 1502 ipsum
482 1415 590 1483 nisstra
613 1420 765 1496 interest,
788 1417 905 1484 loanni
926 1419 1172 1507 Hierosolymo·

72 1537 134 1582 rom
153 1521 306 1601 episcopo
329 1522 503 1586 uindicare.
533 1522 568 1583 ln
589 1521 703 1584 eadem
724 1522 809 1584 euim
830 1541 927 1587 causa
949 1523 1084 1587 luerunt
1103 1541 1171 1585 am·

72 1618 116 1680 boe
130 1630 241 1684 eontra
260 1615 451 1703 utrumque,
468 1631 505 1686 ut
519 1623 670 1696 vidimus,
686 1629 720 1686 et
740 1623 871 1704 quidem
886 1625 1047 1686 immerito
1061 1631 1170 1686 actum

71 1729 120 1782 est.
142 1723 236 1786 Alter
257 1724 394 1786 alterius
415 1742 514 1786 ouera
536 1725 679 1802 portavit
700 1724 945 1788 insimulationis
966 1724 1008 1786 ob
1031 1723 1172 1805 Epipha—

72 1821 106 1880 uii
119 1829 148 1883 et
168 1819 364 1905 Hieronymi
380 1824 501 1898 celum,
523 1825 580 1902 qui
596 1832 727 1902 praeter
741 1823 906 1886 scientiam
921 1822 1083 1886 aduersati
1098 1831 1174 1887 suut

72 1921 189 1997 eisdem,
205 1923 329 2004 quippe
341 1922 546 1986 subscribere
568 1924 777 1988 renuentibus
791 1921 940 2001 Origeuis
959 1923 1167 1986 damnationi.
1219 1979 1222 1990 ,

73 2021 112 2082 hc
130 2025 259 2086 iuterim
281 2024 321 2086 dc
351 2021 476 2088 inonue
506 2025 548 2088 ob
570 2027 652 2089 haue
678 2023 872 2104 Origenismi
904 2024 1171 2101 criminationem,

52 2169 57 2174 .
73 2123 146 2185 nude
157 2143 183 2204 ⁸.-
197 2110 399 2205 Epiphanius
414 2127 444 2186 iu
454 2124 614 2207 judicium
631 2127 736 2204 ipsum
748 2131 909 2203 convenit,
920 2127 1070 2190 norimus
1083 2143 1175 2189 eum·

71 2220 132 2284 iem
152 2223 311 2288 loannem
334 2243 393 2304 pro
413 2244 447 2289 se
469 2225 661 2306 Apologiatn
692 2228 808 2308 (quam
832 2245 1002 2310 perperam
1022 2226 1171 2290 conluta·

72 2321 110 2383 rit
121 2321 350 2407 Hieronymus)
366 2325 584 2406 undequaque
605 2327 742 2401 misisse,
756 2346 794 2390 ac
808 2329 998 2407 pracsertim
1021 2323 1169 2390 Romam.

72 2417 124 2484 Ubi
152 2424 379 2490 Pammachius
400 2427 439 2488 ad
461 2427 645 2507 praelatum
673 2425 909 2513 Hieronymum
939 2429 1102 2503 scribens,
1125 2429 1172 2489 di·

71 2525 343 2600 cit,ideo'Hnmae
365 2528 545 2591 multorum
563 2529 686 2593 animos
707 2533 738 2592 iu
760 2530 885 2592 diversa
902 2531 1071 2592 distractus
1094 2529 1173 2592 luis·

70 2643 110 2700 re,
127 2627 195 2689 aliis
209 2625 374 2690 &laminii
396 2627 477 2691 idest
490 2627 672 2709 Epiphauii,
694 2629 764 2691 aliis
778 2629 912 2693 loannis
925 2628 1170 2692 deiendeutibus

70 2743 201 2819 oensem.
225 2728 340 2808 ltaque
361 2729 388 2791 si
411 2739 480 2792 tuus
502 2749 542 2792 ex
564 2731 665 2810 ipsius
686 2729 819 2795 loannis
841 2729 1014 2810 Apologia,
1039 2737 1106 2792 tum
1130 2748 1173 2792 ex

72 2842 270 2890 romanorum
293 2827 475 2891 multorum
495 2847 571 2909 erga
594 2830 681 2892 huuc
710 2830 814 2909 ipsum
836 2829 945 2892 studiu·
967 2831 1171 2909 arguendum

71 2927 117 3002 ait,
139 2929 362 3012 pignusuobls
383 2930 558 2993 exhibetur
578 2931 790 2994 conscientiae
811 2947 848 2994 ac
863 2929 941 2992 utet
964 2929 1169 3011 integritatis,

72 3043 127 3104 qua
155 3029 330 3092 ministerio
358 3030 530 3108 episcopali
553 3030 771 3110 tangebatur,
792 3032 889 3095 sicuti
916 3030 1079 3095 Ecclesiae
1105 3031 1168 3094 tto-

72 3143 174 3192 manae
197 3131 413 3194 testimouium
437 3149 513 3211 erga
536 3151 704 3211 personam
726 3132 870 3214 eiusdem
891 3133 933 3196 ob
955 3152 993 3198 ea
1009 3175 1018 3210 ,
1035 3151 1119 3214 quae
1142 3135 1173 3195 iu

72 3229 157 3291 citata
181 3231 338 3311 Apologia
362 3235 512 3296 tractavit
532 3235 618 3297 circa
640 3232 788 3313 Origeuis
808 3235 921 3297 libros.
980 3285 983 3294 .

141 3329 189 3393 hc
201 3334 329 3394 interim
351 3353 375 3397 s.
394 3332 548 3397 Paulinus
563 3335 593 3395 in
611 3333 751 3414 Epistola
770 3333 827 3398 xt.
840 3336 879 3398 ad
894 3335 1084 3417 Sulpitium,
1099 3354 1175 3397 sau·

74 3435 149 3490 ctum
167 3430 340 3512 episcopum
357 3443 451 3498 vocat
471 3434 650 3498 loannem:
668 3456 685 3495 a
703 3433 844 3510 Partem,
860 3437 975 3515 inquit,
991 3435 1174 3514 particulae

72 3525 105 3588 de
123 3527 220 3609 Ligno
233 3533 348 3598 Crucis
370 3535 509 3609 divinae,
527 3535 614 3615 quod
637 3535 729 3598 uobis
751 3536 872 3598 bouum
894 3535 1052 3598 benedicta
1073 3533 1175 3598 Mela·

74 3627 117 3690 nia
137 3631 177 3692 ah
197 3631 404 3698 Hierusalem
426 3653 560 3699 munere
589 3636 689 3699 sancti
714 3637 786 3698 iude
808 3638 948 3717 episcopi
970 3635 1102 3699 loannis
1125 3645 1171 3698 at·

76 3729 152 3792 tutis
168 3753 183 3790 a
197 3733 277 3798 item
293 3735 543 3820 chrysostomus
564 3739 596 3799 in
617 3737 762 3818 Epistola
776 3733 825 3801 88.
850 3737 889 3800 ad
906 3737 1068 3811 eumdem,
1087 3735 1172 3798 istud

76 3827 111 3891 de
130 3831 222 3910 ipsius
240 3839 409 3899 sanctitate
427 3837 657 3901 documentum
674 3837 819 3918 reliquit,
835 3837 958 3900 diceus:
977 3835 1173 3900 «Cucusum

78 3929 199 4010 relegati
221 3953 358 3998 sumus:
382 3955 439 4000 uec
463 3945 607 3999 tamena
632 3947 737 4001 vestra
760 3940 917 4002 charitate
937 3939 1062 4000 semoti.
1086 3936 1172 3999 illud

77 4031 184 4094 etcuim
205 4035 236 4096 in
255 4035 396 4099 aliorum
413 4043 570 4115 potestate
591 4039 688 4100 situm
705 4046 787 4112 erat,
806 4038 867 4100 hoc
881 4043 989 4100 autem
1005 4039 1036 4098 iu
1051 4043 1172 4098 nostru.

80 4125 287 4202 Quamobrem
309 4137 364 4200 hic
384 4137 556 4215 degentes,
579 4155 617 4199 ac
631 4145 726 4200 'tanto
748 4137 1056 4212 intervallarium,
1082 4155 1174 4199 sene-

81 4231 185 4296 ratioui
200 4243 325 4303 restrae
345 4238 532 4314 scribimus;
552 4255 673 4316 uosque
696 4238 881 4315 hortamur,
897 4245 932 4300 ut
952 4237 1173 4301 tortitudinem
1226 4267 1227 4270 ¹
