2994 4938
1102 379 1140 434 rx

65 507 171 585 usque
199 485 305 562 modo
322 447 564 573 desideratur,
592 508 636 562 ac
662 485 780 562 solum
809 477 1011 567 natatorio
1039 486 1141 562 litte·

63 614 109 687 ris
142 615 256 712 ipsius
293 615 479 692 Pontificio
519 613 564 690 sd
594 613 785 690 Rusticum
815 627 854 690 et
884 613 1141 691 Sebastianum
1267 681 1274 694 .

63 740 238 816 diaconos.
261 743 353 820 Item
381 741 537 818 alterum
563 741 811 819 Constitutum
839 741 1050 840 etquidem
1078 765 1141 840 ge-

63 869 220 957 nuinum,
253 869 349 968 quod
377 871 606 946 novissimam
634 870 852 968 nuncupavi,
874 883 913 944 et
939 873 1042 961 cujus
1069 868 1142 942 iui-

64 995 160 1070 tium:
198 997 324 1072 Aetius
349 998 634 1074 archidiaconos.
672 995 838 1074 Tertium
864 1019 953 1072 vero
985 1019 1144 1096 apocry-

64 1124 182 1220 phum,
210 1127 307 1224 quod
337 1149 358 1200 a
385 1123 516 1222 Vigilio
544 1127 677 1202 dicitur
703 1125 817 1202 fuisse
845 1125 1049 1203 Iustiniana
1079 1125 1143 1200 da·
1183 1215 1185 1220 ¹

64 1265 149 1340 tum,
181 1253 333 1351 incipit:
371 1251 472 1330 Inter
497 1256 703 1330 tanumeros
731 1253 1016 1338 sollicitudines}
1044 1253 1141 1352 quad

64 1401 142 1452 sane
168 1395 277 1456 notas
304 1381 518 1460 manifestas
536 1381 677 1482 profert
701 1382 860 1481 praelati
877 1382 1076 1458 Constituti
1105 1381 1142 1454 in

64 1509 274 1584 contrariam
306 1533 395 1588 vero
431 1512 651 1590 senteutiam
692 1511 906 1606 transversi,
933 1510 1048 1588 veluti
1075 1531 1143 1584 suo

17 1619 27 1716 .’
63 1633 136 1712 loco
157 1638 421 1736 disputabitur.

162 1763 296 1842 Petrus
323 1766 376 1844 Ile
402 1765 522 1852 blaraa
550 1770 612 1868 qui
640 1769 677 1844 in
705 1766 855 1868 speciali
887 1766 1143 1844 dissertatione

66 1889 112 1966 Dc
141 1887 264 1992 Vipitit
301 1892 590 1996 Papacdeereto
613 1921 680 1997 pra
717 1897 980 1994 confirmatione
1008 1891 1144 1994 Synodi

71 2015 106 2094 V.
125 2045 160 2096 a.
188 2017 256 2099 23.
287 2026 453 2112 miratus,
472 2025 607 2102 nullom
636 2025 685 2100 ibi
714 2024 849 2110 iactam¹
877 2047 958 2100 esse
987 2022 1144 2098 mentio-

67 2171 142 2224 nem
170 2152 215 2229 de
256 2152 423 2250 Origeois
462 2155 710 2238 anathemate,
737 2153 905 2252 putavit:
934 2150 1143 2226 «mutilata

69 2301 107 2352 ac
131 2293 299 2356 truncata
328 2280 441 2358 luisse
469 2282 631 2374 eiusdem
659 2280 813 2356 Consilii
841 2279 947 2364 Acta,
975 2276 1143 2374 eoquod

68 2403 189 2482 ibidem
217 2407 317 2484 nulla
337 2409 551 2498 instituatur
577 2408 737 2508 cognitio
764 2409 809 2484 de
828 2408 992 2506 Origenis
1020 2428 1144 2492 causa,

67 2535 174 2614 scieas
201 2550 366 2612 ceterum
396 2537 493 2635 quad
522 2537 636 2636 ipsius
674 2535 792 2634 vigilii
820 2535 1005 2610 videretur
1032 2533 1144 2607 luisse

67 2661 212 2738 officium
232 2688 306 2739 nan
336 2688 378 2741 ea
408 2666 742 2765 praetermittendi,
761 2687 805 2740 eo
832 2665 948 2762 magis
967 2662 1060 2762 quod
1080 2684 1147 2736 an-

68 2801 99 2862 te
116 2793 299 2868 sexdecim
320 2815 451 2881 anuas,
471 2792 567 2868 idest
587 2815 681 2868 anna
700 2786 791 2868 538.
811 2793 855 2867 ad
876 2788 1143 2889 suggestionem

67 2911 190 3016 Pelagii
219 2920 364 2995 diaconi
391 2935 430 2996 et
470 2921 693 3019 apocrisiarii
732 2919 915 2996 Ecclesiae
944 2917 1145 3000 Romanae,

67 3039 286 3123 lastinianus
305 3071 369 3123 sua
390 3049 567 3124 adversus
587 3049 780 3146 Origenem
810 3049 972 3124 oratione
996 3051 1145 3143 ejusque

67 3167 317 3273 blasphemias,
346 3175 512 3253 Mensam
534 3179 778 3277 patriarcham
807 3178 974 3252 hortatus
1002 3175 1145 3256 suisset,

67 3313 104 3376 ut
126 3304 205 3380 illas
235 3329 305 3384 una
335 3329 417 3380 cum
447 3307 630 3403 episeopis
658 3307 694 3379 in
722 3305 811 3382 urbe
840 3304 1055 3402 degentibus
1083 3323 1144 3374 re-

68 3429 131 3522 gia,
149 3432 345 3526 subjiceret
372 3434 614 3508 anathemati.
631 3434 730 3508 ldem
756 3434 946 3526 iudicium,
967 3432 1079 3505 misso
1107 3449 1140 3501 e·

68 3555 156 3632 dicto
183 3584 265 3649 suo,
285 3583 305 3636 a
328 3561 456 3660 Vigilio
486 3563 583 3660 Papa
611 3577 649 3639 et
676 3564 722 3637 ab
750 3563 831 3638 aliis
856 3561 1146 3661 patriarchisex·

68 3687 188 3780 petivit
215 3703 254 3764 et
291 3691 514 3789 impetrauit.
544 3688 646 3780 Quod
686 3702 842 3766 testatur
870 3689 1060 3765 Liberatus
1088 3687 1145 3764 bis

68 3813 179 3892 verbis
206 3818 242 3891 iu
271 3813 449 3894 Brevioria‘
480 3819 600 3917 cupite
627 3815 755 3893 XXlll.

169 3943 264 4022 «Ea
282 3947 430 4044 jubente
460 3950 533 4022 cive
560 3948 723 4022 lcartaate
755 3943 981 4044 (Iustiniana)
1011 3944 1146 4021 dictata

69 4081 112 4140 ert
134 4071 170 4144 in
198 4071 386 4174 origenem
414 4088 447 4149 et
476 4075 513 4148 in
542 4074 605 4149 illo
633 4071 788 4174 capitula
817 4073 1053 4148 anathematis
1080 4071 1146 4145 da·

69 4199 207 4276 mnatiot
236 4225 341 4301 prtum
366 4202 643 4302 srtbscripseruat
668 4225 739 4276 arao
768 4223 848 4276 cam
864 4195 990 4277 Menon
1013 4197 1146 4274 arcltic·
