2982 4934
53 497 125 546 com
147 481 287 546 venisset
299 481 430 565 quttam
450 481 617 562 diaconos,
632 485 689 564 qui
709 482 807 548 simol
827 500 902 550 curo
922 485 969 548 eis
990 486 1053 550 iter
1073 482 1157 550 iece-

54 591 114 660 rst‚
137 584 266 661 retulit,
288 583 460 668 cyriacum
481 583 611 666 quidem
632 602 816 650 emesenum
841 583 1013 669 Palmyrae
1038 585 1069 648 iu
1097 581 1158 650 cn

51 686 143 750 stello
164 685 343 752 Persarum
363 705 451 763 esse,
482 687 643 767 octoginta
664 685 857 751 milliaribus
879 685 965 750 ultra
988 683 1160 750 Emesama

54 785 225 872 Eulysinm
246 788 397 852 similiter
411 791 596 869 episcopum
609 785 755 864 Bostrae,
771 785 912 854 ulterius
932 787 1046 852 itincre
1067 786 1170 852 trium'

52 888 172 952 dierum
188 889 221 950 iu
238 889 375 952 castello
394 888 532 952 erebum
545 885 691 968 Hirpine
712 887 811 964 elicto,
835 887 996 952 saracenis
1017 885 1167 968 ediscen-

29 995 31 1000 ’
53 999 99 1052 te:
124 985 309 1054 Palladium
330 991 516 1071 episcopum
537 991 569 1052 in
601 990 715 1054 ricinia
744 987 944 1075 ntemmpom
964 998 1025 1054 ιιι
1044 988 1168 1056 aethio-

53 1109 137 1170 pum,
159 1091 320 1156 custodiri
341 1094 373 1154 in
403 1093 521 1174 oppilo
542 1091 645 1178 Syene
665 1091 773 1156 dictor
807 1088 1008 1157 Demetrium
1029 1091 1164 1156 interius

55 1190 176 1255 inasi
198 1193 378 1258 manieilsus
400 1196 655 1273 proximn3suut
673 1193 756 1256 enim
776 1192 860 1256 alise
880 1189 994 1258 Oenea.
1016 1191 1165 1273 Serapio·

55 1311 120 1359 uem
133 1302 245 1360 autem
264 1303 335 1374 post
349 1295 532 1360 innumeras
547 1296 669 1376 ubsque
682 1295 750 1360 ulla
768 1294 957 1375 probatione
971 1295 1164 1371 calumnias,

57 1411 275 1460 summu-cum
285 1396 433 1478 judicum
454 1397 649 1462 erooelitate
663 1412 792 1460 caesum
813 1395 853 1458 au
868 1397 1093 1462 excussionem
1115 1413 1168 1464 us·
1247 1413 1254 1426 ·

55 1497 292 1574 querentium,
316 1506 355 1563 ut
375 1498 458 1562 lama
479 1508 539 1575 est,
562 1499 594 1562 in
615 1499 752 1578 patriam
772 1513 865 1562 snam
888 1498 1086 1577 relegarunt.
1109 1497 1167 1564 lit·

56 1595 151 1662 larius
173 1598 225 1660 sir
245 1604 376 1664 sanctus
397 1605 430 1662 et
448 1615 547 1664 senen
570 1599 601 1660 io
621 1599 769 1663 intimum
797 1597 935 1682 Pontum
957 1600 1071 1680 pulsus
1092 1609 1163 1674 est,

59 1697 153 1778 plagis
172 1699 339 1776 concisus,
361 1717 424 1762 nou
445 1717 464 1762 a
483 1699 606 1780 judice,
627 1699 683 1763 ιιι
703 1717 721 1762 a
745 1699 855 1764 clero:
871 1699 928 1780 qui
948 1700 1059 1766 siccem
1081 1711 1114 1765 et
1133 1721 1169 1764 o·

58 1805 105 1862 cto
124 1799 241 1864 abhinc
257 1800 347 1864 anuis
368 1817 482 1882 panem
503 1819 566 1866 nou
593 1799 745 1880 gesserit,
768 1801 857 1865 olere
878 1801 947 1866 sola
969 1810 1003 1866 et
1023 1802 1166 1866 trumen-

60 1907 121 1962 tum
140 1909 276 1966 coetum
296 1901 392 1966 edens
395 1946 538 1967 .......
549 1901 599 1968 Ac
619 1905 734 1968 ceteris
753 1905 964 1980 enumeratis,
986 1905 1042 1984 qul
1064 1905 1095 1965 iu
1116 1919 1170 1966 ea·

60 1999 125 2100 lem
145 2019 245 2066 causa
262 2001 346 2083 pessi
366 2010 453 2076 suut,
469 2001 578 2066 odiit:
596 2023 612 2062 s
628 2002 808 2083 Stepheuus
829 2004 1017 2077 monachus,
1032 2005 1089 2084 qui
1115 2023 1168 2068 ro·

61 2118 224 2168 nouorum
245 2104 398 2184 epistulas
418 2104 558 2180 detulit,
580 2104 623 2170 ol)
644 2105 674 2172 id
697 2106 805 2184 ipsum
824 2104 1033 2182 verberatus,
1055 2104 1167 2170 decern

62 2219 176 2268 menses
190 2203 469 2286 tlonsmmtoepolt
489 2207 520 2272 iu
541 2223 673 2271 carcere
695 2209 793 2271 vitam
807 2209 884 2288 epit.
900 2204 982 2272 Gom
1002 2215 1112 2273 autern
1134 2208 1182 2270 ui·
1241 2257 1245 2268 .

61 2308 238 2372 commuuio
260 2311 423 2388 preposite
445 2315 541 2383 esset,
562 2315 595 2370 et
616 2323 679 2370 uon
700 2308 935 2388 requievisset,
959 2308 1115 2372 luteribus
1134 2317 1169 2372 et

63 2415 185 2485 pectore
204 2409 405 2488 nugularum
428 2408 578 2473 violentie
600 2409 762 2483 isocratis,
784 2408 879 2488 cuius
900 2410 947 2472 rei
970 2409 1038 2490 ipse
1057 2410 1168 2474 ocula·

65 2507 301 2588 tus'testieiui,
322 2511 441 2576 Christi
463 2510 664 2592 prouidentia
687 2510 718 2574 io
744 2511 884 2574 ιιιιιιι
908 2509 1044 2574 tortusue
1064 2517 1168 2574 eorta-

64 2609 138 2673 mina
151 2619 314 2688 servolus,
337 2621 409 2695 post
422 2612 584 2678 decimum
604 2629 684 2679 suae
704 2613 881 2677 curationis
896 2629 1050 2688 mensem,
1073 2610 1169 2676 Pelu-

64 2711 138 2774 sium
157 2713 323 2795 relegatus
343 2721 401 2780 ιιι
417 2759 526 2778 .....

137 2813 185 2881 lio
212 2825 324 2880 autem
348 2835 451 2898 usque
464 2816 668 2880 crudelitatis
690 2821 913 2897 proruperunt
926 2816 1079 2882 locorum
1097 2816 1169 2880 illo-

67 2931 132 2978 rum
145 2919 286 2997 episcopi
301 2919 340 2982 de
355 2919 580 2982 communione
595 2915 766 2998 Theophili
782 2935 841 2996 per
861 2923 965 2981 totum
985 2915 1166 2993 Orientem,

65 3016 141 3080 sient
158 3019 273 3083 retulit
294 3019 482 3094 monachus,
504 3019 561 3099 qui
582 3019 657 3082 ioue
677 3018 794 3097 rediit,
818 3025 856 3082 ut
883 3019 1032 3100 plerique
1052 3035 1168 3081 eorum

67 3133 121 3180 uon
134 3120 228 3184 medo
249 3119 389 3184 delitam
404 3121 635 3185 immunitetem
658 3122 777 3185 uostris
797 3139 859 3186 uon
874 3120 1095 3198 exhibuerim
1114 3139 1166 3184 ve-

68 3235 134 3281 rum
153 3220 235 3286 detis
248 3221 448 3297 muneribus,
464 3225 687 3303 praetorianos
701 3223 818 3287 milites
838 3221 1038 3295 induxerint,
1054 3228 1092 3284 ιι
1111 3237 1168 3284 ιιι

69 3322 149 3384 ocius
169 3325 388 3389 scisitatibus
407 3325 665 3405 expellerent...
681 3323 771 3390 llaec
792 3330 901 3388 sutem
925 3320 980 3385 tibi
1000 3339 1061 3400 pro
1084 3321 1169 3383 virili

69 3422 181 3488 anobis
200 3424 286 3488 dicta
307 3425 380 3516 sint.
403 3423 509 3506 Siquis
529 3433 638 3489 autem
658 3426 770 3489 serius
791 3432 824 3489 et
847 3423 1027 3503 elegentius
1048 3421 1168 3492 diceus,

70 3519 312 3590 imbecillitatem
333 3530 475 3592 uusirnm
496 3527 739 3602 emendaverit,
768 3528 856 3590 huuc
875 3526 1015 3590 libenter
1034 3523 1170 3603 aecipie-

71 3637 135 3688 mus
159 3635 196 3691 ut
216 3633 438 3692 correctorem
460 3633 493 3692 et
513 3628 654 3694 lrutrum
676 3637 855 3705 amentem,
877 3636 976 3710 atquo
1002 3623 1168 3690 Sersatori

73 3725 179 3801 gratias
197 3745 331 3810 agemus
353 3736 490 3812 propter
508 3730 627 3794 omnis.
643 3727 767 3793 Verum
787 3730 856 3809 ipse
877 3729 955 3794 milti
977 3745 1103 3810 expone
1117 3743 1171 3792 er·

74 3823 226 3894 clientulis
240 3829 361 3916 synodi
381 3847 516 3912 scopum
532 3839 565 3896 ot
577 3831 759 3908 decretum,
775 3837 808 3894 ιι
821 3829 951 3911 eissigno
971 3829 1068 3915 serbe
1084 3841 1169 3905 mea,

75 3922 219 4004 siquidem
242 3929 298 3994 tibi
320 3931 528 4012 placuerunt,
551 3941 589 3996 ιι
609 3929 735 3996 utiliter
754 3931 850 3994 dictu.

144 4027 230 4094 Diuo.
252 4029 322 4094 Tibi
344 4030 487 4114 quidem,
510 4034 567 4114 qul
589 4033 670 4097 haec
689 4033 841 4108 nurrssti,
863 4031 919 4095 sict
940 4030 1027 4095 Deus
1049 4033 1172 4098 miseri-

76 4129 204 4194 euriiam
219 4133 372 4216 consequi
386 4135 419 4197 in
435 4135 493 4196 illa
509 4133 573 4208 die,
596 4142 664 4198 tum
687 4135 762 4215 quio
777 4151 795 4196 ι
813 4132 924 4196 ιιιιιιι
946 4133 1172 4198 communione

78 4227 253 4316 retinuisti,
278 4242 345 4301 tum
367 4236 443 4318 quis
462 4235 556 4301 uulsis
577 4235 658 4308 lesse
677 4241 791 4317 aperte
810 4234 1001 4300 emersisti.
1017 4235 1171 4302 lieterum
