2982 4934
114 437 299 519 Pneterea,
321 446 358 507 ut
378 440 410 505 iu
430 435 491 508 hae
512 437 699 522 quaestione
719 436 859 520 amplius
877 433 1049 518 Theophili
1069 455 1146 502 auu·

37 559 173 623 rumque
192 542 370 606 satellitum
400 541 591 624 improbitas
612 547 742 622 pateat,
773 556 897 604 ecana
920 537 1149 619 chrysostomi

34 643 342 723 monachorumque,
366 659 449 724 quon
471 643 538 723 ipse
559 642 646 723 spui
669 660 704 710 so
723 647 922 720 susceperat,
948 641 1072 704 sincera
1094 639 1148 702 lu·

35 749 135 808 eeacat
155 743 248 820 noes,
270 751 304 808 et
324 745 463 808 maxime
485 742 613 820 isidori,
635 743 667 806 iu
688 759 786 823 quem
810 741 1018 806 vehementer
1041 741 1149 804 iucen-

35 860 85 908 sus
103 851 153 908 est
180 843 266 910 idem
287 842 509 925 Theophilus,
541 853 654 910 testem
686 841 881 924 nuncupabo
911 842 1148 908 “notissimum

38 947 138 1008 uirum
158 945 356 1012 coelestibus
375 948 556 1027 auimatum
578 945 745 1021 doctrinis,
777 944 942 1025 ritumque
967 942 1146 1024 angelicam

37 1044 72 1106 atl
92 1046 218 1110 ohitum
234 1065 338 1130 usque
359 1047 615 1128 protrahentem,
631 1053 663 1110 ct
677 1045 772 1128 eujus
793 1044 878 1108 lama
900 1051 1004 1110 totum
1023 1044 1149 1109 discur-

40 1145 123 1208 rehst
141 1146 281 1223 orbem,
304 1146 465 1212 isidorum
488 1145 696 1211 l'elusiotam.
722 1143 788 1222 Qui
808 1163 885 1210 saue
904 1151 939 1212 at
959 1144 1034 1225 ipsis
1056 1143 1150 1208 lactis

40 1246 216 1324 prosimus,
238 1253 273 1310 et
293 1246 459 1312 homiuum
479 1247 512 1311 iu
533 1265 573 1314 eo
588 1246 762 1312 certamine
782 1246 993 1326 pugnantium
1014 1245 1148 1320 certior,

41 1345 68 1408 in
86 1349 150 1413 ruia
171 1347 318 1427 epistulis
338 1349 452 1412 euclem
474 1357 634 1424 testatur,
665 1363 752 1428 quae
774 1363 878 1427 usqne
906 1345 1002 1412 motio
1022 1346 1147 1421 statui,
1277 1338 1280 1344 ’

43 1453 110 1512 truc
130 1449 352 1512 Alexandriae
373 1458 460 1531 qesta
481 1450 592 1531 inique
611 1449 769 1514 adversus
791 1448 964 1514 monachos
984 1453 1018 1512 et
1039 1454 1150 1526 postea

41 1545 309 1629 Constantinopoli
330 1549 504 1616 nivernum
530 1549 797 1634 chrysostomum
820 1567 860 1613 ex
882 1546 1056 1629 Theophili
1076 1566 1152 1614 suo

42 1665 172 1730 rumque
192 1649 330 1714 ambitu.
354 1651 401 1725 lta
417 1669 558 1734 namque
577 1653 610 1714 iu
630 1650 766 1731 epistola
786 1645 858 1718 etti.
875 1649 963 1716 Libri
979 1650 1004 1714 l.
1025 1651 1066 1713 uti
1088 1648 1151 1733 Cp·

44 1750 144 1814 nillum
166 1753 269 1832 ipsius
289 1749 459 1832 Theophili
483 1761 636 1833 nepotum
656 1754 772 1831 inquio
786 1773 803 1812 ι
816 1751 880 1829 Qui
901 1753 947 1818 sic
967 1753 1151 1832 tuqnchnue

45 1859 104 1926 tur,
124 1862 221 1918 eraut
238 1852 349 1919 Patres
370 1853 490 1940 Spuoii
510 1855 704 1942 ephesianae
728 1855 822 1920 multi
843 1855 928 1920 euim
949 1873 992 1918 ex
1012 1855 1070 1930 ils,
1091 1855 1149 1935 qui

45 1947 154 2032 Ephesi
170 1955 278 2018 coacti
298 1963 387 2033 aaut,
410 1963 441 2020 te
467 1955 655 2033 traducunt,
683 1963 721 2022 ut
746 1963 818 2020 tuas
842 1955 1023 2019 inimicitius
1044 1973 1152 2037 perse·

46 2061 187 2134 quonlam
212 2065 249 2120 et
271 2057 494 2135 ulciscentem,
516 2075 556 2142 cc
576 2074 640 2122 nun
661 2074 714 2132 ea,
735 2075 821 2138 quaa
835 2055 918 2122 Jesn
937 2054 1057 2122 Christi
1079 2063 1156 2122 root

47 2155 238 2234 orthodoxa,
257 2165 479 2240 quaerentem.
502 2155 673 2238 Theophili
689 2158 864 2239 (inquiunt
883 2156 1063 2222 uircrsurii
1086 2157 1153 2233 thil

49 2271 85 2318 ex
103 2273 218 2322 sorore
238 2275 351 2337 nepus,
372 2266 405 2323 et
419 2258 508 2324 illius
522 2267 662 2324 mentem
677 2265 712 2322 et
729 2261 920 2325 senteutiam
938 2257 1095 2322 imitatur.
1111 2254 1155 2322 tlt

48 2357 121 2420 euim
142 2355 199 2422 illo
211 2358 422 2439 perspicuum
435 2357 592 2424 strenus
608 2359 761 2424 diviuitas
783 2355 926 2423 ablatum
942 2377 981 2422 ac
995 2358 1064 2424 ileo
1077 2358 1154 2424 cha·

49 2472 114 2521 rum
134 2457 244 2547 rirunp
265 2455 436 2535 loannem,
452 2457 600 2526 iurarem
621 2459 759 2538 effudit3
777 2460 824 2524 sic
844 2460 941 2524 etiam
963 2456 1157 2554 istciTteo

50 2557 119 2636 phili
133 2558 253 2640 nepes)
268 2558 401 2639 gloriari
420 2576 458 2624 uc
478 2577 513 2624 ee
530 2559 657 2641 jactare
676 2560 812 2638 expetit,
831 2559 957 2624 etiamsi
969 2558 1093 2639 alioqui
1107 2559 1157 2626 la·

51 2663 112 2726 tom
130 2663 171 2726 sit
190 2665 278 2728 ieter
297 2679 366 2737 eos,
387 2660 444 2742 qui
465 2668 674 2737 secuuntur,
695 2661 877 2726 discrimen.
901 2681 917 2718 s

120 2759 245 2827 ilerum
266 2761 401 2844 majoris
414 2762 565 2825 momenti
587 2760 682 2836 hunt,
703 2779 788 2842 quse
809 2762 877 2842 ipse
894 2761 1057 2827 Pelusiotu
1078 2760 1157 2826 sori·

50 2858 91 2923 hit
108 2861 146 2928 tie
165 2862 281 2928 coelem
295 2860 476 2942 Theophila
497 2864 529 2926 iu
543 2861 686 2943 Epistola
701 2859 771 2928 152.
793 2863 937 2944 eiusdem
960 2860 1094 2926 hierii.
1115 2861 1156 2923 ati

53 2958 295 3044 Symmachum:
311 2984 331 3024 c
348 2961 464 3028 Petita
482 2981 546 3041 me,
557 2963 615 3040 ait,
632 2971 668 3026 ot
681 2963 780 3028 divini
797 2964 857 3026 riri
875 2961 1009 3028 loannis
1031 2971 1159 3043 traque·

54 3060 128 3128 iiam
143 3065 198 3129 tibi
221 3082 393 3146 erponem.
411 3065 454 3128 tit
473 3082 544 3128 eam
565 3065 732 3145 explicare
746 3081 894 3145 uequeoc
919 3071 1056 3130 mentem
1073 3065 1158 3131 enim

55 3179 99 3226 res
118 3166 173 3230 ista
194 3172 340 3245 superet.
363 3161 489 3228 Verum,
507 3182 610 3245 pauca
632 3165 792 3245 quaedum
812 3164 1028 3232 curtilicius
1051 3165 1159 3247 Aepy·

55 3265 192 3342 ptoshoc
211 3282 342 3346 semper
362 3265 395 3328 iu
409 3283 500 3330 more
521 3264 647 3343 hahuit,
670 3272 707 3330 nt
728 3266 837 3346 inique
858 3272 890 3328 et
905 3266 1028 3346 perdite
1048 3285 1083 3342 se
1106 3283 1160 3344 ge·

55 3371 153 3443 reret,
174 3363 302 3430 Mosem
324 3364 472 3430 videlicet
493 3365 666 3446 repudians
686 3373 719 3430 et
732 3366 935 3432 Pharaonem
956 3366 1156 3443 admiscens,

55 3461 182 3530 humiles
203 3483 242 3530 ac
263 3463 417 3530 demissus
445 3464 552 3548 iiugria
573 3467 732 3544 lacerans,
757 3466 942 3532 laborantes
961 3469 1157 3547 opprimens,

55 3564 142 3630 urbes
161 3574 319 3632 extruere
334 3566 474 3649 iubens,
496 3574 530 3632 et
550 3568 731 3632 mercedem
751 3585 871 3649 aequus
882 3588 893 3646 ς
916 3579 1014 3649 atque
1034 3567 1074 3632 sd
1096 3568 1159 3632 hac

57 3679 151 3746 usquo
171 3675 298 3749 tempus
314 3666 353 3764 in
366 3667 484 3732 eistlem
504 3668 619 3736 studiis
634 3669 780 3733 haerens.
803 3667 966 3750 Siquidem
989 3671 1099 3734 insono
1113 3669 1160 3730 lu·

58 3764 202 3842 pillarum
215 3784 328 3831 amore
341 3765 542 3849 flagrantem,
564 3773 664 3848 utque
684 3784 804 3832 aurum
820 3785 880 3847 pru
899 3769 1028 3830 numine
1044 3769 1160 3836 habeu-

60 3870 115 3930 tem
133 3865 361 3950 Theophilum,
377 3873 522 3948 quatuor
540 3867 637 3932 sooiis
651 3869 750 3933 immo
763 3867 954 3948 coapostolis
971 3875 1098 3949 septum
1120 3886 1159 3932 ne

60 3967 205 4032 munitum
227 3971 259 4034 iu
281 3967 423 4034 medium
443 3966 633 4048 protereus,
666 3968 756 4049 pium
779 3969 888 4032 sirum
907 3985 946 4032 nc
974 3969 1158 4032 divinarum

62 4079 161 4132 rerum
180 4067 326 4134 occutus
341 4067 523 4150 praeditum
538 4068 749 4150 expugnatio
765 4067 877 4132 otium
894 4065 1045 4132 vilelicet
1055 4076 1089 4131 et
1104 4067 1162 4130 ini·

62 4163 333 4336 inhibentium&
354 4165 692 4250 succensemini
714 4163 839 4244 eodem,
863 4181 930 4248 quo
952 4182 1020 4333 eqo1
1022 4166 1160 4332 ⁷numine

196 4289 214 4332 0
230 4315 238 4332 s
319 4313 326 4330 .
