3028 4942
76 452 129 534 ptis
148 453 412 522 insimulationum
426 455 584 536 capitibus
603 455 759 521 udsersus
778 453 972 537 Origenems
989 453 1097 533 «Legi
1118 455 1160 518 0·

74 556 214 634 bigenem,
235 559 349 639 inquit,
372 566 405 622 et
429 559 454 621 si
475 560 508 622 in
527 558 663 638 legendo
684 559 805 623 crimen
826 566 885 634 est,
909 557 1014 621 latcor
1025 575 1036 636 ;
1058 563 1090 620 et
1104 574 1161 620 no·

72 661 164 720 strum
185 660 381 737 marsupium
402 667 604 722 evacuarunt
625 659 757 724 chartae
788 659 1026 722 alexandrinae.
1043 677 1061 716 n
1076 657 1163 721 ldest

74 775 211 822 errorum
230 777 345 823 census
365 759 498 841 Origeui
518 762 759 842 inscriptorum.

143 857 233 936 Quod
247 863 386 942 emplius
407 863 557 927 lirmatnr
570 863 611 926 ab
625 863 768 944 eiusdem
790 861 935 944 Epistola
957 862 995 924 sd
1012 861 1160 942 Avitnm3

75 959 100 1022 iu
117 961 204 1042 eujus
219 961 281 1026 line
302 981 333 1025 n.
354 960 403 1028 15.
427 965 506 1027 boec
519 965 694 1044 leguntur:
711 982 728 1023 o
744 962 898 1044 Quisquis
918 963 1018 1042 igitur
1032 963 1090 1024 bos
1104 979 1161 1024 vo·

73 1061 156 1126 luerit
175 1063 283 1144 legere
309 1065 410 1129 libros
432 1067 442 1146 (
454 1065 498 1128 De
519 1064 714 1144 Principiis)
743 1074 776 1129 et
796 1065 937 1129 calciatis
966 1064 1098 1145 pedibus
1119 1062 1159 1126 ed

75 1171 177 1226 terrum
193 1167 449 1246 repromissionis
468 1185 616 1248 pergere,
631 1168 745 1230 necubi
761 1185 779 1229 u
793 1166 995 1246 serpentibus
1014 1165 1163 1227 mordea-

75 1269 129 1339 tor,
146 1275 178 1328 et
195 1274 333 1331 arnusto
345 1269 464 1348 scorpii
487 1269 622 1332 vulnere
642 1269 851 1345 verberetur,
867 1269 953 1348 leget
973 1268 1063 1348 prins
1076 1267 1161 1328 bunc

76 1363 192 1446 libromy
213 1375 248 1430 et
267 1377 442 1448 antequem
469 1370 671 1449 ingrediatur
692 1370 798 1445 siam,
830 1385 915 1449 quse
934 1369 994 1432 sibi
1019 1370 1162 1433 cuseudu

77 1475 146 1542 sunt,
163 1472 305 1533 noverit.
319 1487 337 1528 n
352 1469 436 1534 Hinc
453 1473 629 1551 arguitur,
652 1468 887 1555 Hieronymum
908 1472 1062 1552 majorem
1085 1471 1162 1534 boio

77 1564 167 1632 libello
185 1571 387 1649 praestitisse
407 1570 515 1647 fldem,
537 1588 635 1652 quarn
656 1572 824 1652 originali,
845 1571 929 1635 uude
950 1574 1162 1653 transcriptus

82 1675 150 1744 erat,
167 1669 361 1751 pertidoque
380 1673 576 1753 compositus
597 1673 743 1752 celam03
765 1679 798 1736 et
817 1674 849 1734 iu
873 1690 940 1752 quo
961 1672 1065 1734 omniu
1088 1691 1164 1735 cou-
1299 1717 1304 1728 .

80 1767 150 1832 duaa
167 1780 278 1836 errata
300 1773 502 1854 tegebantur,
518 1791 603 1855 qnae
623 1775 683 1856 ipsi
704 1772 836 1840 Ductori
858 1776 924 1837 risu
939 1783 1014 1838 snnt
1034 1774 1075 1836 ab
1089 1774 1164 1836 Ori·

77 1884 139 1948 geue
154 1873 199 1936 sic
218 1874 355 1953 scripte,
376 1875 423 1938 sic
443 1875 583 1950 traditu,
605 1876 649 1938 ita
670 1876 800 1956 abipso
826 1881 992 1954 conceptu.
1015 1873 1057 1938 Et
1076 1875 1164 1938 bunc

19 1971 22 1980 '
78 1971 207 2038 eumdem
226 1975 378 2038 libellum
401 1983 480 2039 teste
498 1974 626 2058 Cyrillo
646 1974 888 2058 Scytopolitnno
908 1975 941 2036 ln
956 1975 1021 2036 rita
1043 1992 1069 2037 s.
1085 1975 1163 2040 Seb-

77 2069 124 2134 bas
140 2073 261 2139 abbatis
285 2093 316 2137 ιι.
337 2071 388 2143 90.
412 2075 544 2157 insuper
563 2075 723 2154 probatur
742 2077 774 2138 in
796 2093 908 2138 munus
931 2076 1079 2138 transisse
1094 2075 1163 2138 slu-

76 2174 157 2236 ctoris
176 2173 344 2256 Epistulae
362 2176 403 2238 ad
425 2175 588 2252 bleuuam,
610 2176 737 2240 eusdem
760 2177 994 2255 praeferentem
1016 2176 1164 2255 blasphe-

76 2273 141 2337 mias
159 2271 354 2340 ndumentis
373 2277 549 2358 adscriptas
560 2297 572 2356 ;
602 2277 803 2357 proindeque
825 2287 901 2340 tune
924 2276 1031 2339 denno
1052 2285 1164 2340 contra

74 2372 200 2452 ejusdem
218 2378 325 2442 libros
341 2385 494 2459 tunquam
513 2378 667 2444 neiandos
682 2380 897 2442 instauratum
919 2387 967 2441 est
980 2380 1163 2458 nnatbemm

76 2479 114 2540 nti
131 2482 229 2544 enisis
251 2481 444 2558 constiterit,
466 2499 579 2546 eurum
600 2483 786 2545 litterarum
808 2491 953 2544 tenorem
974 2480 1103 2559 legenti.

139 2579 354 2658 Quantumsis
376 2601 475 2664 porro
500 2601 595 2664 seepe
615 2582 833 2668 Hieronymus
853 2585 1031 2646 obtestatus
1051 2583 1107 2658 eit,
1129 2599 1165 2645 se

74 2679 253 2746 rerbntecus
274 2681 423 2763 origenis
442 2682 543 2746 libros
573 2680 616 2746 Dc
636 2680 814 2763 Principiis
835 2682 968 2748 vertisse
988 2683 1028 2744 de
1050 2699 1167 2763 graeco

74 2779 100 2842 iu
115 2781 259 2859 lntiuum,
275 2801 335 2846 nec
355 2783 476 2863 aliquid
491 2784 660 2859 addidisse,
683 2802 789 2864 neque
802 2785 987 2866 dempsisse,
1004 2802 1168 2864 graecam·

73 2883 225 2958 quotidem
237 2883 338 2950 latinu
349 2884 531 2964 tutegritste
544 2901 702 2965 servesse3
714 2885 889 2949 iniunctum
903 2892 1008 2949 temen
1020 2885 1166 2949 laborem

73 2979 302 3067 inlaustumqne
321 3003 404 3065 opus
431 2985 504 3050 dico
521 2987 625 3050 miuus
639 2993 791 3050 securete
811 2993 1010 3067 susceptum,
1027 2985 1168 3068 inprobi

73 3083 123 3145 siri
144 3087 364 3168 vituperium,
385 3088 454 3151 sive
474 3086 576 3152 libros
598 3087 729 3151 tntsntos
759 3089 940 3152 consideres
961 3091 1031 3151 sire
1050 3107 1167 3152 eorum

72 3191 271 3252 summarium
292 3205 457 3253 errorum.
475 3188 578 3270 Opus,
599 3194 744 3269 inquam,
759 3207 820 3252 nec
840 3189 911 3266 sibi,
929 3209 988 3253 nec
1008 3187 1170 3271 Theophi-

74 3281 112 3358 ln,
124 3305 180 3352 uec
193 3287 376 3370 Epiphanio
390 3291 467 3354 setis
486 3300 691 3372 perspectum
707 3291 779 3366 luit,
802 3294 844 3355 ite
869 3300 906 3354 ut
927 3293 1012 3354 iuter
1032 3309 1168 3376 apocry-

74 3386 153 3465 pbas,
168 3389 253 3454 iuter
266 3395 394 3471 spurios
415 3391 606 3456 lulsatorum
628 3394 868 3474 suppellectiles
885 3393 1100 3456 mandendum
1122 3409 1171 3454 es-

74 3503 103 3549 se
118 3507 178 3554 uon
198 3494 367 3556 senserint.
384 3491 593 3558 Munitestum
614 3512 753 3575 nomque
765 3501 824 3569 est,
844 3495 893 3558 uti
913 3497 945 3557 in
966 3495 1119 3556 anteactis
1134 3511 1170 3555 o-

74 3589 175 3667 stendi,
196 3592 237 3656 de
258 3593 470 3674 quadraginta
492 3596 623 3658 circiter
643 3597 830 3659 testimoniis
850 3614 892 3659 ex
912 3595 1021 3676 Opere
1040 3593 1170 3659 Perias·-

76 3687 143 3754 cbon
157 3693 332 3773 excerptis,
346 3693 538 3776 insertisque
553 3695 718 3776 Epistulae
732 3696 771 3758 ed
785 3695 931 3773 Avitum,
947 3703 1045 3778 utque
1059 3695 1091 3758 in
1108 3697 1171 3760 boc

76 3785 176 3858 libello
202 3795 465 3875 comprehensis,
496 3798 524 3862 si
550 3797 693 3861 studiose
712 3797 938 3862 dictaminibus
961 3797 1171 3862 couterentur

79 3895 221 3960 versionis
242 3903 388 3976 quatuor
407 3898 568 3962 librorum
587 3917 605 3961 u
622 3898 751 3964 llnffino
772 3901 927 3976 sincerae,
950 3907 1048 3979 etque
1071 3916 1173 3980 snper

76 3992 205 4060 sinceros
216 3999 320 4064 tontes
330 3999 527 4076 elaboratos,
539 4000 667 4065 nullom
679 4002 808 4082 quidem
820 4009 958 4066 extores
972 4000 1172 4086 Hieronymo

78 4087 165 4158 latine
184 4099 399 4176 translatum,
430 4100 519 4181 quod
540 4104 711 4185 conceptui
731 4109 884 4167 consonet
904 4100 1073 4180 Origenis,
1096 4119 1171 4165 cum

78 4197 332 4268 praecedentibus
352 4201 526 4270 cobserent
546 4221 584 4272 ue
604 4201 881 4286 consequentibus.
909 4201 1097 4280 Quinimmo
1117 4220 1173 4300 pn·
