3186 4946
201 493 335 572 Quanto
355 513 455 577 porro
472 495 549 575 jure
570 494 806 576 comprobanda
826 493 889 558 sint
904 495 1073 576 bucusque
1086 511 1147 576 pro
1159 493 1233 558 Ori·

128 613 202 676 geue
221 598 366 662 discussa
388 608 499 664 contra
520 596 785 662 adversariorum
806 606 1007 677 praetextus,
1024 598 1113 660 nobis
1128 596 1233 659 adstat

127 715 254 778 quoquo
275 696 475 783 Hippolytus
495 699 664 779 episcopus
679 699 874 779 portuensis,
899 699 948 761 vir
961 698 1106 762 doctrina
1122 707 1154 762 et
1169 699 1235 778 pie·

129 805 189 860 tute
209 798 342 878 insignis
360 819 400 865 ac
420 801 493 864 selo
513 808 626 864 costra
642 801 790 864 baereses
804 800 1059 877 ardentissimus,
1074 799 1233 881 ejusdem·

129 915 189 976 que
214 898 367 982 Origenis
390 901 568 965 lumiliaris.
601 901 686 978 Quid
709 911 819 965 auteur
850 902 908 964 iste
929 900 969 963 tle
990 902 1078 965 illius
1108 900 1169 964 lide
1199 919 1237 964 ac

129 999 253 1063 scientia
275 1004 426 1078 senserit,
450 1009 609 1064 testentur
631 999 848 1086 Hieronymus
869 1011 900 1066 et
922 1001 1078 1066 Pbotiuss
1094 1021 1235 1083 quornm

129 1102 152 1163 is
166 1103 195 1164 in
210 1099 413 1166 Bibliotheca
430 1100 508 1166 Coti.
524 1098 595 1178 tut,
614 1104 693 1166 been
712 1105 843 1166 scribit:
861 1125 878 1161 u
894 1101 1028 1178 Ferunt,
1045 1104 1130 1166 bunc
1147 1103 1237 1184 lilip-

130 1203 287 1284 potytum)
303 1206 473 1269 conciones
484 1207 522 1267 ad
536 1206 708 1286 populum,
720 1204 869 1285 Origenis
883 1206 1059 1269 imitatione
1077 1205 1237 1280 habuisse,

130 1303 247 1384 illoque
272 1305 523 1370 familiarissime
548 1316 712 1382 utentem,
736 1315 860 1370 tantum
886 1325 954 1369 esse
977 1306 1096 1369 iactum
1118 1323 1240 1369 sermo·

131 1423 201 1468 nuru
222 1407 373 1488 ejusdem
395 1409 638 1482 admiratorem,
662 1419 698 1472 nt
718 1407 912 1472 edelsinum
934 1408 1134 1487 Scriptorum
1154 1424 1242 1470 com·

130 1509 284 1571 mentatio
310 1509 549 1586 illustrandam,
573 1507 731 1572 hortando
753 1509 934 1588 impulerit,
949 1510 1064 1571 additis
1079 1509 1175 1585 etiam
1191 1508 1238 1572 illi

129 1625 185 1672 suo
203 1618 341 1690 sumptu
356 1618 478 1690 septem
496 1611 628 1674 notariis
637 1630 649 1691 3
666 1611 722 1690 qni
734 1608 853 1671 dictata
869 1608 1021 1672 celeriter
1036 1611 1238 1690 exciperent,

132 1712 328 1792 totidemque
349 1711 504 1788 librariis,
526 1713 582 1794 qui
603 1718 758 1774 accurate
779 1710 1007 1773 describerent.
1031 1705 1121 1774 llaec
1140 1709 1241 1789 igitur

131 1812 422 1878 subministrantem
446 1809 659 1895 Hippolytum
685 1815 753 1877 sine
771 1815 957 1876 remissione
980 1812 1112 1876 solitum
1135 1814 1243 1891 erige·

133 1933 165 1978 re
183 1935 278 1997 opos,
294 1916 384 1996 quod
406 1917 604 1980 elaborasset
618 1913 794 1996 Origenes:
811 1922 909 1994 etque
924 1915 996 1978 bine
1020 1917 1117 1978 ctiam
1135 1911 1241 1994 operis

133 2026 301 2081 amtorem
318 2017 455 2095 epistole
477 2015 618 2097 quadam
639 2015 681 2081 ab
701 2034 740 2079 eo
765 2015 934 2079 nominari.
950 2033 967 2072 a
983 2011 1082 2078 Addit
1110 2016 1244 2094 insuper

133 2115 273 2196 lintius,
298 2124 478 2200 utrumque
498 2135 532 2180 se
554 2124 670 2182 mutuo
694 2116 734 2180 ati
756 2117 902 2180 laborem
922 2124 956 2180 et
973 2116 1116 2180 studium
1132 2117 1241 2178 borta-

134 2228 196 2284 tuut
217 2221 322 2284 luisse
340 2237 453 2284 rerum
476 2219 779 2284 ecclesiasticorum.
803 2217 1024 2300 Quapropter,
1047 2219 1072 2282 si
1087 2217 1245 2299 quodam·

133 2321 223 2386 motio
243 2321 398 2402 origenis
418 2319 497 2384 unes
520 2328 596 2385 tunc
617 2319 799 2400 periclitata
821 2321 918 2398 loret,
939 2322 1008 2384 sive
1035 2329 1101 2383 tam
1127 2336 1246 2399 pravos

132 2439 237 2488 sensus
259 2421 453 2505 protulisset
473 2430 584 2485 contra
606 2422 754 2501 dogmata
773 2421 962 2502 apostolica,
979 2421 1034 2483 vis
1048 2420 1244 2484 credendum

134 2531 189 2600 est,
201 2520 419 2606 Hippolytum
435 2522 479 2586 ita
493 2523 632 2586 sollicite
647 2522 745 2604 ipsius
762 2515 847 2586 dict'a
859 2521 1055 2586 semirutum
1067 2521 1244 2601 collegisse.

137 2619 210 2687 ltern
233 2623 444 2706 Apbricenns
465 2623 508 2686 ob
530 2623 630 2687 libros
653 2620 695 2685 Da
715 2631 888 2703 temporum
907 2620 988 2684 reric
1009 2621 1123 2685 sedulo
1139 2621 1249 2684 elabo-

136 2731 217 2788 raios
240 2733 321 2789 tuuc
344 2722 438 2788 velie
458 2721 721 2798 commendatus,
742 2723 774 2784 in
794 2721 943 2802 epistola,
964 2740 1062 2803 qnam
1076 2721 1188 2784 scribit
1202 2720 1244 2783 asi

136 2823 320 2906 Origeuem,
342 2843 458 2907 rogans
478 2825 556 2905 quid
578 2823 779 2890 sentiendum
800 2832 883 2889 esset
903 2824 943 2888 tle
965 2822 1106 2888 llistoria
1128 2821 1245 2888 Susan-

137 2943 212 3002 nse,
233 2926 388 2992 eumdem
418 2936 511 2992 vocnt
535 2921 657 2996 πάντων
680 2922 879 3019 reprimeres
902 2924 1044 2989 emnium
1072 2921 1249 2989 incoestis·

137 3043 254 3093 sessum.
