3186 4946
333 383 373 461 dl

332 493 475 574 angelos,
492 491 548 574 qul
570 505 802 573 suprapoenas
823 497 910 570 snat,
932 493 1009 575 qnia
1025 493 1246 559 misericordia
1267 493 1298 556 in
1317 496 1361 558 eis
1383 509 1453 558 non

331 604 379 659 est
401 603 462 658 etc.
479 593 553 660 »Et
573 593 651 674 quid
674 594 723 656 bis
745 595 977 658 assertionibus
999 591 1196 675 ignobilius'l

411 695 446 758 ln
468 697 529 759 bac
542 711 643 776 porro
664 695 852 774 quaestione
868 696 1139 775 praeveniendum
1158 704 1190 759 et
1211 704 1270 770 est,
1286 699 1373 777 qnod
1398 697 1448 760 le-

329 799 429 878 gitur,
441 797 553 878 plnres
564 796 713 877 Origenis
725 803 891 876 patronos,
904 805 1074 878 postqmm
1090 815 1107 859 a
1123 795 1303 878 Tbeopbilo
1314 798 1448 862 damna·

329 899 421 965 tinnis
442 900 610 963 decretam
638 898 848 963 inclamatum
881 906 930 962 esi
950 906 1062 962 cantra
1084 917 1160 961 eum
1182 909 1219 962 nt
1242 901 1445 963 haereticum

327 1006 359 1064 et
374 999 611 1082 blaspbemnm,
636 999 698 1062 tale
720 1001 805 1078 ipsos
825 998 992 1062 decretum
1014 999 1162 1078 iniquum
1185 1010 1364 1079 reputasse,
1393 1019 1448 1062 as·

326 1107 481 1177 serentes,
498 1100 622 1164 nullam
644 1097 1081 1178 infligendamdamnniionis
1103 1118 1238 1181 paenam
1260 1100 1322 1176 illi,
1343 1119 1446 1178 qoem

329 1199 441 1264 Patres
454 1202 571 1265 vetusti
586 1201 679 1263 valde
691 1201 888 1264 catholicum
902 1201 1116 1264 honorarunt.
1134 1198 1185 1262 Ex
1198 1201 1316 1280 quibus
1331 1201 1449 1265 Socra·

328 1306 428 1368 tesia
452 1301 549 1367 Libro
570 1301 642 1366 vil.
659 1299 742 1365 llist.
766 1300 891 1366 Eccles.
913 1319 941 1364 c.
963 1299 1061 1365 xiv.
1086 1308 1247 1378 testatur,
1269 1299 1447 1380 Origenem

326 1405 415 1467 annis
431 1405 561 1468 circiter
574 1405 721 1468 ducentis
736 1411 806 1484 post
824 1403 949 1466 obitum
964 1403 1063 1483 ipsius
1081 1420 1099 1466 a
1113 1399 1294 1482 Theophila
1315 1421 1450 1466 excom·

327 1506 525 1568 municatum
549 1504 669 1585 luisse3
700 1504 830 1583 qnando
851 1520 911 1583 per
932 1503 1014 1566 banc
1034 1503 1278 1567 obtestationem
1300 1504 1447 1582 neglecta

329 1606 414 1669 lorei
439 1604 592 1669 Demetrii
613 1607 769 1669 sententia
792 1606 840 1668 uti
862 1605 1022 1684 improba,
1046 1621 1111 1685 qua
1132 1605 1289 1686 Origenes
1312 1623 1446 1668 excom·

325 1708 510 1770 manicatus
534 1706 654 1769 dicitur
675 1715 708 1768 et
728 1705 923 1789 presbyterii
945 1705 1065 1785 gradus
1086 1706 1127 1769 ab
1147 1725 1189 1770 cn
1209 1706 1387 1786 ademptus.

409 1805 450 1870 Et
470 1810 587 1871 meritc
608 1806 739 1889 quidem
761 1809 909 1871 neutrius
939 1806 1107 1871 decretum
1132 1813 1244 1871 contra
1269 1824 1327 1870 nos
1353 1809 1447 1871 lacit.

328 1905 632 1971 Excommuoicntio
653 1909 736 1969 anim
760 1907 791 1967 in
810 1904 983 1985 Origenem
1002 1923 1019 1967 a
1038 1903 1201 1969 Demetrio
1223 1907 1352 1982 indicta,
1370 1910 1448 1970 irri-

327 2018 371 2086 ta,
395 2011 463 2090 ipen
487 2009 585 2084 lacto,
600 2024 660 2088 per
680 2008 760 2070 alios
781 2007 950 2088 episcopos
973 2007 1137 2071 declarata
1163 2008 1237 2082 luit,
1254 2010 1358 2072 causis
1380 2027 1448 2071 non

328 2111 512 2173 extantibus
535 2119 573 2173 ut
593 2112 658 2189 ipsa
677 2118 745 2171 rata
769 2108 956 2184 haberetur,
976 2109 1126 2172 videlicet
1141 2109 1270 2192 iniusta,
1288 2110 1335 2173 uti
1351 2109 1447 2192 prins

328 2211 418 2273 norit
432 2207 662 2293 Hieronymus.
687 2207 722 2272 ln
739 2210 902 2272 absentem
928 2210 1046 2273 indicta
1062 2209 1148 2285 luit,
1164 2218 1196 2272 et
1220 2211 1252 2272 in
1277 2211 1447 2273 absentem

325 2310 525 2392 annsmodi‚
548 2329 644 2391 quem
669 2311 810 2390 episcopi
832 2329 954 2386 omnes,
977 2318 1116 2391 excepto
1130 2308 1297 2374 Demetrio
1319 2319 1351 2373 et
1370 2313 1447 2390 qni·

327 2410 462 2476 busdam
487 2413 622 2498 Aegypti
639 2412 857 2492 praesulibus,
874 2421 912 2476 nt
933 2411 1014 2489 dixi,
1036 2420 1073 2474 ut
1093 2413 1261 2475 innoxium
1284 2412 1388 2475 virum
1412 2421 1449 2475 ei

326 2512 549 2576 orthodoxum
574 2513 775 2593 probarunt,
800 2510 955 2576 Demetrii
981 2512 1175 2592 repellentes
1201 2513 1368 2576 decretum
1388 2529 1449 2576 su-

326 2631 387 2694 per
407 2614 584 2677 calumnias
606 2622 806 2678 contextum.
823 2613 867 2678 Et
887 2615 917 2676 id
942 2616 988 2676 rei
1012 2614 1119 2676 exitus
1144 2613 1378 2693 comprobarit.
1401 2611 1450 2676 1⁴:-

327 2716 424 2778 teuim
445 2715 600 2779 deiuncto
621 2713 797 2790 Demetrio,
816 2721 852 2778 ut
872 2715 984 2779 scribit
1005 2715 1072 2793 ipsc
1088 2712 1244 2794 Origenes
1265 2715 1297 2777 in
1319 2713 1449 2794 praelo-

328 2815 416 2879 tione
437 2812 525 2878 Libri
548 2813 603 2876 vt.
627 2817 936 2880 commentariorum
957 2812 993 2876 in
1013 2811 1178 2891 Joonnem,
1201 2814 1344 2895 procella
1367 2815 1397 2876 in
1420 2815 1448 2878 i·

328 2933 421 2997 psum
442 2915 551 2979 sedata
567 2925 627 2992 esi,
643 2933 682 2980 ac
697 2917 913 2997 undequaque
933 2913 1060 2978 relulsit
1079 2916 1179 2995 ipsius
1198 2915 1392 2992 innocentia,
1406 2915 1448 2978 li·

327 3014 378 3078 dei
400 3033 479 3079 snae
499 3025 531 3080 ei
552 3017 678 3097 pietatis
705 3017 848 3080 sincerae
871 3015 955 3078 lama
977 3014 1133 3078 volitante
1162 3021 1195 3077 ot
1215 3016 1446 3095 praevalente;

328 3133 366 3180 ac
379 3118 555 3180 universim
571 3117 703 3197 Origeni
719 3116 893 3197 plaudente
908 3113 1066 3180 Ecclesia:
1081 3113 1157 3190 Deo,
1174 3122 1212 3178 ut
1224 3117 1292 3196 ipse
1308 3118 1365 3193 ait,
1383 3133 1448 3196 pro

326 3215 425 3298 scipso
440 3227 605 3298 pugnante
625 3229 739 3281 cantro
758 3216 960 3282 Moeraortoa
979 3235 1061 3280 suos.

406 3317 543 3384 Damam
561 3320 749 3384 diluendum
770 3327 918 3400 superesi
937 3339 963 3386 s.
980 3320 1150 3402 Epiphanii
1173 3319 1388 3385 testimoninm
1403 3317 1448 3384 de

325 3420 474 3500 Origenis
494 3421 589 3501 lapsu
611 3423 642 3482 ia
658 3420 888 3497 idololatriam,
909 3421 1046 3503 ejusque
1067 3422 1107 3484 ab
1126 3420 1271 3485 Ecclesia
1293 3419 1449 3501 dejectio·

326 3540 377 3585 ne.
404 3520 475 3587 Hoc
497 3539 597 3602 porro
620 3520 718 3584 tradit
747 3530 876 3585 sancius
907 3521 1029 3586 Doctnr
1062 3521 1102 3585 de
1123 3517 1259 3585 Haeresi
1288 3517 1337 3586 tit.
1360 3537 1390 3582 n.
1410 3517 1447 3584 2.

327 3628 497 3701 postquam
518 3620 661 3703 ejusdem
683 3619 832 3700 Origeais
847 3622 975 3701 egregia
998 3621 1140 3686 lacincra
1160 3619 1347 3686 celebrarit.
1363 3617 1450 3682 Sub-

325 3721 371 3783 dit
399 3723 505 3783 enim:
537 3742 554 3780 c
576 3719 636 3784 Sed
663 3721 693 3782 in
718 3720 876 3801 ejusmodi
902 3721 1035 3801 praemii
1063 3721 1260 3802 protessione
1285 3727 1448 3800 perpetuo

324 3837 389 3883 non
403 3821 527 3884 mansit.
545 3819 671 3885 Etenim
688 3821 731 3884 ob
745 3823 896 3884 eximiam
910 3823 1111 3885 sanctitatem
1128 3829 1161 3884 et
1175 3820 1387 3884 eruditionem
1402 3819 1447 3879 ad

325 3938 484 3985 summam
507 3921 666 3985 adductus
695 3929 743 3984 est
764 3921 938 3986 insidiamr
972 3940 1149 4003 aequares
1180 3921 1385 4001 magistratus
1412 3928 1451 3984 et

325 4022 507 4103 praelectas
522 4023 679 4104 majorem
701 4023 733 4083 in
748 4023 992 4086 modumacuii.
1015 4021 1098 4088 Tum
1120 4022 1201 4086 illud
1224 4039 1302 4085 sero
1322 4021 1447 4083 diaboli

326 4123 512 4200 calliditate,
536 4124 748 4204 improbitatis
770 4123 910 4188 artiiices
930 4124 1205 4200 commasticant,
1227 4131 1266 4187 nt
1279 4123 1317 4186 nd
1341 4122 1451 4200 turpi-

326 4221 443 4287 tudinis
458 4227 678 4288 necessitatem
695 4222 855 4287 bominem
875 4223 1052 4306 indigerent,
1074 4235 1108 4289 et
1128 4221 1289 4304 ejusmodi
1309 4235 1451 4301 poenam
