3028 4942
347 395 408 469 136

768 501 908 571 CAPUT
939 501 1028 568 lltlt.

343 705 463 791 Ruffini
479 708 652 789 presdpteri
664 706 867 790 aquilejensis
880 709 957 788 fides
968 706 1096 769 sincero
1109 716 1139 768 et
1154 706 1326 769 ortlmdoen
1336 705 1434 768 doctri·

379 827 424 872 no
444 805 654 872 ne'ndicnntnr
673 820 740 875 tom
759 809 796 871 in
816 807 957 871 versione
977 808 1130 871 librorum
1153 805 1309 888 Oripcne'e,
1331 817 1389 871 tom
1406 807 1433 870 iu

381 909 497 973 litteris
516 909 717 992 npnlopeticc'a
736 913 779 974 nd
800 912 1005 976 duacensium
1028 909 1161 992 Pupam.

341 1151 388 1272 P
391 1215 534 1295 reposito
555 1215 683 1278 interim
704 1222 815 1278 andro
837 1215 1009 1292 protutura
1032 1215 1188 1288 arbitror,
1204 1229 1289 1293 quae
1303 1209 1436 1276 Rudinus
1498 1197 1499 1216 ²

340 1316 372 1376 in
394 1321 482 1378 tanto
500 1315 605 1378 lamae
624 1333 703 1378 snae
719 1313 857 1395 fideiqne
876 1316 1046 1394 religiosae
1061 1315 1242 1378 discrimine
1258 1329 1367 1376 norem
1388 1307 1438 1373 Ec·

339 1417 436 1479 clesia
452 1416 523 1493 Dei,
547 1416 650 1482 eidem
675 1417 803 1495 scripsit
828 1413 974 1480 Pontifici
1000 1419 1039 1480 de
1061 1435 1119 1480 sna
1142 1435 1216 1480 cum
1234 1415 1377 1478 doctrina
1397 1429 1439 1476 ca·

341 1517 461 1581 thelica
483 1519 656 1583 concordio
668 1539 680 1598 5
703 1519 861 1581 rationem
884 1516 1019 1580 reddens
1041 1535 1106 1582 cnr
1126 1517 1193 1597 ipsc
1213 1515 1360 1596 Operum
1377 1513 1438 1578 Ori·

341 1617 428 1699 genis
450 1619 505 1697 (in
525 1620 644 1701 qnibns
664 1617 882 1695 Perinrclcoes)
905 1618 1144 1684 translationem
1161 1620 1352 1698 susceperit,
1372 1613 1440 1678 alio·
1499 1593 1500 1634 ¹

274 1704 283 1733 “
340 1737 416 1785 rum
444 1722 629 1802 exemplum
657 1730 811 1800 secutus,
833 1722 896 1803 nni
921 1722 953 1783 in
984 1721 1098 1787 eodem
1127 1736 1206 1801 egro
1227 1721 1438 1782 elebornrnrt.

340 1819 456 1903 quue
477 1825 578 1903 magis
592 1822 624 1886 id
645 1825 721 1903 egit,
744 1833 793 1897 nt,
808 1841 882 1885 cnm
904 1841 945 1886 ex
966 1823 1054 1887 hund
1075 1821 1261 1903 spernendis
1279 1834 1439 1899 argumen-

342 1925 382 1987 tis
404 1923 498 1988 valde
517 1925 701 2005 suspicatus
721 1925 764 1987 sit
778 1924 960 1988 ddomantii
980 1925 1081 1988 libros
1103 1923 1213 1986 talsarl
1234 1925 1390 2002 potnism,
1410 1937 1440 1982 u·

341 2023 494 2105 nicnique
514 2043 574 2088 sna
596 2024 943 2102 redderet,·dnctoris
963 2033 1092 2089 serrata
1122 2025 1235 2088 mentia
1254 2025 1437 2104 integritate.
1499 2053 1500 2062 =

340 2121 431 2188 Unde
446 2132 479 2188 et
499 2125 530 2187 iu
542 2126 603 2190 isac
626 2127 846 2200 translatione,
863 2127 1004 2206 suipsius
1024 2125 1097 2189 fidei
1119 2126 1305 2198 candorem,
1323 2125 1441 2202 dogma·

341 2225 380 2289 tis
401 2227 552 2291 catholici
573 2227 822 2303 observantiam,
845 2237 882 2291 et
897 2227 993 2308 longe
1013 2245 1030 2290 a
1052 2241 1261 2309 quocumque
1283 2223 1398 2288 irande
1413 2239 1441 2284 a·

340 2327 417 2388 nlmi
437 2327 488 2392 sni
510 2329 740 2409 ingenuitatem
762 2332 945 2411 perspicere
971 2330 1018 2393 ias
1038 2339 1096 2392 est.
1119 2328 1191 2392 lloc
1212 2330 1323 2409 itaque
1344 2345 1442 2390 erem·

339 2426 413 2506 pler
432 2427 630 2509 apologias,
653 2447 771 2511 qnam,
793 2431 920 2504 ductis,
945 2431 996 2494 rel
1017 2430 1307 2494 calumniatoribus
1329 2425 1442 2492 satistr-

340 2528 426 2592 ciens
440 2545 500 2609 pro
520 2548 579 2594 sna
602 2531 664 2594 fide
683 2535 811 2612 scripsit
825 2542 858 2595 ct
874 2533 959 2596 misit
971 2531 1011 2594 od
1026 2530 1213 2596 Pontlticem
1231 2531 1441 2600 Anastasiou,

339 2645 414 2694 cum
432 2632 529 2712 vulgo
543 2633 724 2710 dicebatur,
743 2632 878 2698 Romam
893 2637 1015 2698 accitus
1039 2631 1186 2698 Ruffiune
1203 2633 1314 2696 tenire
1328 2630 1441 2695 renuis·

337 2747 372 2794 ee
381 2751 394 2810 ;
416 2734 459 2795 ite
483 2741 519 2798 ut
540 2742 692 2814 munnam
713 2737 855 2800 extorris
876 2735 1052 2800 haberetur
1066 2735 1106 2796 ab
1128 2733 1271 2798 Ecclesia
1295 2733 1442 2796 Romana.

339 2827 426 2896 Telis
447 2835 532 2898 enim
553 2833 717 2916 Epistolae
740 2845 854 2902 tenor:

419 2931 450 2999 1.
476 2955 492 2996 c
515 2935 634 3000 Audivi
651 2939 821 3018 quosdam,
837 2957 912 3002 cum
927 2937 1013 3019 apnd
1029 2937 1259 3000 beatitudinem
1274 2946 1363 2999 tuam
1379 2954 1446 2998 con-

343 3036 519 3098 troversiae
540 3037 608 3100 sire
628 3039 668 3101 de
684 3037 758 3114 fide,
772 3040 839 3102 sire
854 3040 894 3102 de
914 3039 985 3102 eliis
999 3040 1106 3104 nescio
1123 3039 1240 3119 quibus
1255 3037 1445 3118 quaestioni·

338 3134 399 3198 bus
413 3146 668 3214 commoverent,
691 3143 788 3203 etiam
811 3141 873 3204 mci
895 3141 1030 3204 nominis
1052 3139 1164 3204 iecisse
1185 3142 1391 3202 mentionem.
1411 3135 1447 3200 Et

339 3243 393 3300 tua
410 3237 540 3315 quidem
561 3240 712 3303 sanctitas
727 3241 818 3304 relnt
828 3240 869 3302 ab
880 3243 955 3320 ipsis
971 3241 1172 3304 incunabulis
1187 3259 1244 3320 per
1260 3239 1447 3303 ecclesiasti·

337 3355 394 3400 cae
412 3338 589 3403 traditionis
606 3341 735 3420 regulas
750 3343 923 3417 institutas,
940 3342 979 3404 de
995 3342 1125 3406 absente
1139 3344 1264 3422 sibique
1281 3343 1362 3404 benc
1376 3350 1407 3402 et
1420 3340 1446 3398 in

339 3435 401 3501 tide
415 3448 447 3501 et
462 3440 494 3502 in
507 3442 642 3504 cecitate
661 3438 719 3504 liei
740 3447 881 3523 cognito,
899 3443 1168 3506 calumniantibus
1188 3461 1250 3507 nou
1271 3457 1447 3506 accommo-

339 3540 427 3603 davit
441 3542 599 3606 auditum.
612 3543 660 3608 Ad
677 3562 728 3608 me
745 3552 849 3608 temen
863 3545 1016 3625 quoniam
1032 3547 1192 3624 appetitae
1207 3540 1447 3607 existimationis

338 3660 427 3705 meae
451 3643 532 3707 lema
556 3647 716 3723 pervenit,
738 3664 880 3726 aequum
902 3647 1032 3725 putari,
1051 3657 1099 3719 ut,
1114 3646 1268 3726 qnoniam
1290 3644 1358 3724 ipse
1380 3649 1448 3724 post

336 3745 466 3824 triginta
488 3744 557 3810 lere
578 3765 677 3812 annos
699 3749 883 3828 perentibus
906 3748 1051 3812 redditus
1071 3767 1156 3821 suns,
1178 3756 1212 3810 et
1233 3745 1352 3809 dnrnm
1375 3745 1447 3808 satis

336 3853 436 3926 atqne
458 3847 668 3912 inhnmanum
683 3863 767 3924 erat,
788 3850 814 3913 si
833 3856 897 3912 tam
912 3852 977 3914 cito
992 3850 1175 3913 desererem
1196 3865 1264 3924 ens,
1280 3865 1362 3926 qnos
1386 3855 1446 3908 tone

336 3947 429 4010 tardo
451 3949 640 4026 reviseram,
662 3949 810 4014 simulet
830 3951 907 4032 quie
931 3959 994 4014 tam
1016 3950 1103 4029 longi
1125 3949 1248 4010 itineris
1269 3948 1364 4011 labor
1386 3947 1448 4008 lra-

336 4049 486 4129 gillonem
501 4067 553 4115 me
574 4051 679 4115 reddit
693 4051 732 4114 nd
755 4051 918 4116 iterandos
934 4051 1085 4124 labores,
1101 4051 1218 4114 litteris
1233 4051 1311 4114 meis
1325 4047 1448 4110 sulisla-

336 4167 445 4212 cercm
467 4150 655 4216 beatitudini
679 4161 775 4229 tuse,
803 4171 866 4216 nnn
888 4153 985 4216 uide
1006 4160 1114 4216 sancte
1137 4162 1243 4214 mente
1265 4160 1342 4225 tna,
1364 4163 1446 4228 quae

337 4249 429 4314 velut
450 4252 613 4332 quoddam
637 4251 695 4318 Dei
716 4255 898 4318 sacrarium
920 4252 1043 4332 aliquid
1065 4253 1212 4332 iniquum
1236 4269 1298 4314 non
1322 4249 1445 4328 recipit,
