3048 4946
73 476 253 544 sollicitum
268 475 309 543 dc
329 487 542 544 remanorum
565 493 606 545 so
619 445 776 545 ttslomm
791 477 897 545 saluta
917 477 958 544 ab
973 377 1190 562 tmpsrlepbnta·

75 581 173 656 tntce,
198 586 231 644 et
252 580 326 646 binc
346 579 529 646 Iustiniana
548 580 757 657 concordem,
772 580 863 645 nulls
887 581 972 644 inter
992 599 1050 646 eos
1069 583 1188 646 lustau·

47 667 49 672 ’
73 689 105 746 te
123 681 304 760 simultate,
319 697 379 747 nec
400 682 552 745 violentis
574 680 842 764 eximperatoris
862 681 1100 766 portelloque
1119 703 1188 749 am·

71 782 156 864 plius
171 781 261 865 qnod
289 791 365 848 tunc
383 782 469 848 edita
485 783 637 848 uideatur
653 783 781 848 Sanctio
803 785 999 864 pragmatica
1014 785 1114 866 ipsius
1128 785 1188 852 lu·

71 883 215 946 stiniaui:
232 882 288 948 ubi
308 891 429 948 statuta
453 902 471 946 a
493 901 527 948 se
548 892 582 948 et
605 902 623 948 a
646 887 717 965 pise
738 887 915 950 memoriae
934 884 1106 951 Theodora
1127 906 1186 953 au·

71 993 161 1066 posta
183 985 348 1066 quendam
363 1002 422 1050 sua
445 985 595 1066 coniuge,
610 1005 652 1051 ex
668 987 822 1067 petitione
845 985 951 1068 vigilii
971 985 1075 1068 Papae
1096 1007 1184 1052 man·

70 1087 124 1150 dat
144 1085 377 1150 invielabiliter
397 1088 536 1150 servaris
550 1107 568 1145 s
583 1085 649 1151 Pro
670 1087 837 1166 petitione,
860 1088 977 1168 inquit,
999 1085 1108 1170 vigilii
1131 1108 1184 1151 re·

70 1186 222 1252 nerabllls
253 1188 446 1269 antiquioris
476 1186 598 1252 Romae
619 1188 774 1270 episcopt,
804 1187 964 1269 quaedam
986 1188 1182 1269 disponenda

70 1307 136 1353 esse
164 1288 352 1353 censuimus
372 1288 412 1352 sd
443 1290 619 1354 utilitatem
640 1293 785 1355 omnium
817 1291 1023 1371 pertinentia,
1045 1291 1101 1375 qul
1124 1309 1182 1373 per

70 1387 286 1454 occidentales
310 1395 419 1470 partes
440 1390 588 1457 babitare
615 1400 805 1457 nuscuntur.
826 1412 842 1450 s
864 1389 900 1454 ln
926 1409 991 1474 qna
1012 1389 1184 1460 Sanctions

70 1497 137 1553 tum
158 1499 376 1572 praesentem,
400 1489 441 1555 de
461 1509 527 1573 qua
548 1493 731 1572 loquimur,
764 1501 903 1556 aetatem
926 1494 1056 1576 respicit
1078 1492 1182 1576 lmps·

71 1597 171 1667 rator,
190 1599 261 1655 tum
283 1592 383 1674 ipsius
394 1589 484 1657 clare
504 1600 592 1674 patet
607 1593 800 1676 obsequium
821 1611 897 1674 erpa
918 1612 1081 1658 summum
1098 1593 1182 1660 Pon·

71 1691 197 1768 titlcem‚
221 1693 376 1775 petitione
396 1692 541 1776 ejusdem
562 1694 736 1759 sstislacts.

143 1795 321 1862 Praeterea
335 1794 443 1876 quoad
459 1794 567 1878 vigilii
587 1815 705 1861 munus
725 1797 756 1859 in
775 1797 851 1880 lure
865 1798 1028 1878 pontificio
1048 1816 1180 1863 serran-

71 1893 110 1960 de
130 1914 167 1960 ac
187 1915 255 1960 uns
277 1896 449 1963 Iustiniani
469 1897 706 1962 observantiam
728 1915 805 1978 erpa
826 1895 934 1980 Vigilli
957 1916 1125 1979 personans
1147 1907 1181 1964 et

72 2001 314 2075 auctoritatem,
337 1999 524 2081 exemplum
546 2017 654 2063 sumes
675 1999 716 2064 ab
737 2018 789 2076 ee,
814 2000 901 2080 quod
924 2000 1079 2080 peridem
1102 2009 1181 2066 tem·

72 2114 129 2178 pus
147 2101 335 2165 sentiscunt
351 2099 438 2181 Papa
460 2101 491 2164 iu
507 2099 707 2181 depositione
723 2097 815 2164 Pauli
837 2101 977 2181 episcopt
998 2102 1182 2166 alexandri·
1215 2106 1221 2173 ζ

69 2199 113 2275 nl,
133 2200 187 2264 cui
208 2197 413 2266 Iustinianos
428 2200 552 2280 (scribit
573 2199 752 2281 Procopius
774 2201 805 2262 iu
820 2219 848 2265 ο.
865 2199 915 2268 at.
940 2197 1102 2266 lllsteriae
1117 2202 1180 2267 Ar·

72 2303 177 2381 canae)
199 2302 362 2383 premisit,
377 2320 412 2367 se
425 2301 575 2366 eumdem
592 2305 821 2367 restituturum
836 2301 876 2364 ad
893 2303 1001 2366 sedem
1016 2305 1181 2386 episcopa·
1313 2327 1317 2334 ·

69 2403 151 2469 leme
168 2401 321 2471 s'l'amen
342 2403 482 2485 Princtpi
504 2403 534 2466 id
556 2404 727 2484 imperanti
750 2401 1005 2484 haudquaquam
1021 2402 1174 2485 Vtgtttus,

72 2507 124 2586 qni
143 2515 220 2572 tnnc
241 2505 388 2590 llyasutii
411 2507 614 2583 versabatur,
637 2504 878 2571 concedendum
901 2508 1049 2585 censuit;
1071 2523 1179 2589 neque

73 2607 110 2672 de
127 2611 284 2674 sententia
300 2627 318 2674 a
333 2628 368 2674 se
380 2609 533 2672 nimirum
555 2625 615 2688 per
630 2607 795 2688 Pelagium
816 2606 897 2683 lata,
912 2605 1144 2672 decedendum.
1158 2627 1175 2668 a
1192 2673 1199 2684 ,

71 2705 202 2774 Densum
220 2708 394 2775 Facundus
415 2711 446 2774 iu
461 2707 560 2773 Libro
581 2717 693 2774 enntss
709 2707 896 2774 Mucianum
918 2715 991 2772 seta
1008 2725 1177 2774 recensens

71 2805 174 2890 vigilii
195 2813 228 2875 in
250 2805 338 2876 Urbe
358 2810 445 2891 regis
467 2809 510 2874 ob
531 2809 592 2875 tria
613 2809 777 2890 capitula,
792 2811 850 2887 ait,
867 2809 990 2890 Papum
1010 2809 1105 2877 astte
1124 2827 1177 2876 sss·

69 2912 212 2976 stianisse
231 2922 386 2977 termento
396 2956 408 2988 ,
436 2910 551 2994 quiores
572 2909 697 2976 cessisse
717 2911 867 2976 credetur
888 2910 1023 2976 illorum
1043 2909 1177 2994 Capitu-

71 3011 174 3079 lnrum
196 3015 405 3080 damnationi.

140 3115 298 3197 Septimo,
327 3115 414 3180 circa
437 3113 518 3178 banc
545 3112 677 3177 breuem
699 3119 733 3177 et
752 3112 934 3178 absolutam
959 3098 1103 3177 Facundi
1125 3128 1175 3178 aa·

69 3215 248 3290 certionem,
266 3213 386 3296 Papam
405 3214 528 3278 scilicet
541 3213 632 3279 nulla
652 3213 843 3279 sustinuisse
865 3219 1038 3290 tormenta,
1054 3212 1173 3294 quibus

70 3315 193 3380 cessisse
212 3315 405 3381 crederetur
437 3314 598 3380 exactioni
627 3311 799 3380 iustiniani
820 3321 853 3376 et
873 3309 1038 3379 Theodori
1059 3311 1176 3378 Gaesa-

74 3431 145 3480 reae
164 3423 202 3482 ut
221 3433 259 3482 ea
280 3415 432 3497 Capitale
454 3415 620 3481 damnaret
631 3436 643 3495 3
667 3431 863 3495 magnopere
880 3414 942 3477 bec
963 3412 1042 3476 lsclt
1061 3420 1174 3479 eontra

69 3515 143 3580 alios
157 3517 301 3599 eiusdem
318 3515 465 3582 tscttents
486 3515 585 3591 siros,
603 3515 645 3578 ita
668 3521 706 3576 ut
721 3515 774 3577 rel
794 3529 895 3578 unum
913 3514 964 3578 rel
979 3512 1065 3577 alios
1086 3529 1173 3577 meo·

70 3615 137 3680 titos
157 3636 225 3684 esse
245 3618 426 3682 necessario
447 3615 618 3681 dicendum
640 3615 736 3680 ieret.
765 3614 926 3679 ductores
947 3617 1032 3682 enim
1054 3617 1173 3696 episte-

71 3711 304 3798 laeiepetcriis,
319 3717 502 3802 encyclicae
523 3715 562 3786 ad
586 3717 771 3780 universam
787 3711 980 3793 Ecclesiam,
1002 3731 1041 3778 ac
1061 3711 1175 3776 dcere·

74 3817 95 3878 ti
120 3819 459 3885 excommunicationis
486 3819 518 3880 in
539 3815 749 3880 'lbeodornm
778 3816 958 3881 Caesareae
986 3815 1176 3895 episcopum

71 3918 180 3994 procul
201 3919 301 3983 dnbio
322 3925 494 3994 testantur,
517 3915 677 3999 ejusmodi
698 3914 886 3979 durissimas
913 3915 1100 3978 sessttencs
1120 3931 1176 3977 su·

71 4017 210 4085 stinnisse
230 4017 385 4102 vigilium
405 4017 615 4084 subscribere
635 4023 825 4079 renuentem
847 4012 1078 4095 capitulorum
1097 4029 1174 4075 ana·

72 4115 396 4184 transcensurum
417 4135 497 4179 rere
519 4118 550 4179 in
571 4118 672 4179 citato
695 4112 782 4176 libro
807 4112 942 4193 limpide
967 4110 1085 4176 asserit
1104 4107 1179 4174 nul·

72 4214 100 4278 ¹¹
120 4238 242 4300 passum
256 4239 325 4288 esse
347 4228 506 4287 tormenta
529 4215 715 4282 l’entiflcem
739 4220 776 4280 ut
796 4212 901 4280 sicud
923 4215 1094 4280 anathema
1115 4205 1171 4274 ad·
