2982 4934
322 499 416 560 sectio
437 495 569 560 auribus
590 497 783 562 incederent.
807 496 833 562 li
853 496 973 579 quibua
992 504 1025 559 et
1045 511 1129 558 unm
1147 495 1279 576 liuguae
1299 497 1415 574 partem

325 597 689 678 mordicuaamputarit,
701 607 738 662 ut
749 599 966 680 ignorantibus
978 615 1109 679 qnoque
1119 595 1315 669 ostenderet,
1327 610 1417 675 quam

327 699 434 762 timide
450 699 507 764 Dei
523 700 595 784 jura
610 710 756 764 servaret
777 707 863 766 etex
886 703 951 781 ipsa
968 699 1132 762 debititate
1147 696 1322 778 praepediti
1339 710 1419 756 mou·
1480 709 1481 738 t

325 811 445 864 erraret
464 802 585 882 eloquii
606 813 727 882 quanto
750 802 862 867 lurore
883 801 1021 881 pectoris
1042 807 1213 863 aestuaret.
1240 795 1331 874 Qnoe
1351 794 1420 874 quia

327 903 431 981 reperi
454 920 527 966 oum
543 905 732 984 quibusdam
754 899 942 984 peregrinis,
966 901 1022 982 qui
1044 902 1075 962 in
1091 902 1237 983 Aegypto
1251 912 1421 979 parumper

326 1002 481 1079 habitant,
503 1005 542 1066 ad
567 1015 704 1068 vestram
726 1006 922 1086 provinciam
949 1001 1210 1082 menamiprasoe,
1232 1009 1265 1062 et
1285 999 1421 1062 homines

328 1119 488 1184 pauperes
500 1107 601 1186 pratia
622 1115 722 1186 atque
734 1107 875 1186 pecuniis
889 1103 1125 1182 inescatoe,.qui
1141 1102 1319 1178 debuerant
1332 1117 1421 1164 mauu

326 1214 360 1267 et
375 1204 488 1268 labore
510 1207 630 1270 victum
644 1223 815 1288 quaerere,
830 1216 868 1270 nt
881 1205 1054 1286 impleatur
1068 1205 1098 1266 in
1113 1204 1157 1268 eia
1171 1201 1257 1283 qaod
1273 1203 1422 1282 scriptam

326 1313 394 1370 eet:
417 1304 453 1371 in
471 1304 608 1372 circuire
622 1307 714 1389 impii
733 1307 946 1383 ambulabant,
971 1307 1055 1371 velie
1075 1306 1106 1368 iu
1127 1305 1366 1369 similitudinem
1378 1303 1424 1384 ju·

326 1405 481 1471 decorum
502 1409 592 1488 priua
613 1411 684 1499 imre
705 1408 871 1484 consumi,
894 1425 990 1488 qnam
1011 1406 1159 1486 Oripeuia
1180 1406 1289 1468 ridere
1309 1403 1422 1482 scripu

325 1506 491 1584 damnari,
511 1508 750 1590 quodammado
770 1509 1022 1589 proclamantem
1047 1505 1213 1588 porciones
1233 1503 1423 1568 mnemon

213 1687 215 1694 y
326 1625 411 1688 opem
424 1618 577 1684 noctram,
592 1619 620 1675 et
633 1609 793 1676 mendacio
801 1619 1015 1691 protopatrem,
1031 1627 1069 1672 ne
1085 1605 1171 1672 torte
1182 1617 1214 1672 et
1229 1610 1260 1672 in
1279 1607 1343 1671 illis
1358 1622 1423 1685 par

330 1710 413 1774 tibus
427 1711 528 1791 plebio
543 1723 575 1778 ct
589 1715 821 1779 monachorum
836 1714 973 1786 ,turbent
985 1715 1120 1786 animoa,
1134 1719 1166 1774 et
1180 1712 1236 1790 qui
1251 1710 1424 1773 detinerent

327 1828 386 1890 pro
407 1813 529 1879 scelere
547 1817 686 1896 correpti
701 1833 796 1894 apere
815 1814 1053 1894 poenitentiam,
1070 1816 1213 1876 nitantur
1226 1821 1336 1875 contra
1359 1827 1422 1881 noa,

328 1918 361 1971 et
375 1913 613 1978 mendaciorum
635 1897 792 1979 cuniculis
805 1916 994 1978 subvertant
1016 1915 1183 1976 veritatem
1195 1933 1206 1991 3
1218 1913 1422 1992 justiaeimanr

329 2009 409 2075 duri
429 2016 571 2080 scribere
591 2018 748 2082 sanctitati
766 2026 903 2091 restrae,
919 2023 951 2081 et
969 2017 1112 2080 breviter
1131 2015 1291 2087 nuntiare,
1312 2013 1423 2092 quode

332 2115 435 2181 ricino
456 2119 611 2197 episcopie
633 2119 848 2200 congregatio,
870 2120 925 2198 qui
946 2135 1049 2199 prope
1069 2118 1239 2197 implerent
1260 2131 1421 2180 numeram

330 2214 460 2302 Synodi,
485 2221 682 2297 perrexerim
703 2220 863 2286 Nitriam:
887 2229 919 2285 et
939 2213 1048 2284 oora'm
1068 2218 1179 2282 multis
1201 2217 1360 2290 Patribus,
1374 2215 1423 2293 qui

329 2316 369 2379 de
392 2326 456 2381 tota
478 2338 558 2398 pene
580 2319 725 2404 Aegypto
746 2321 1013 2394 convolaverant,
1035 2319 1109 2382 lecti
1130 2326 1206 2382 auat
1224 2317 1300 2380 libri
1320 2314 1425 2395 Orige-

331 2419 391 2490 nia,
408 2417 438 2479 iu
453 2420 570 2498 quibas
586 2420 683 2500 impio
697 2421 809 2485 labore
822 2421 961 2496 nudavit,
978 2429 1010 2484 et
1023 2436 1178 2484 consonae
1193 2419 1336 2482 omnium
1356 2433 1423 2481 coa·

220 2515 224 2527 '
331 2517 480 2582 demnati.

412 2641 429 2680 n
442 2619 472 2684 2.
496 2619 577 2686 Nam
598 2641 671 2687 cum
694 2623 858 2703 legeretur
874 2624 1023 2688 volumen
1042 2619 1245 2696 Perioreloon,
1261 2637 1355 2701 quem
1375 2633 1424 2682 noe

332 2720 369 2780 dc
385 2719 556 2800 principiis
576 2741 744 2803 possumus
765 2724 891 2799 dicere,
919 2726 950 2788 in
970 2725 1089 2804 quidue
1109 2726 1263 2802 scriptum
1278 2731 1337 2788 eat:
1352 2717 1423 2804 qood
1480 2767 1481 2770 η

332 2817 440 2884 Filiae
460 2821 546 2885 nodia
567 2833 788 2904 comparator,
812 2823 853 2888 rit
874 2823 1009 2897 oeritor,
1033 2823 1126 2888 Patri
1144 2825 1290 2886 contuor
1309 2823 1425 2886 cacoda-

332 2919 438 2983 aium.-
461 2921 667 2988 urrunnun
689 2935 843 3006 quantam
863 2925 966 3006 differt
988 2925 1110 2988 Paretur
1122 2933 1156 3004 et,
1167 2923 1278 2988 Petrus
1290 2945 1312 2988 c
1325 2923 1424 2988 Saloa-

331 3031 407 3095 tore,
424 3031 511 3087 tanto
523 3021 669 3088 Salvator
683 3025 840 3088 minorent
855 3026 958 3091 Patre.
977 3025 1016 3089 Et
1029 3029 1160 3090 iterum:
1176 3023 1294 3090 Clerirti
1305 3039 1425 3104 reprcunt

333 3119 466 3202 finietur
485 3121 679 3204 aliqnando,
702 3137 730 3188 ct
749 3125 891 3192 diodolus
919 3125 1042 3191 cunctis
1067 3136 1268 3206 peccatoram
1296 3123 1425 3189 corito

335 3220 496 3298 liberator,
513 3242 613 3303 aequo
633 3225 747 3290 tenore
760 3225 967 3303 decorabitur,
978 3237 1007 3290 et
1021 3245 1089 3290 corn
1108 3224 1229 3290 Christo
1242 3225 1424 3308 raljieirter.

336 3321 379 3388 m
399 3325 430 3387 in
450 3326 515 3389 alin
536 3325 641 3402 libre,
663 3329 718 3407 qni
740 3329 777 3392 dc
799 3325 949 3394 Oratione
980 3329 1180 3394 inscribitorr
1210 3346 1276 3390 oon
1301 3328 1426 3392 mmet

336 3443 427 3488 ororc
450 3423 581 3500 Filium,
601 3428 654 3489 red
673 3428 774 3492 colom
795 3428 939 3506 Patrem,
962 3447 1017 3492 aec
1038 3428 1165 3492 Potreoo
1185 3447 1257 3494 oront
1275 3429 1362 3510 filim
1380 3426 1427 3490 olo·

337 3529 518 3592 turarimue
539 3548 636 3594 auree
657 3541 793 3605 nostrae,
810 3540 842 3594 et
863 3541 927 3596 tam
941 3531 1125 3609 Origeuem
1147 3547 1244 3610 quem
1266 3529 1426 3609 diecipnloo

336 3629 408 3710 ejus
428 3649 566 3696 enmono
588 3650 667 3696 noce
687 3633 920 3707 damnavimus,
943 3650 982 3694 ne
997 3633 1156 3696 modicum
1179 3633 1370 3696 termentum
1389 3637 1428 3690 to·

340 3738 404 3792 tam
426 3748 561 3795 mascam
576 3741 809 3813 corrumperet.
822 3731 907 3810 Quid
922 3733 1040 3814 loquar
1055 3733 1093 3796 de
1106 3733 1341 3798 rerurrectione
1355 3745 1427 3794 nor·

340 3839 485 3907 tuorum,
505 3835 536 3896 in
553 3851 618 3913 qna
634 3835 802 3914 perepicuo
817 3835 1026 3915 blasphemat,
1038 3843 1071 3898 et
1084 3834 1171 3906 dicit,
1183 3834 1266 3912 qaod
1276 3844 1347 3914 poet
1360 3829 1428 3894 rnol-

339 3941 385 3992 tor
399 3935 594 3998 soeculorum
614 3953 758 3999 recurras
775 3955 908 4017 corporo
921 3946 1029 4000 aaran
1039 3933 1199 4016 paulatim
1210 3926 1426 4015 redipantoria

340 4030 488 4111 nihilum,
505 4044 532 4098 et
553 4033 588 4099 ia
602 4055 717 4102 norom
731 4047 852 4100 tenuem
865 4035 1090 4102 dieeotoontttr.
1107 4035 1154 4099 Ac
1169 4052 1209 4098 aa
1224 4051 1361 4114 parrum
1379 4034 1429 4094 taor

340 4141 541 4211 putaremus,
562 4135 690 4216 adjecit:
713 4154 879 4216 reserpere
899 4153 1012 4215 corpote
1033 4153 1098 4198 oon
1119 4135 1221 4198 sotem
1241 4129 1427 4212 corruptitilt

339 4233 392 4296 red
413 4235 542 4298 mortale
561 4235 629 4299 erit.
654 4233 697 4302 Ut
716 4237 837 4302 scilicet
856 4235 1010 4302 Dominus
1030 4243 1129 4318 atque
1148 4233 1301 4302 Salvator
1319 4234 1424 4298 trustra
