3186 4946
1223 423 1245 472 V

5 571 7 582 ·
148 511 284 602 Rudini
304 524 471 602 monachi
500 525 659 601 studium
683 525 719 600 in
739 538 902 600 veterum
925 522 1074 600 Patrum
1095 525 1241 624 scriptis

147 653 347 740 vertendis,
373 653 615 740 illustrandis,
641 652 749 728 sicuti
775 665 815 728 et
841 652 953 750 ipsius
980 652 1171 752 pietatem,
1198 678 1241 731 ac

147 804 215 880 pro
232 805 273 856 re
301 781 498 859 christiana
526 780 670 870 aclum3
687 803 799 881 quum
828 780 907 856 ideo
927 795 1135 858 sanctorum
1163 783 1242 882 epi-

147 931 341 1006 scoporum
361 909 479 986 lactus
497 909 548 984 sit
572 907 821 984 admirationis
839 921 970 1007 typus3
992 931 1103 1008 quare
1123 933 1144 985 a
1162 909 1241 984 dis-

148 1035 230 1112 sitis
248 1037 456 1136 regionibus
474 1036 518 1112 de
538 1037 647 1112 rebus
674 1036 787 1112 sacris
815 1057 898 1112 eum
918 1036 1119 1113 consulturi
1142 1037 1241 1113 adie-

147 1165 247 1252 rint3
273 1185 316 1239 ac
343 1147 638 1264 reputatissimus
673 1186 816 1263 quoque
844 1164 990 1240 habitus
1021 1164 1069 1240 ab
1096 1165 1140 1239 iis
1168 1165 1240 1253 sit,

147 1292 210 1390 qui
237 1304 366 1391 postea
395 1291 442 1368 ob
460 1293 654 1390 Oripeuem
672 1293 848 1369 adversus
867 1314 953 1368 eum
972 1304 1163 1369 verterunt
1179 1315 1240 1368 ca·

148 1417 302 1496 lamam.

254 1545 305 1623 Et
330 1547 400 1624 huc
418 1548 513 1624 idem
541 1549 733 1626 dicendum
753 1561 810 1626 est
836 1548 881 1623 de
909 1547 1048 1626 Joanne
1067 1547 1238 1626 Hieroso-

144 1672 330 1773 lyutornm
357 1677 521 1754 antistite
549 1676 652 1752 valde
679 1699 746 1774 per
772 1673 1029 1774 Augustinum,
1049 1698 1115 1775 per
1129 1677 1240 1780 ¹rina·

146 1803 303 1878 stasium
331 1801 467 1903 Papam
499 1803 754 1880 commendato
790 1803 897 1880 sicuti
925 1827 990 1902 per
1026 1802 1239 1902 chrysosto-

146 1949 249 2003 mum
276 1942 428 2027 propter
454 1929 632 2028 insignem
652 1929 765 2028 ipsius
792 1929 983 2028 pietatem,
1003 1945 1238 2029 sanctamque

147 2054 431 2133 aemulationem
468 2059 504 2131 in
542 2079 693 2134 munere
734 2056 916 2156 iungendo
953 2056 1162 2157 episcopali.
1192 2055 1241 2134 Et

146 2184 235 2284 qnid
260 2185 383 2261 dicam
398 2187 443 2262 de
471 2187 609 2262 lsidoro
628 2186 832 2284 ceterisque
859 2186 1031 2285 piissimis
1050 2210 1094 2262 ac
1121 2184 1238 2262 conti·

145 2312 372 2388 nentisslmis
400 2313 486 2388 viris
513 2314 550 2388 in
579 2315 808 2390 monasteriis
845 2312 982 2390 Nitriae
1010 2314 1240 2412 degentibus,

146 2463 303 2540 quorum
331 2442 508 2518 memoria
533 2440 579 2516 ab
606 2442 768 2518 Ecclesia
796 2441 944 2542 antiqua
972 2442 1177 2519 celebratur
1204 2444 1241 2518 in

148 2581 359 2645 sauctorum
388 2569 480 2646 Albo
517 2569 727 2670 inscripta?
757 2570 931 2650 Attamen
967 2571 1088 2646 cuncti
1116 2569 1239 2646 Theo·

146 2695 264 2796 philo,
291 2693 508 2797 Epiphanio,
526 2696 746 2796 Hieronymo
775 2698 940 2784 firmiter,
960 2721 1002 2774 aa
1021 2711 1169 2776 strenue
1188 2697 1240 2774 ita

146 2824 332 2913 restitere,
364 2839 406 2902 ut
432 2827 553 2925 potius
586 2825 793 2925 opprobria,
817 2825 925 2901 exilia
955 2821 1160 2913 tolerarint,
1189 2827 1238 2902 vi·

148 2963 302 3051 tamque
330 2975 584 3030 aerumnosam
612 2954 806 3043 duxerint,
834 2977 944 3054 quam
974 2954 1011 3028 in
1042 2955 1240 3032 anathema

148 3079 349 3156 uouemere
376 3079 543 3179 Origenis
567 3104 787 3180 suorumque
815 3081 988 3180 Operum.

255 3205 485 3308 Quapropter
515 3212 667 3310 quisque
695 3233 783 3286 sane
815 3207 1113 3306 comprehendet,
1140 3209 1238 3308 quali

146 3334 261 3410 animi
288 3337 487 3425 anxietate,
515 3339 660 3423 timore,
687 3359 731 3412 ae
757 3334 997 3422 sollicitudine
1016 3337 1105 3411 mihi
1134 3338 1238 3412 mise·
1352 3347 1357 3354 '

146 3485 191 3538 ro
217 3465 402 3561 peccatori
419 3464 465 3541 de
492 3464 628 3540 sanctis
655 3463 742 3540 viris
769 3463 965 3539 ineundum
984 3464 1033 3540 sit
1046 3465 1236 3558 iudicium:

147 3611 305 3691 quorum
332 3613 418 3691 pars
445 3592 482 3667 in
509 3593 702 3688 Origenem
729 3592 899 3679 dimicat,
927 3614 1084 3690 eumque
1110 3592 1241 3670 haere·

146 3721 265 3795 ticum
293 3719 512 3796 condemnat
525 3742 539 3809 ;
557 3719 671 3797 altera
699 3741 784 3817 pars
802 3741 869 3817 pro
897 3741 941 3794 eo
968 3733 1119 3818 pugnat,
1141 3726 1240 3815 ejus·

147 3871 220 3946 quc
248 3848 332 3925 fidei
358 3851 613 3927 rectitudinem
642 3850 688 3925 ab
716 3847 932 3924 adversariis
965 3858 1101 3924 tuetur.
1131 3846 1241 3926 Vere·

146 3997 191 4050 er
217 3997 375 4074 namque
408 4000 478 4068 ne,
505 3999 589 4054 cum
616 3976 698 4053 unis
720 3973 906 4052 deleratur
927 3979 1001 4067 jus,
1020 3987 1059 4052 ct
1085 3976 1240 4054 aliorum

145 4115 297 4180 notetur
325 4105 459 4194 illusio,
486 4106 723 4184 imminuatur
746 4103 1012 4205 quadammodo
1039 4103 1076 4179 in
1092 4106 1239 4182 eosdem

144 4231 366 4324 reverentia,
385 4235 606 4337 proindeque
625 4235 776 4314 minoris
803 4233 869 4312 liat
890 4257 1017 4314 eorum
1036 4233 1148 4321 icma3
1179 4231 1240 4332 qul
