2994 4938
194 483 366 566 «Semper
386 482 530 550 studium
552 483 614 548 init
633 479 826 548 orthodoxis
847 487 879 546 et
899 482 959 562 niis
982 481 1232 562 imperotoribns

113 584 265 663 ostrinos
286 585 425 660 nostris,
448 603 507 665 pro
530 593 674 664 tenpore
695 593 827 650 exortas
850 584 998 648 insereres
1020 601 1078 662 oer
1100 599 1234 663 congre·

112 688 276 766 sotionem
302 685 615 765 religiosissimorum
636 685 864 766 cpiscoporum
879 694 1063 764 annotare,
1089 693 1122 747 ct
1143 692 1232 749 recta

117 788 182 852 tide
197 788 323 852 sincera
344 786 542 868 praedicate,
556 787 587 850 io
602 803 680 866 pace
694 795 837 852 sancum
850 783 908 848 Dei
924 782 1102 850 Ecclesiam
1125 796 1234 848 costo·

115 891 199 954 dire.
214 887 423 970 Quapropter
436 896 469 954 ct
483 886 709 955 Constantinus
725 890 796 968 piac
812 887 1058 961 recordatiouis,
1074 885 1154 950 Ario
1168 885 1235 950 tta·

114 992 336 1072 aohemante..
353 1034 362 1052 .
380 1035 388 1053 .
405 991 613 1056 condemnere
636 990 746 1056 ariana
769 990 947 1068 impietate,
962 988 1106 1054 studium
1123 987 1237 1054 hebuit

114 1101 239 1156 rectam
260 1091 355 1156 tidem
377 1090 523 1159 obtinere
539 1133 570 1152 ··
587 1135 596 1156 ·
614 1134 623 1152 ·
638 1133 646 1152 ·
659 1091 720 1158 Sed
747 1099 780 1156 et
799 1087 1000 1154 Theodosios
1028 1085 1143 1152 Senior
1163 1089 1236 1168 niae

117 1193 364 1266 recordationis,
387 1192 577 1258 Macedonio
598 1202 733 1274 negante
746 1191 897 1256 deitatem
912 1188 1019 1256 Sancti
1033 1188 1184 1270 Spiritus,
1202 1197 1235 1256 et

118 1294 325 1374 Apollinario
348 1296 400 1358 ret
421 1293 540 1374 Magno
561 1293 632 1375 ojus
647 1294 805 1376 discipulo
820 1338 829 1356 .
844 1339 875 1356 ..
892 1291 1115 1371 ‚congregatis
1136 1293 1168 1354 io
1189 1310 1239 1356 rc·

116 1397 170 1474 gia
191 1391 281 1458 Urba
301 1403 430 1460 centnm
451 1396 681 1476 qninquaginta
702 1395 819 1460 sanctis
841 1381 1003 1469 Patribus,
1021 1411 1096 1458 cum
1117 1392 1237 1471 etipse

119 1495 282 1577 pertinens
305 1496 418 1560 inisset
438 1496 586 1574 Consilii,
611 1496 767 1560 domoalis
790 1495 960 1574 praedictis
980 1493 1151 1558 haereticis
1172 1509 1235 1556 noa

116 1617 192 1662 corn
215 1599 321 1679 impiis
352 1615 468 1664 corum
489 1598 717 1679 dogmatibus,
742 1598 819 1662 tecit
839 1605 961 1662 rectem
994 1596 1180 1676 praedicere
1202 1595 1237 1658 ti·

117 1701 217 1764 dcm.
238 1745 246 1763 .
264 1743 299 1763 ..
321 1698 444 1764 lterum
467 1697 619 1764 Nestorio
642 1701 738 1780 impie
759 1699 860 1765 elium
883 1698 1008 1761 dicento
1029 1696 1134 1762 Deum
1158 1693 1237 1760 Ver·

119 1801 198 1866 burn
218 1809 252 1867 et
271 1803 373 1866 sitnm
393 1800 570 1875 Christum,
587 1808 619 1866 et
640 1801 726 1864 hunc
745 1799 876 1880 quidem
898 1807 1014 1862 natura
1037 1795 1162 1861 Filium
1179 1796 1237 1860 iioi
1297 1831 1301 1850 ·

118 1901 237 1978 Patria,
258 1904 352 1968 ilium
372 1914 482 1968 autem
503 1904 605 1988 gratia
629 1901 749 1964 Fidium
771 1901 869 1982 inspic
891 1899 1115 1965 introducente
1131 1941 1236 1962 .....

118 2002 320 2068 Theodosios
349 2004 468 2070 iunior
495 2006 566 2086 piae
596 2003 828 2067 recordationis
858 2003 1067 2082 congregarit
1091 2003 1234 2080 priorem

118 2105 287 2188 synodum
301 2107 486 2185 ephesinam
498 2149 528 2172 ..
545 2105 643 2170 ..uti
658 2104 890 2170 condemnatus
904 2103 967 2168 init
986 2101 1159 2170 Nestorius
1175 2121 1238 2168 nnn
1335 2139 1340 2145 -

119 2225 196 2270 cum
217 2206 289 2287 ejus
309 2208 520 2288 impietate..
539 2251 571 2270 ..

201 2303 276 2370 «tit
297 2314 367 2387 post
389 2308 468 2372 haec
490 2307 608 2372 iterum
629 2324 703 2370 com
716 2304 882 2388 Eutychos
895 2304 1024 2372 demens
1045 2309 1237 2384 emersisset,

119 2407 589 2487 negendo‘coosubstantiaient
611 2407 701 2472 nobis
722 2426 792 2472 osae
813 2424 942 2472 carnem
965 2405 1105 2484 Domini,
1128 2409 1238 2474 eruitis
1282 2439 1295 2452 e

119 2509 243 2572 interce
259 2512 353 2573 motis
375 2518 439 2572 tam
450 2507 738 2590 Constantinopoli,
755 2526 855 2588 quem
874 2508 1078 2590 Ephesi.
1095 2511 1166 2590 piae
1188 2529 1237 2574 ro·

122 2609 318 2674 cordationis
340 2608 525 2674 Marcianos
545 2611 753 2690 congregarit
781 2607 946 2691 Synodnm
969 2609 1185 2687 Chalcedone,
1207 2618 1241 2675 ct

121 2729 237 2792 magna
252 2711 455 2776 contentione
475 2711 558 2776 iuter
571 2712 739 2792 episcopos
754 2709 858 2776 iacta.
875 2755 883 2772 .
900 2753 908 2772 .
924 2710 1160 2778 damnaverunt
1174 2710 1240 2776 En·

122 2814 251 2893 tyctrem
266 2813 447 2878 dementem
462 2818 494 2876 et
507 2812 601 2891 impia
617 2812 688 2893 ejus
712 2813 875 2893 dogmate,
892 2829 951 2876 nec
975 2830 1037 2875 non
1052 2810 1239 2877 Nestorium

119 2923 154 2978 et
175 2915 360 2978 deterreres
374 2913 517 2994 eiusdem
528 2955 632 2976 .....
648 2913 777 2994 Exiguo
791 2922 902 2978 antem
917 2920 1062 2994 tempore
1077 2920 1239 2978 trensacto

118 3017 241 3080 iterem
262 3020 511 3080 insurrexerunt
532 3013 672 3080 Nestorii
695 3023 728 3078 et
750 3013 907 3098 Eutychis
928 3031 1095 3093 sequaces,
1118 3023 1152 3078 et
1173 3023 1240 3078 tan·

122 3121 171 3178 tas
193 3117 305 3180 turbes
325 3117 356 3178 in
375 3115 491 3180 sanctis
513 3112 573 3180 Dei
592 3117 736 3180 ecclesiis
762 3117 929 3189 iecerunt,
954 3124 993 3178 nt
1014 3116 1186 3180 divisiones
1206 3125 1239 3180 et

120 3216 293 3281 schismata
315 3217 346 3280 in
366 3217 412 3280 eis
428 3215 556 3293 tierent,
580 3215 1031 3282 ctnnliam'commnnionem
1051 3214 1090 3278 ad
1106 3235 1141 3278 ae
1160 3217 1240 3279 inri-

122 3333 194 3380 cem
216 3299 370 3382 ccclesiae
392 3317 546 3382 haberent
561 3363 569 3378 .
585 3360 594 3378 .
611 3362 619 3380 .
636 3317 719 3382 Gom
740 3325 849 3380 antem
869 3317 1048 3381 sennodum
1068 3331 1161 3380 suom
1182 3318 1241 3380 mi·

121 3397 331 3484 sericordiam
354 3417 509 3484 Dominus
530 3415 619 3484 Deus
641 3418 840 3498 reipublicae
863 3417 1130 3496 gubernationem
1150 3418 1242 3482 nobis

122 3518 271 3596 credidit,
288 3521 413 3584 initium
433 3527 466 3584 et
480 3517 725 3584 tundamentum
748 3522 848 3583 nostri
870 3519 996 3599 imperii
1019 3519 1153 3584 ierimus
1167 3537 1243 3583 con·

117 3621 257 3702 jungere
279 3621 397 3687 divisos
417 3620 601 3686 sacerdotes
626 3627 813 3684 sanctarum
835 3617 892 3682 Dei
907 3618 1120 3684 eeclesiarum
1136 3619 1178 3682 ait
1198 3619 1242 3683 0·

122 3722 226 3786 riente
241 3739 344 3802 usque
359 3721 398 3784 ad
410 3719 617 3786 Occidentem
632 3723 665 3784 et
678 3735 805 3784 omnem
820 3718 1057 3784 contentionem
1075 3727 1245 3799 amputas·

123 3832 184 3897 tes,
205 3841 289 3902 qnae
311 3830 423 3888 contra
438 3822 723 3888 cisatcedoncnsom
744 3827 886 3886 sanctam
908 3817 1073 3905 Synodnm
1089 3818 1244 3902 rblioty·

120 3925 191 3988 ciris
201 3923 384 3990 etNestorii
397 3925 570 4006 impiorum
580 3923 774 4004 sequacibus
786 3924 991 3999 movebatur,
1006 3923 1139 3986 terimus
1151 3939 1244 4001 orne·

119 4025 231 4090 dicare
258 4026 404 4092 eamdem
423 4033 567 4090 sanctam
596 4024 762 4111 synodum
784 4041 859 4090 cum
893 4024 1065 4103 praedictis
1088 4025 1191 4088 tribus
1212 4025 1243 4086 io

122 4125 180 4192 Dei
202 4128 359 4208 ecclesiis,
381 4135 469 4192 corte
490 4128 626 4192 scientes
640 4127 727 4207 quod
750 4144 801 4202 en,
825 4143 910 4206 quoe
931 4125 973 4188 nb
992 4143 1029 4190 ca
1050 4125 1090 4190 de
1111 4125 1173 4190 tide
1190 4143 1245 4190 ea·

119 4229 224 4309 posim
238 4236 513 4307 contemtorem
527 4246 585 4309 per
599 4229 707 4296 omuie
722 4228 793 4296 citis
809 4228 912 4296 trihus
925 4227 1043 4296 sanctis
1058 4225 1241 4293 Cocciiiis...
