3186 4946
338 377 380 449 70

343 481 384 546 nb
404 500 444 546 eo
469 480 654 548 eleborum
676 483 836 557 continet,
859 480 999 560 legitur:
1018 498 1034 538 o
1051 475 1086 541 iu
1106 477 1233 541 nomine
1255 475 1312 540 Dei
1332 476 1450 540 summi

339 581 605 664 incipiildistoria
627 585 727 646 sancii
750 581 879 646 Eusebii
905 580 1044 662 episcopi
1066 580 1280 642 caesariensis.
1305 577 1371 642 Hos
1391 597 1451 640 au·

304 737 307 742 ,
341 691 405 747 iem
428 686 565 764 praeivit
586 681 761 759 Victorius,
776 685 830 764 qui
846 703 886 746 ex
911 684 1043 744 verusiis
1066 682 1278 760 scriptoribus
1301 681 1332 740 in
1347 679 1454 743 Cano·

340 801 380 848 na
405 783 551 848 Paschali
573 785 737 848 scribite«
756 784 933 848 Receosiiis
954 785 1054 862 igilur
1074 782 1220 844 fidelibus
1237 782 1375 844 historiis
1397 799 1453 842 re·

341 893 459 956 iorum,
484 885 569 948 beaii
590 887 714 949 scilicet
737 884 867 949 Eusebii
894 885 1099 948 caesariensis
1122 881 1319 970 Palaestinae
1340 883 1455 942 cirita·
1567 891 1568 912 ¹

346 985 385 1050 iis
406 985 557 1065 episcopi,
573 985 633 1048 riri
654 985 684 1047 in
706 986 796 1064 prins
817 983 1022 1048 eruditissimi
1038 993 1070 1047 et
1091 983 1274 1046 deciissimi:
1290 1003 1306 1041 n
1320 982 1361 1045 Ει
1376 981 1454 1044 Hie·

341 1105 499 1171 ronyrnus
515 1087 593 1166 ipse,
617 1093 791 1165 aciequam
808 1090 1008 1166 irrumperet
1021 1086 1052 1147 in
1069 1084 1255 1167 origenem,
1276 1084 1381 1147 virum
1396 1085 1457 1146 od·
1568 1143 1569 1186 ;

341 1186 517 1252 mirabilem
539 1198 633 1252 vocat
653 1187 840 1252 Eusebium.

424 1289 554 1356 Cunctis
571 1309 630 1368 pro
653 1289 795 1354 Eusebio
817 1290 965 1352 discussis
981 1307 1019 1351 uc
1039 1305 1102 1352 nna
1125 1307 1184 1370 pro
1206 1289 1358 1368 Origene,
1374 1307 1454 1369 erga

344 1411 440 1474 quem
457 1391 590 1455 incendit
611 1393 711 1454 nostri
732 1393 830 1464 studii
846 1409 985 1466 summa,
1009 1399 1046 1452 ui
1067 1392 1244 1471 quidquam
1261 1390 1455 1474 Hieronymi

341 1493 484 1556 iiiusioni
506 1491 725 1565 condonetur,
748 1491 920 1554 notandum
944 1499 1071 1566 menei,
1095 1493 1220 1554 arianos
1244 1493 1273 1553 in
1297 1493 1456 1572 propriae

343 1592 514 1676 impietatis
540 1592 751 1673 suffragium,
779 1592 1084 1671 quomodocumque
1110 1603 1279 1671 perorant,
1298 1605 1457 1673 parronos

342 1712 522 1777 quaerere;
544 1695 588 1758 ita
605 1704 652 1770 ni,
669 1697 725 1776 qui
741 1694 838 1773 vulgo
860 1694 1048 1770 orthodoxi,
1070 1694 1207 1774 fideique
1228 1696 1372 1756 sincerae
1394 1715 1460 1776 pu-

344 1798 507 1871 iubentur,
521 1796 562 1858 ab
574 1797 693 1860 eisdem
708 1803 814 1859 tamen
829 1797 877 1858 uti
890 1796 960 1858 Arii
978 1791 1121 1858 saniores
1136 1806 1339 1860 vocarentur.
1355 1793 1456 1873 Quod

342 1895 484 1962 Eusebio
506 1895 622 1962 accidit
641 1903 674 1961 ot
694 1895 766 1960 aliis
786 1896 902 1961 sanctis
923 1895 1087 1961 Ecclesiae
1110 1898 1197 1960 siris.
