3186 4946
340 454 503 522 Christum
525 454 594 524 liei.
617 453 649 520 st
670 473 747 519 rere
769 463 844 520 tuno
863 463 897 518 et
916 461 1007 518 auter
1029 455 1060 517 in
1085 455 1143 518 ista
1163 455 1341 536 sphalmata
1365 457 1445 520 inci·

340 558 448 636 disset,
471 576 605 639 prorsus
618 558 659 622 ab
676 558 852 639 apostoliea
875 557 1044 622 traditione
1064 563 1098 619 et
1116 556 1337 621 ecclesiasticis
1357 557 1447 622 insti·

341 659 518 723 tutionibus
532 659 736 736 dissonantia,
750 660 938 740 ceteroquin
956 659 1068 734 sciens,
1085 659 1274 722 uuiversum
1287 665 1398 722 contra
1412 677 1450 722 se

339 767 426 824 stare
442 760 585 824 fidelium
606 768 734 825 coetum
743 781 755 842 3
777 760 953 842 quomodo,
975 760 1118 840 inquom,
1136 767 1198 822 tam
1213 760 1328 836 libere,
1345 759 1444 823 firmi·

341 868 457 942 terque
477 881 510 924 se
532 880 593 924 uon
615 881 738 948 errasse
760 859 920 926 dixisset?

418 962 460 1026 Et
473 983 534 1028 cur
554 967 684 1047 insuper
700 973 748 1027 tot
769 966 974 1045 comperisset
990 965 1106 1044 pietate
1120 972 1152 1027 et
1172 965 1301 1028 scientia
1317 965 1446 1046 conspi·
1580 965 1581 1018 l

338 1083 418 1129 coos
439 1084 516 1129 sune
537 1067 749 1131 admiratores
771 1067 949 1143 doctrinae,
971 1066 1152 1146 etquidem
1175 1067 1259 1142 talis,
1281 1085 1298 1129 a
1321 1086 1383 1147 qna
1406 1086 1443 1130 se

339 1165 508 1230 decessisse
529 1169 644 1232 nullibi
666 1169 827 1232 iturorum
848 1185 984 1230 snorum
1006 1166 1167 1230 iuvenitur
1188 1165 1369 1232 iudicinm'l
1388 1187 1444 1231 eo·
1580 1149 1581 1230 l

338 1285 402 1348 qne
424 1270 522 1348 magis
543 1287 617 1333 cum
637 1271 704 1352 jam
725 1269 845 1350 publici
864 1269 948 1350 juris
970 1268 1044 1330 lacti
1074 1277 1176 1331 essem
1202 1265 1245 1330 Dc
1267 1266 1446 1348 Principiis

339 1367 426 1444 libri,
444 1368 498 1431 nbi
513 1372 687 1448 praecipue
711 1387 748 1432 ea
764 1369 902 1431 absurda
921 1369 1075 1432 contineri
1090 1369 1131 1430 ab
1144 1369 1337 1432 adversariis
1352 1387 1445 1448 prae·

339 1467 509 1534 sumitur?
530 1469 571 1532 Et
591 1471 669 1552 quid
690 1471 902 1555 sycophantas
923 1488 999 1533 suos
1020 1470 1217 1549 compellare
1238 1479 1445 1532 accusatores
1580 1481 1581 1552 t

340 1569 426 1650 quod
450 1570 591 1664 recitatis
613 1572 757 1653 requiam
774 1569 1004 1653 perdiderant?
1019 1569 1086 1634 Nisi
1107 1572 1190 1634 enim
1206 1573 1247 1634 ita
1271 1571 1368 1646 iuret,
1389 1588 1445 1634 ne·

338 1668 416 1732 dum
436 1671 633 1750 imprudens,
647 1672 702 1736 aad
718 1682 750 1736 et
769 1673 936 1747 scelestus,
951 1674 1018 1734 sive
1033 1673 1162 1734 insanus
1183 1673 1233 1732 vir
1254 1671 1444 1746 haberetur,
1580 1733 1581 1738 ,

338 1771 536 1850 quicumque
549 1772 773 1853 hujuscemodi
794 1773 955 1834 emitteret
970 1771 1212 1835 declarationes.
1236 1769 1286 1835 ux
1304 1772 1350 1833 itis
1365 1788 1444 1849 erqo

339 1871 594 1937 concludendum
616 1883 685 1951 est,
707 1891 782 1938 cum
803 1874 908 1936 adhuc
929 1873 960 1934 io
985 1873 1063 1936 vivis
1089 1881 1198 1952 ageret
1220 1871 1444 1947 Adamantius,
1580 1875 1581 1930 t

339 1970 644 2052 quomodocumque
660 1981 770 2038 contra
781 1991 855 2036 eum
867 1981 974 2036 ectum
990 1974 1030 2035 sit
1042 1973 1081 2034 de
1097 1973 1249 2053 praelatis
1264 1973 1446 2051 erroribus3
1580 1953 1581 2032 ἶ

346 2071 413 2134 sive
425 2072 544 2148 cuncti,
556 2081 614 2138 aut
624 2075 768 2155 quidum,
783 2075 902 2138 luerint
915 2077 943 2136 ei
955 2073 1144 2154 adiudicati,
1154 2075 1235 2140 laiso
1246 2084 1276 2139 et
1292 2075 1447 2156 injuriosa

341 2170 382 2234 eb
402 2171 528 2249 insidis,
549 2183 582 2238 et
602 2175 719 2256 ignaris
741 2175 838 2239 luisse
859 2175 961 2238 eidem
988 2176 1161 2240 confictos:
1186 2177 1340 2241 adversus
1362 2196 1444 2256 qnos

342 2271 415 2335 ideo
439 2269 615 2340 obtestatus
629 2285 688 2354 ost,
703 2277 743 2341 de
757 2278 853 2340 anirui
874 2277 923 2340 sni
945 2277 975 2338 in
998 2277 1059 2340 tide
1080 2279 1262 2344 sinceritate
1282 2276 1385 2344 Deum
1402 2289 1445 2342 te·

344 2381 423 2436 stem
445 2375 620 2455 appellans.
