3186 4946
316 408 385 585 ῗΙῗιι
404 514 494 578 suuis
515 515 547 577 iu
569 511 667 595 Libro
684 511 738 576 vl.
763 531 791 577 e.
808 509 944 577 xxxii.
968 513 1048 576 tdart
1075 513 1116 576 ab
1130 529 1214 576 euno
1231 508 1302 580 aeti.
1318 531 1384 592 quo
1410 513 1444 575 iu

320 615 440 680 Christi
454 613 633 679 Ecclesiam
655 623 740 678 mota
762 625 811 678 cst
829 613 918 678 lieoil
937 615 1133 696 persecutio,
1152 624 1185 678 et
1206 616 1236 676 in
1257 629 1320 694 quo
1342 614 1440 694 plura
1468 675 1473 682 .

320 733 431 797 passus
451 723 500 782 esi
520 715 803 799 origenemque
823 715 863 780 ati
886 732 1006 779 anuum
1028 716 1157 780 circiter
1176 713 1248 782 aba.
1272 735 1339 798 quo
1354 731 1443 780 mor

322 830 397 884 tuus
412 823 472 896 eei,
496 820 576 882 bueo
597 818 712 886 tradit:

397 918 519 996 rQuot
538 917 780 986 afflictationum
801 938 932 1002 genera,
956 928 988 984 et
1008 938 1107 1002 quam
1130 922 1241 999 gravia
1256 915 1386 998 Origeui
1405 919 1437 982 iu

318 1021 378 1084 buc
401 1021 587 1085 turbulenta
609 1024 842 1106 persecutionis
864 1028 1053 1102 tempestato
1075 1021 1292 1099 contigeriuta
1315 1027 1348 1082 et
1367 1037 1438 1098 quo

318 1132 413 1201 paeto
435 1123 595 1187 malevola
617 1124 738 1186 diaboli
760 1125 879 1186 invidia
901 1133 1015 1188 contra
1037 1125 1164 1187 incensa
1193 1122 1260 1202 (qui
1282 1121 1434 1188 omuibus

316 1223 415 1303 copiis
439 1215 591 1304 tauquam
614 1226 713 1288 bostis
739 1225 886 1302 iniectus,
909 1228 1004 1289 cuiue
1025 1227 1128 1287 aciem
1147 1223 1321 1286 adversum
1338 1223 1437 1286 illum

317 1325 497 1388 instruebat
517 1327 666 1390 omuibus
688 1327 863 1402 maebiuis,
886 1327 974 1390 omui
998 1327 1118 1390 virtute
1139 1331 1171 1388 et
1193 1325 1333 1404 potentia
1357 1342 1436 1386 uou-

316 1434 367 1487 tra
388 1443 464 1489 eum
485 1427 670 1504 dimicabat,
690 1437 724 1491 et
745 1435 876 1507 praeter
892 1437 1017 1491 ceteros
1033 1446 1142 1491 omues
1156 1427 1214 1488 illo
1232 1433 1375 1505 tempora
1390 1425 1436 1488 ab

315 1545 355 1591 eo
376 1529 593 1608 impugnatos,
615 1531 646 1591 in
668 1530 753 1592 bunc
775 1530 976 1608 potissimum
990 1531 1147 1610 impetum
1163 1525 1312 1604 iaciebat)
1331 1527 1433 1606 magis

316 1630 483 1708 magisque
503 1637 719 1708 augerentur:
743 1632 851 1710 qualia
868 1632 964 1694 etiam
978 1638 1118 1710 atquem
1131 1629 1248 1691 scerbn
1264 1646 1325 1707 pre
1339 1625 1435 1690 cort·

315 1730 355 1790 sti
379 1731 478 1794 verbo
499 1740 531 1794 et
550 1731 696 1794 doctrine
728 1750 897 1812 perpessus
928 1733 970 1794 sit
992 1731 1143 1806 vincula,
1169 1747 1254 1809 quoe
1284 1727 1436 1806 corporis

314 1837 488 1906 tormenta,
511 1850 595 1911 quae
616 1833 775 1912 supplicia
796 1851 836 1895 ex
858 1840 969 1895 catcua
993 1831 1098 1894 terrea
1114 1831 1145 1892 iu
1161 1829 1306 1892 interiori
1321 1845 1434 1891 carce-

314 1932 357 1994 ris
379 1948 508 1996 recessu
529 1934 616 2000 collo
638 1936 798 2013 impacta:
821 1941 854 1996 et
874 1933 1039 2013 qtremurlo
1060 1931 1171 1994 multis
1192 1929 1305 1993 diebus
1334 1929 1434 2007 polos

314 2030 402 2110 liguo
434 2035 598 2111 adstricti,
621 2045 767 2117 quatuor
797 2034 993 2096 iommiuum
1014 2032 1191 2094 interstitiis
1211 2029 1431 2109 interpositis,

314 2130 521 2196 distractione
542 2137 682 2215 quatiam
715 2135 843 2198 distenti
866 2133 1008 2197 luerint:
1031 2147 1116 2212 quac
1137 2133 1216 2210 ignis
1238 2141 1269 2193 et
1291 2131 1435 2193 iuceutlii

313 2234 480 2311 oppositae
501 2237 617 2310 minae,
639 2253 719 2315 uuas
741 2243 909 2315 praeterea
932 2236 972 2297 ab
994 2235 1129 2297 inimicis
1151 2230 1283 2295 iuilictas
1303 2231 1434 2295 curnili-

313 2335 400 2397 eiuas
423 2337 600 2402 toleranter
620 2339 814 2417 pertulerit:
842 2335 1024 2420 cujusmodi
1041 2344 1153 2420 ,autem
1178 2334 1294 2397 barum
1317 2351 1433 2396 rerum

313 2437 420 2500 cuitus
442 2437 564 2512 luerit,
584 2439 694 2518 iudice
715 2439 863 2502 omuibus
887 2438 1008 2501 viribus
1029 2437 1088 2498 uisi
1110 2435 1276 2497 ambitiose
1297 2442 1431 2496 conteu-

312 2535 418 2612 deute,
441 2555 480 2600 ns
495 2538 588 2601 illum
611 2540 824 2603 interlicerst:
849 2539 986 2618 denique
1006 2553 1089 2617 quos
1109 2553 1273 2598 sermones
1291 2549 1430 2613 eosque,

310 2636 427 2698 solatio
446 2636 556 2717 plenos
578 2641 626 2714 iis,
649 2640 705 2719 qui
726 2641 795 2720 opis
817 2646 849 2704 et
870 2639 984 2703 auxilii
1006 2640 1037 2699 iu
1062 2637 1159 2699 rebus
1181 2635 1326 2698 adversis
1349 2633 1432 2696 tult-

295 2746 398 2823 κςοιιι,
420 2741 546 2821 scriptis
562 2742 743 2822 reliquerit,
763 2741 945 2823 permultae
959 2747 1034 2804 suut
1056 2738 1144 2824 iltius
1159 2727 1327 2817 epistolae,
1344 2754 1433 2815 qaue

313 2856 392 2902 rere
412 2850 633 2922 accurateque
654 2849 952 2906 commemorent.»

393 2939 435 3006 Et
457 2943 536 3008 baec
557 2945 655 3009 tradit
679 2943 851 3018 Eusebius,
874 2944 1133 3021 instauravitque
1153 2938 1370 3022 Hieronymus
1391 2940 1426 3002 iu

311 3039 409 3104 Libro
426 3040 470 3103 iia
490 3040 572 3106 Viris
591 3040 798 3119 illustribus,
822 3045 866 3106 ita
888 3053 924 3106 ut
945 3043 1192 3123 discrepantiam
1219 3041 1365 3120 inspicias
1386 3040 1431 3104 ab

310 3143 371 3218 bis,
393 3161 478 3223 quae
499 3145 644 3209 narravit
664 3164 690 3208 e.
716 3143 924 3225 Epiphanius.
948 3141 1059 3206 Talem
1077 3160 1154 3206 reru
1176 3143 1428 3221 discrepantiam

311 3261 351 3306 ex
375 3243 421 3306 bis
443 3243 573 3308 Eusebii
598 3246 703 3308 serbis
724 3259 834 3318 erues,
852 3253 888 3310 ut
910 3247 1005 3310 ouius
1022 3245 1227 3307 vel-ulterius
1248 3243 1428 3306 auctoritas

310 3344 404 3408 cedat
425 3348 605 3409 necessario
613 3366 624 3424 ;
640 3353 673 3409 et
693 3361 790 3409 unam
806 3349 963 3410 sinceram
985 3346 1102 3425 probes
1122 3344 1352 3418 narrationem,
1368 3341 1431 3405 iel·
1488 3417 1497 3426 ι

308 3462 376 3507 sam
403 3448 557 3527 reprobes
582 3448 730 3510 alteram.
762 3445 796 3508 lu
818 3449 880 3512 boc
909 3453 1014 3510 tamon
1038 3464 1100 3510 uou
1124 3445 1259 3509 videbor
1282 3443 1425 3519 illusus,
1496 3431 1506 3449 ⁸

308 3548 336 3608 si
356 3545 501 3625 Eusebii,
524 3548 708 3627 posthabito
735 3546 934 3629 Epiphanio,
962 3557 1177 3628 acceptavero
1208 3543 1427 3609 testimonium

307 3650 428 3728 quippe
449 3650 544 3728 pestis
565 3658 598 3712 et
618 3658 723 3712 aetate
745 3651 1007 3732 propinquioris3
1024 3649 1125 3729 etqui
1142 3649 1223 3711 bano
1238 3645 1362 3726 redegit
1379 3648 1427 3710 bt-

308 3749 440 3811 storiam
463 3751 504 3811 ab
524 3751 603 3813 actis
624 3748 817 3836 aliionysio
840 3753 1024 3832 obsignatis,
1048 3751 1104 3831 qui
1127 3748 1188 3812 luit
1208 3747 1357 3826 Origauis
1379 3747 1428 3808 di·

306 3850 453 3927 scipulos
473 3861 505 3914 et
522 3849 659 3917 Scboiae
680 3855 878 3928 moderator,
895 3863 927 3918 et
946 3851 1236 3933 praestantissimus
1258 3847 1425 3912 Ecclesiae

307 3950 536 4014 alexandrinae
558 3953 740 4033 episcopus,
767 3955 911 4017 doctrine
935 3961 968 4015 et
988 3953 1107 4033 pietate
1130 3952 1251 4031 ubique
1276 3950 1423 4028 iulgeus,

306 4057 340 4112 et
362 4051 506 4114 emnium
529 4055 628 4130 testis,
644 4069 729 4134 quae
746 4061 821 4117 tuuc
836 4056 1020 4118 acciderant
1036 4055 1069 4116 iu
1085 4051 1172 4117 Decii
1187 4051 1423 4134 persecutione.

307 4150 358 4212 nb
380 4151 441 4214 buc
462 4169 538 4216 sanc
558 4163 590 4216 et
612 4156 651 4218 ab
678 4156 770 4232 aliis,
793 4173 875 4236 quos
896 4155 937 4218 ab
959 4155 1049 4220 initio
1070 4153 1158 4217 Libri
1184 4150 1242 4216 vt.
1271 4151 1349 4213 (licit
1369 4151 1426 4212 ad·

306 4252 370 4315 buc
390 4254 578 4335 superstites
601 4265 696 4319 testes
717 4271 846 4332 corum,
867 4273 953 4338 quae
972 4258 1038 4338 egit
1058 4263 1091 4320 et
1111 4254 1223 4319 docuit
1243 4249 1422 4332 Origenes,

306 4359 475 4420 mutuatus
496 4364 543 4422 cst
566 4355 734 4422 Eusebius.
