2982 4934
1092 409 1154 480 wi

42 527 161 590 parsaae
179 510 365 575 seditionem
379 509 505 590 sihigrm
525 527 635 575 necem
653 511 844 591 intentasse;
861 529 900 576 ac
916 513 974 578 olai
990 510 1048 577 liei
1067 531 1143 594 pro·

44 615 170 679 ridentia
193 615 224 676 id
246 613 444 690 inireneeset,
466 613 623 678 evenisset
636 613 723 695 quod
739 615 770 676 in
783 613 991 680 seditionibus
1006 617 1138 681 evenire
1215 655 1218 661 ,

42 716 134 779 solet:
157 717 321 778 intentam
342 716 424 780 enlm
446 714 559 778 nelarii
576 717 717 780 homiues
740 719 950 780 temeritatem
974 718 1071 783 immo
1091 718 1139 780 in·

44 817 150 879 sariam
167 826 411 897 praeruperant.
433 816 548 880 Subdit
568 817 711 897 insuper,
728 834 801 880 cum
823 817 890 895 ipse
909 815 1006 880 saluti
1029 833 1138 881 mona·

45 918 166 982 chorum
196 919 395 998 provideret,
420 918 497 980 istos
524 927 634 983 coutra
658 937 692 980 se
719 917 878 982 hostiliter
905 935 1073 998 pugnasse.
1101 917 1144 984 tit

45 1019 111 1081 haec
130 1027 269 1081 testatur
288 1015 485 1099 Theophilus
506 1016 705 1114 in'praciatis
725 1017 851 1081 litteris.
875 1015 1091 1082 Nihilominus
1105 1025 1140 1083 et

45 1121 104 1200 quis
116 1118 289 1184 crederet?
304 1118 358 1184 lsti
374 1119 533 1195 monachi,
549 1119 692 1182 homines
706 1117 833 1194 nelarii,
848 1137 889 1183 ex
903 1120 941 1182 iis
954 1129 1041 1195 sunt,
1054 1138 1139 1200 qnos

43 1221 112 1282 inter
125 1231 285 1306 martyres
306 1223 444 1284 honorat
458 1219 600 1284 Ecclesia
612 1239 727 1300 graeca
743 1222 775 1282 in
791 1217 920 1284 Menneu
940 1222 1002 1284 etth
1019 1220 1070 1284 die
1084 1216 1136 1288 10.

44 1317 117 1383 lunii
137 1321 197 1383 hac
216 1322 434 1401 inscriptione:
449 1321 555 1383 eadem
574 1318 624 1382 die
645 1331 828 1383 sumturum
846 1318 1059 1400 plurimorum
1077 1339 1139 1400 pu·

44 1431 123 1497 hera,
142 1441 222 1504 patos
245 1419 431 1504 Theophilus
449 1420 682 1486 menandriana
702 1421 863 1502 episcopas
882 1421 956 1504 ipsse
973 1433 1001 1488 ct
1020 1422 1140 1486 niolen·

45 1533 70 1587 ta
85 1535 174 1588 nortr
188 1525 314 1589 necarit
325 1533 454 1607 propter
467 1521 626 1588 indorum
640 1521 863 1604 prerdptertsnr.
881 1522 975 1603 ltem,
992 1531 1071 1589 teste
1083 1524 1142 1590 So-

47 1633 127 1700 crate,
148 1629 250 1692 ceteri
265 1629 322 1708 qui
341 1628 519 1690 exularnnt
534 1627 692 1703 monachi,
708 1634 740 1690 et
754 1625 1029 1708 Constantinopoli
1051 1645 1139 1693 mor·

50 1725 83 1788 tui
98 1736 188 1801 aunt,
213 1729 244 1790 in
265 1717 450 1792 sanctorum
478 1745 615 1792 numero
636 1728 847 1792 honorantur.
871 1727 1021 1792 Attamen
1043 1729 1141 1792 iidem

46 1829 171 1891 nonachi
196 1845 275 1892 vere
295 1830 482 1906 orthodoxi,
507 1831 658 1911 serapii,
684 1847 759 1892 vere
778 1832 892 1904 sancti,
918 1847 993 1892 vere
1015 1839 1135 1912 marty·

48 1937 181 2005 meunt,
198 1945 284 2008 qnos
299 1928 495 2010 Epiphanius
512 1939 546 1993 et
566 1928 794 2012 Hieronymus,
811 1929 953 2009 epistolis
967 1929 1137 2012 Theophili

48 2031 176 2110 receptis,
200 2031 359 2110 istiusque
381 2029 532 2110 perfidiae
545 2033 647 2110 ignari
669 2047 731 2093 una
753 2047 828 2093 cnm
848 2049 888 2093 eo
909 2037 1139 2110 nuncuparunt

48 2129 220 2207 haereticos,
237 2132 364 2211 impios,
380 2131 598 2205 simulatores,
613 2131 738 2222 aspides
752 2131 911 2205 occultos,
927 2133 1046 2215 hydras
1065 2132 1140 2196 sihi·

45 2229 143 2306 lantes,
165 2233 311 2313 undique
326 2230 473 2313 Origenis
494 2248 594 2312 prava
616 2230 764 2311 dogmate
786 2239 937 2296 serentes.

114 2330 283 2410 Secundo,
306 2329 412 2414 qnhad
437 2333 619 2408 isidorum,
640 2331 778 2412 speciale
804 2332 1019 2398 testimouium
1046 2335 1087 2398 de
1112 2333 1137 2396 i‘·

45 2434 117 2510 psina
136 2435 198 2500 lide
218 2455 259 2500 ac
280 2453 407 2499 morum
429 2435 610 2514 integritate
632 2434 735 2514 ialget
755 2453 794 2498 ex
818 2433 961 2516 ejusdem
975 2433 1136 2515 Theophi-

44 2533 62 2596 li
79 2535 184 2601 dictiss
200 2542 259 2618 qui
282 2536 442 2600 isidorum
461 2547 553 2600 rocas
574 2537 749 2615 principem
775 2534 920 2600 iectionis
942 2537 1135 2614 haereticae,

45 2632 113 2697 idest
130 2640 399 2720 origenistarum,
420 2654 561 2718 qnorum
584 2635 740 2700 haeresim
753 2653 872 2698 uorum
886 2637 1013 2718 penitus
1034 2634 1139 2700 Theo·

6 2725 7 2730 ’
44 2735 109 2811 phili
128 2749 350 2831 commentum
368 2728 538 2816 hucusque
558 2737 766 2816 prohrrtmor
789 2737 895 2802 inisse.
919 2735 960 2800 Et
984 2754 1072 2811 sene,
1097 2739 1140 2802 ai·

46 2837 105 2915 quis
127 2839 157 2902 in
177 2849 361 2920 nuncupata
375 2837 532 2924 Synodion
555 2839 778 2916 expressiones
796 2837 938 2902 studiose
959 2850 1141 2918 perscrute-

46 2943 100 3013 tur,
120 2939 380 3020 comprehendet,
401 2939 567 3020 qnomodo
589 2940 620 3000 iu
644 2936 757 3002 laidori
784 2939 1057 3004 criminationibus
1080 2948 1144 3003 ter·

47 3039 209 3114 prematur
229 3041 284 3114 sil,
307 3048 344 3103 ut
363 3041 424 3102 suh
439 3039 608 3102 charitatis
629 3039 822 3102 christianae
841 3057 880 3103 ac
901 3039 974 3103 fidei
995 3040 1079 3114 zelo,
1105 3041 1144 3103 tl·

46 3135 97 3200 lius
115 3149 245 3205 noceret
266 3139 382 3215 lamae,
399 3147 430 3202 et
452 3141 525 3202 hinc
544 3139 666 3202 aditum
688 3139 747 3204 sihi
762 3148 966 3218 compararet
983 3142 1021 3202 ad
1044 3141 1142 3223 ipsius

47 3235 274 3305 damnationem.
299 3238 366 3304 Nec
386 3240 482 3303 aliter
501 3257 634 3320 scopum
656 3243 811 3320 attigisset
833 3239 1044 3321 Theophilus,
1066 3260 1140 3306 cunr

45 3341 181 3404 scriberet
199 3343 240 3403 nd
264 3342 428 3422 episcopos
459 3341 659 3404 Palaestinae
680 3350 712 3404 et
734 3339 844 3426 Cypri,
866 3343 968 3405 sciens
988 3360 1086 3422 quam
1106 3361 1142 3402 a·

46 3439 97 3514 pud
115 3440 185 3505 illos
207 3442 320 3506 lsidnri
343 3458 458 3505 nomen
482 3442 709 3506 venerandum.
732 3439 803 3504 Tali
825 3443 908 3504 enim
932 3445 1137 3506 veneratione

47 3537 117 3602 hunc
130 3543 408 3624 prosequebantur
428 3541 567 3606 loannes
584 3541 899 3626 hierosolymitanos,
914 3539 1091 3618 Palladius,
1106 3552 1141 3607 et

49 3633 230 3706 innocentius
248 3641 345 3722 Papa,
366 3659 463 3722 quem
479 3643 551 3705 ideo
574 3650 666 3706 vocat
688 3643 718 3702 iu
738 3641 873 3718 epistola
894 3639 1135 3724 adlhrcadinm

49 3735 161 3818 dt'pamn
174 3739 331 3822 hospitum
344 3751 549 3822 receptorem,
562 3753 591 3804 et
603 3741 767 3823 religiosae
785 3740 867 3806 citos
885 3751 1132 3806 consectatorem.

113 3839 230 3920 Tertio,
242 3846 268 3906 si
281 3853 387 3907 tantae
397 3844 549 3924 perfidiae
562 3863 664 3925 capax
678 3844 778 3908 iuerh
787 3842 985 3924 Theophilus
997 3845 1028 3906 iu
1038 3863 1138 3924 quae·

50 3939 134 4006 aione
154 3945 286 4024 isidori3
309 3955 342 4010 et
362 3946 438 4026 qnid
460 3947 638 4028 putandum
659 3948 721 4009 erit
740 3945 782 4008 de
801 3959 898 4008 cansa
919 3943 1137 4026 origeniana?

53 4039 93 4100 hb
105 4043 279 4128 hujusmodi
294 4049 401 4123 initiis,
417 4048 561 4131 uunquid
582 4046 803 4110 arbitrandum
818 4047 891 4121 erit,
907 4054 1037 4122 cuncta,
1052 4065 1138 4126 qnae

53 4152 209 4214 tnmcssire
232 4149 388 4216 adversus
408 4147 580 4230 Origenotn
601 4157 635 4212 et
654 4147 826 4210 monachos
847 4149 1011 4212 nitrienses
1031 4148 1139 4212 accis·

56 4247 136 4311 navit
153 4250 182 4315 in
201 4249 331 4336 synodo
358 4249 567 4315 alexandrina
597 4247 814 4331 Theophilus,
843 4250 919 4333 jare
940 4269 978 4316 ac
997 4249 1139 4330 legitime
1240 4260 1244 4273 ·
