2994 4938
301 341 341 416 23

709 415 713 423 ’
755 443 895 516 caron
918 445 972 514 tv.

307 646 485 724 Coponios,
511 648 625 732 l'ipe'lio
644 651 738 733 Papo
757 651 988 728 consentiente,
1008 647 1169 732 neonem
1194 649 1227 716 t.
1251 653 1402 718 oecumeni-

342 769 413 816 eom
428 763 649 834 conprepotom
670 773 745 827 csse,
764 753 915 818 cononice
934 753 1032 818 trium
1051 753 1269 834 Gopitnlosscns
1289 757 1401 820 donne

341 857 455 920 tionem
472 852 518 918 itt
536 855 704 932 concitem,
719 864 763 932 et,
776 857 862 936 qnod
874 873 941 920 nno
960 855 1192 937 quaeritandi
1203 857 1304 922 sedern
1318 854 1401 936 Speo-

341 957 382 1022 do
401 957 562 1022 exclusam
579 955 844 1039 palentinensis
863 977 1006 1038 consona,
1022 959 1196 1024 luculenter
1208 958 1368 1041 prodetur.

301 1197 429 1326 Antea
452 1221 577 1328 nosissc
599 1263 762 1340 conducit,
781 1281 954 1347 quousque
977 1267 1073 1331 trium
1095 1265 1322 1346 Capitulorom
1341 1281 1402 1346 pro·

302 1373 498 1445 pugnatores
520 1365 730 1445 profecissent
750 1368 782 1430 iu
804 1368 970 1448 proposito
991 1370 1188 1448 pervicaces,
1203 1385 1330 1431 summo
1347 1375 1402 1430 stu·

302 1464 357 1531 dio
373 1468 512 1546 totisque
534 1468 655 1532 viribus
677 1466 785 1547 vigilii
807 1468 996 1533 tutionem
1018 1469 1258 1544 eoneoteeoses,
1282 1487 1338 1531 ceo
1356 1463 1403 1552 Sp·

179 1631 180 1634 ,
301 1567 387 1631 nodo
404 1567 648 1632 chalcedonensi
664 1568 830 1633 macilente
843 1570 1055 1635 cummium.
1073 1567 1114 1632 Et
1127 1572 1277 1650 quamvis
1292 1569 1322 1631 in
1334 1569 1401 1648 ipso,

302 1667 460 1732 damnatis
482 1669 584 1734 tribus
605 1668 774 1754 Capitulis,
792 1668 940 1734 Pontile‘x
962 1671 1139 1749 protessus,
1155 1671 1263 1752 sitque
1282 1671 1404 1734 obteste-

302 1778 368 1848 tus,
382 1771 578 1836 incolumem
598 1774 721 1836 servari
736 1771 831 1836 tidem
853 1771 986 1837 Patruus
1002 1773 1089 1838 illios
1104 1770 1239 1837 Concilii
1260 1778 1294 1836 et
1306 1769 1403 1836 Leonis

302 1871 409 1954 Pspne
419 1893 431 1953 ;
453 1879 593 1938 ettamen
614 1875 867 1939 contradictores
881 1881 915 1938 et
935 1874 1017 1938 hanc
1037 1874 1198 1954 aspernati
1213 1871 1322 1954 vigilii
1341 1889 1403 1935 esu·

301 1975 420 2038 tionem
434 1974 466 2038 io
481 1975 549 2056 ipso
564 1973 718 2039 iudicato
741 1994 942 2057 expressam,
957 1977 998 2041 nb
1014 1982 1253 2058 praesumptam
1268 1975 1300 2036 in
1313 1975 1402 2055 ipsun

301 2073 489 2139 Pontificem
512 2075 712 2152 violentiam,
734 2085 794 2142 aut
813 2080 856 2142 ob
877 2079 1023 2161 eiusdem
1046 2078 1267 2154 umbilicum,
1289 2077 1352 2141 sive
1369 2073 1403 2138 oi

300 2176 513 2258 ignorantiam
529 2177 578 2240 vel
602 2178 827 2254 temeritatem,
845 2179 892 2243 nti
908 2178 1146 2254 interdicetur,
1168 2175 1305 2262 synodis
1325 2177 1353 2239 in
1371 2171 1404 2234 ll·

301 2275 389 2362 lyrio
402 2282 434 2340 et
449 2279 480 2339 iu
502 2274 613 2340 antee
630 2278 789 2354 adunatis,
805 2277 993 2344 ludicatum
1009 2279 1322 2342 anathematizarunt
1341 2289 1402 2340 eun

301 2377 401 2457 ipsius
423 2383 558 2442 auctore
580 2375 720 2466 vigilio,
754 2379 836 2443 dotis
857 2361 931 2444 inde
962 2377 1113 2459 epistolis¹
1127 2378 1166 2442 ad
1188 2378 1401 2443 lastinianum.

302 2475 418 2542 Victor
437 2476 638 2546 Tunuoeusis
663 2481 720 2544 lece
741 2477 934 2558 memorans,
956 2480 996 2544 de
1016 2479 1146 2566 Synodo
1176 2479 1319 2542 africana
1338 2477 1404 2540 haec

302 2577 366 2642 nite
385 2591 402 2640 tt
419 2579 493 2644 Posi
514 2579 726 2646 Consulatum
747 2580 856 2645 Basilii
890 2579 927 2645 V.
950 2579 986 2646 C.
1009 2599 1061 2644 nn.
1077 2579 1117 2644 X.
1143 2580 1280 2645 africani
1300 2575 1404 2642 satisti-

221 2708 224 2720 ·
302 2685 351 2744 tes
370 2679 526 2762 vigilium
548 2681 730 2746 Romanum
752 2681 946 2762 Episcopum
969 2681 1189 2746 damnatorem
1212 2682 1312 2744 trium
1325 2675 1403 2758 Capi·

304 2781 452 2847 tulorum
473 2783 673 2867 synodaliter
693 2801 711 2846 a
733 2783 892 2847 catholiea
921 2783 1170 2859 communione,
1203 2774 1402 2846 mereant

304 2885 521 2968 poenitentioe
540 2885 628 2960 loco,
648 2884 865 2949 occludunt.»

384 2983 444 3049 llis
462 3003 538 3050 sene
554 2986 743 3051 instantibus
764 2984 1070 3050 contradictionibus
1090 3003 1151 3066 per
1164 2983 1316 3065 epistolis
1334 2985 1403 3045 cete·

306 3102 410 3164 taque
431 3085 530 3168 hujus
545 3089 670 3167 generis
688 3087 807 3167 scripta
821 3104 839 3149 a
853 3086 1006 3169 praelatis
1026 3087 1183 3170 episeopis
1197 3085 1338 3149 studiose
1350 3081 1403 3143 ela·

306 3186 420 3276 irorata
442 3188 599 3253 sdversns
623 3187 835 3264 indicatum,
867 3188 1048 3252 necessario
1082 3187 1294 3251 solertissimo
1312 3178 1402 3262 vigilii

306 3305 405 3368 opera
428 3289 648 3370 repetebatur,
671 3287 870 3356 ulscaudola
893 3297 1072 3365 coerceret,
1097 3296 1307 3368 errantesque
1326 3285 1353 3346 in
1367 3280 1403 3342 ri·

307 3406 360 3453 sm
391 3389 564 3455 reduceret
592 3391 745 3456 veritatis.
771 3388 841 3454 Nec
868 3388 957 3454 aliud
988 3387 1060 3452 ideo
1080 3389 1186 3468 aptius
1210 3387 1270 3450 eibi
1292 3381 1402 3448 rideba-

308 3497 365 3554 tur
384 3493 525 3555 initurus
546 3491 716 3556 consilium
736 3493 796 3557 nisi
817 3489 935 3578 Synodi
957 3489 1114 3571 generalis
1135 3489 1400 3552 convocationem:

307 3608 407 3672 quam
429 3600 506 3656 tuno
526 3601 709 3674 opportune
729 3592 984 3675 congregandam
1014 3592 1173 3655 consensit
1193 3607 1254 3670 pro
1273 3584 1399 3670 ejusden

307 3689 450 3756 tooteast
472 3692 726 3758 confirmatione.
749 3691 865 3775 quue
885 3694 1024 3775 amplius
1045 3709 1119 3756 cum
1140 3697 1262 3770 pateat,
1283 3684 1355 3750 nihil
1372 3681 1404 3742 ds

307 3791 372 3858 nte
392 3794 524 3876 proprie
544 3795 588 3857 ibi
609 3796 680 3858 lore
701 3793 957 3874 disquirendum,
979 3791 1033 3856 scd
1056 3792 1095 3854 de
1116 3791 1260 3871 personis
1283 3793 1403 3849 tantun·

308 3893 406 3956 modo
436 3911 619 3975 eorumque
637 3896 765 3975 scriptis
794 3893 834 3958 od
856 3893 1021 3980 Synodum
1050 3892 1328 3957 chalcedonensem
1346 3899 1403 3963 spe

307 3995 489 4075 ctautiltus3
504 3997 548 4058 ita
569 4002 619 4072 ut,
635 3998 667 4060 iu
688 3997 793 4060 medio
808 3996 944 4079 prolatis
964 3995 1127 4060 codicibus
1140 3991 1283 4068 sinceris,
1298 3985 1403 4052 stetin

308 4111 344 4160 se
365 4097 513 4177 expensis
534 4101 566 4162 et
587 4095 735 4172 collutis,
767 4097 1034 4178 convenientique
1060 4092 1320 4176 interpretatione
1347 4081 1403 4146 elu-

233 4201 236 4209 ’
309 4193 475 4272 cupreus,
498 4195 576 4279 qnid
598 4197 629 4262 in
649 4197 725 4281 ipsis
746 4197 825 4262 certi
848 4197 1044 4275 deberetur,
1065 4203 1098 4260 et
1119 4195 1192 4260 lsinc
1212 4190 1288 4274 quid
1307 4187 1346 4252 ilci
1363 4195 1403 4246 rt·
