3042 4940
72 477 131 536 totr
154 471 271 558 virtute
297 469 473 554 profiteor,
502 469 588 536 nont
606 485 644 534 or
665 467 849 538 tererem
875 483 964 537 neos
989 362 1172 536 strennuis*

65 591 122 638 non
141 575 273 639 dubium
291 582 349 639 ert.
367 572 402 636 ln
422 572 541 656 quinus
562 572 656 638 illum
678 573 817 636 maxime
831 577 865 635 ot
883 572 976 652 sequi
998 577 1031 636 et
1051 570 1173 637 imitari

62 673 200 741 tesidere
220 675 257 754 (s.
279 673 429 756 Leonem)
450 693 548 755 quern
568 674 828 740 ehuioedoneusis
856 671 975 757 synodi
996 681 1164 739 auctorem

63 778 202 842 norinrns
222 778 364 842 extitisse
372 797 385 856 3
415 778 471 857 qni
492 795 553 842 sno
574 793 754 856 congruens
777 775 896 840 norniui
918 774 990 856 ejus
1010 793 1046 838 se
1067 792 1173 852 eruerer-s⁵

61 873 514 957 hrnrn,qnidetribn1ndu
537 873 600 940 Leo
622 877 757 951 exstitit,
783 876 981 938 sirueirsimu
1005 872 1077 938 fidei
1099 875 1166 939 sol·

62 976 220 1042 tieitutine
232 978 399 1044 evidenter
412 975 560 1042 ostendit.
582 974 725 1040 Similem
741 976 841 1056 igitur
861 975 1091 1054 suprascriptis
1111 973 1172 1058 Sy·

60 1077 142 1140 notis
162 1079 375 1144 rerer-entium
397 1097 449 1142 me
477 1094 606 1156 sempor
625 1078 850 1142 exhibiturum
870 1093 938 1140 osse
969 1076 1109 1154 confido,
1134 1082 1170 1142 et

61 1179 249 1258 quicumque
262 1177 438 1260 elisionem
452 1185 596 1259 quotuor
610 1176 760 1242 Coneitiis
774 1177 914 1242 nnsoiuti
925 1185 1013 1255 sunt,
1030 1196 1080 1242 me
1098 1195 1169 1244 esso

61 1279 250 1346 orthodoxos
270 1280 480 1358 habitururn,
512 1297 571 1346 neo
593 1293 737 1360 unquam
759 1279 789 1342 tn
813 1279 874 1343 ritu
898 1296 990 1356 nise,
1015 1279 1083 1344 nso
1107 1298 1168 1346 uos

60 1389 235 1460 protegente
255 1382 288 1446 in
308 1383 468 1458 omnibus,
483 1381 606 1463 niiqnid
628 1381 809 1446 deiunctae
825 1386 858 1444 et
879 1397 975 1444 veruo
996 1378 1164 1462 praedicu-

62 1481 144 1546 tiouir
161 1501 280 1548 eornm
299 1483 496 1548 auctoritato
518 1485 673 1548 minuere.

130 1583 266 1652 «Sedet
285 1603 434 1662 meones,
452 1603 535 1666 quos
550 1582 646 1648 Sedes
665 1582 848 1664 Apostoiioo
868 1584 1022 1664 suscepit,
1043 1603 1166 1668 sequor

59 1688 243 1763 ettennon,
258 1693 292 1751 et
308 1685 377 1754 Deo
391 1687 566 1768 adjurante
585 1686 721 1749 detentio
730 1706 742 1765 3
760 1703 865 1766 neque
882 1686 932 1750 vel
955 1687 994 1750 de
1009 1687 1069 1752 hoe
1092 1705 1167 1768 pro·

60 1784 182 1852 sessione
203 1787 365 1863 retinere,
387 1798 444 1851 ont
465 1787 630 1852 discedere
650 1788 825 1866 aliqnando
847 1789 1011 1869 promitto.
1038 1787 1165 1870 Episto-

58 1882 101 1948 lrs
113 1887 203 1950 etiem
226 1867 340 1952 bonine
362 1889 592 1954 reeordationis
609 1887 714 1968 Penne
727 1887 911 1964 coelestini,
928 1889 1171 1970 sintenes.

60 1989 198 2053 omnibns
219 1990 305 2054 beuti
326 1988 461 2068 Leonis,
484 2009 544 2054 neo
562 2008 625 2054 non
646 1991 741 2054 etiem
763 2008 988 2057 suceessorum
1009 1990 1080 2072 eins
1108 1989 1167 2056 Hi·

61 2084 126 2163 luri,
139 2089 304 2172 Simplicii,
322 2090 449 2168 Felicis,
466 2089 597 2170 (telesti,
614 2090 786 2168 Annstnsii,
802 2092 998 2177 symmachi,
1021 2089 1169 2163 Hormis-

62 2187 135 2262 dre,
154 2190 300 2270 insonis,
325 2191 459 2270 Felicis,
482 2191 662 2270 Boniteoii,
681 2191 816 2258 ioannis
845 2193 1003 2270 alterins,
1026 2201 1059 2258 ot
1081 2193 1170 2275 Age<

62 2293 117 2371 peti
135 2311 193 2373 pro
213 2294 399 2359 defensioue
426 2294 498 2359 fidei
530 2296 709 2360 erthotieoe
730 2303 761 2358 et
783 2314 843 2376 pro
877 2293 1030 2362 firmitate
1050 2314 1168 2376 suurn·

62 2395 244 2474 scripturum
255 2396 618 2481 quotuorsynotornm
629 2406 661 2462 et
674 2403 786 2462 eontra
803 2398 995 2474 haereticos,
1008 2397 1060 2462 rol
1072 2416 1170 2480 quos·

62 2493 130 2558 libet
151 2497 229 2562 elios
245 2515 306 2577 per
319 2497 485 2563 Orientem
499 2508 531 2562 et
550 2498 717 2579 tttyrienm
735 2508 834 2579 utque
851 2497 1057 2576 Dardanium,
1072 2499 1168 2565 aiios·

62 2611 116 2673 qne
128 2598 307 2675 provincias
321 2597 454 2662 diversio
471 2600 669 2680 temporibus
686 2599 807 2674 misses,
819 2599 1059 2676 inviolabiliter,
1075 2600 1169 2684 odju-

64 2705 144 2763 rrutn
164 2698 293 2764 Christo
315 2696 450 2764 Domino
472 2707 606 2774 nostro,
627 2718 679 2763 nee
699 2699 863 2764 custodire
885 2699 1052 2780 profiteor,
1074 2709 1108 2764 et
1130 2720 1167 2784 ⁰⁸.
1208 2773 1213 2786 ‚

65 2812 151 2874 niues,
171 2818 254 2881 quos
275 2801 334 2881 ipsi
356 2801 604 2878 damnaverunt,
620 2801 740 2865 hebere
759 2801 940 2880 domnotos;
955 2807 987 2864 et
1001 2820 1084 2884 quos
1106 2802 1168 2882 ipsi

62 2913 252 2981 reseverunt,
275 2904 451 2983 orreoipne
475 2902 675 2968 venerabiles
696 2902 863 2984 episeopus
885 2897 1120 2969 Theodoritum
1135 2911 1170 2968 et

63 2995 139 3064 lien
160 3021 209 3068 me
230 3005 316 3068 inter
336 3002 537 3068 orthodoxos
557 3004 714 3068 reuereri.

135 3102 254 3168 «Boeo
274 3112 324 3170 ost
340 3105 440 3186 igitur
455 3103 532 3169 fides
548 3123 617 3170 rnen
630 3115 663 3168 et
674 3123 746 3184 spes
762 3122 845 3184 men3
860 3121 945 3184 qnae
965 3106 996 3168 in
1009 3122 1060 3170 me
1080 3104 1166 3170 dono

62 3202 286 3270 uirerioordiue
308 3203 378 3282 Dei,
395 3223 454 3286 pro
475 3225 538 3288 qnu
562 3224 620 3270 nos
641 3215 770 3286 puratos
793 3207 932 3270 maxime
953 3224 1021 3270 esse
1043 3207 1165 3272 dobere

64 3299 120 3378 triti
139 3305 249 3372 bertus
271 3307 389 3372 Petrus
416 3308 456 3370 nd
479 3307 744 3388 respondendnm¹
758 3308 844 3370 omni
865 3311 1007 3388 poscenti
1030 3327 1087 3374 nos
1109 3326 1161 3372 re·

63 3403 176 3471 tionem.
196 3407 280 3474 Guns
301 3408 362 3474 heo
382 3407 580 3490 professione
596 3427 646 3472 me
669 3410 778 3474 virere
792 3416 870 3490 opto
878 3429 889 3490 3
908 3426 982 3472 oum
1006 3410 1073 3491 ipso
1095 3416 1169 3476 unte

64 3505 188 3572 tribunat
208 3509 329 3576 iihrtsti
349 3511 517 3576 tremores
549 3527 607 3592 per
629 3511 710 3576 usne
730 3529 749 3576 n
772 3511 909 3590 peccetis
939 3512 1017 3574 meis
1040 3509 1165 3578 rbsntri

63 3621 106 3672 us
122 3609 227 3686 eredo,
243 3619 277 3676 et
297 3610 336 3674 nd
352 3609 518 3676 dexterum
532 3612 656 3695 glories
676 3611 782 3674 divine
804 3610 1026 3680 misericordie
1047 3610 1166 3692 depor-

65 3705 190 3773 teninm.
212 3709 421 3791 Quicumque
441 3720 550 3774 nutem
571 3710 662 3775 eliud
682 3711 836 3789 senserit,
860 3710 1048 3788 crediderit,
1071 3728 1166 3791 prue-

63 3802 220 3890 tieurerit‚
243 3813 330 3876 hune
349 3813 599 3876 anathematizet
618 3821 727 3876 sunnin
748 3821 782 3878 et
803 3813 994 3878 universatis
1017 3801 1170 3878 Ecaten

62 3901 121 3972 liei.
142 3909 225 3977 Dens
247 3932 305 3978 ros
326 3913 502 3977 incolumes
522 3914 695 3991 custodiat,
718 3913 776 3978 titii
797 3913 1004 3979 dilectissimi.
1027 3932 1044 3972 s

128 4011 231 4096 Hujus
254 4013 467 4098 Eneyetiouo,
498 4033 560 4080 een
581 4017 681 4097 punto
703 4024 775 4098 post
794 4016 959 4100 synodum
981 4019 1164 4082 oecumeni-

64 4125 123 4174 ern
141 4114 243 4194 dene,
260 4116 332 4180 tetis
354 4123 520 4193 tenorent,
543 4125 580 4182 ut
598 4119 625 4182 ri
647 4119 746 4200 ipsius
761 4117 882 4199 Pelagii
903 4124 1087 4186 antecessor
1111 4117 1163 4180 Vt·

70 4212 152 4292 tilios
170 4215 409 4298 quonammodo
429 4225 656 4300 ernestone
676 4219 707 4283 in
722 4220 856 4300 nruerin
878 4218 976 4286 trium
998 4215 1165 4300 Cepitnto·
