3048 4946
72 532 193 600 muanda
214 531 377 598 diceretur
396 531 555 616 Epistula,
582 551 680 616 quam
701 531 849 621 synodus
878 529 1089 616 approbavit3
1103 427 1166 598 ιιτοῗ

73 638 169 718 potins
189 637 253 713 ipsa
276 633 438 718 synodus,
469 634 712 718 propterquod
733 653 805 701 eam
824 636 985 720 judicarit
1012 632 1168 699 urtbodo·

69 757 173 802 xam..
188 783 195 798 .
208 735 295 800 llaec
317 737 418 818 igitur
437 739 571 804 scientes
593 745 625 802 ct
645 737 795 802 arbitrati
815 737 903 819 quod
924 736 970 802 ita
990 735 1113 818 possint
1131 735 1165 800 iu

69 837 158 918 ipsius
177 835 342 920 Epistulae
371 831 607 902 damnationem
639 838 877 903 catholicorum
906 835 1070 903 adducere
1089 854 1165 902 con·

65 955 181 1015 sensus,
199 940 421 1020 jactaverunt,
456 939 543 1021 qnod
565 957 584 1004 a
607 957 723 1021 magno
753 939 901 1006 Concilio
920 946 1070 1020 suscepta
1100 951 1166 1003 nou

68 1037 175 1118 inerlt3
197 1057 271 1102 cum
295 1040 326 1101 iu
347 1059 387 1102 co
410 1058 525 1104 rursus
546 1041 791 1122 pronuntiatum
812 1041 1014 1104 noverimus.
1031 1037 1086 1101 Ec
1105 1035 1169 1114 lis,

65 1155 140 1219 quac
165 1155 268 1220 uuprr
288 1139 367 1204 lecto
396 1141 539 1221 fueraut,
559 1141 685 1204 clarum
713 1149 770 1215 rat,
791 1138 870 1220 quio
899 1135 1171 1202 reuocatisrimua

65 1237 131 1302 lius
148 1239 297 1304 inuocem
317 1251 361 1303 cst
380 1240 418 1304 ud
438 1241 595 1318 omuibus,
617 1260 698 1324 quus
711 1239 741 1305 ci
760 1237 854 1305 illuto
873 1249 969 1315 suun
983 1247 1011 1304 ct
1031 1257 1072 1303 cu
1090 1239 1169 1302 relc-

64 1347 106 1402 cto
123 1340 271 1421 recriptc
290 1339 468 1422 Epistulae,
488 1342 572 1422 quud
586 1342 753 1422 prolatum
768 1350 812 1405 est
832 1339 870 1404 ub
890 1339 957 1423 etur
971 1337 1167 1419 aduersario,

64 1441 229 1507 ortloducu
250 1441 406 1524 apperuit
427 1445 497 1526 rjus
517 1440 691 1507 dictatio..
708 1441 814 1509 ‚Nam
835 1452 868 1507 at
887 1449 1071 1524 susceptam
1091 1439 1170 1506 dici-

64 1561 152 1624 mus3
173 1554 206 1608 et
220 1543 310 1626 qnod
332 1543 463 1609 omniuo
479 1545 579 1610 tuerit
599 1552 748 1627 suscepta
764 1551 993 1609 monstramus:
1016 1542 1093 1624 qnia
1114 1556 1171 1608 ve·

67 1659 122 1706 rar
135 1661 264 1726 semper
285 1650 333 1708 est
354 1642 518 1710 Ecclesiae
539 1661 600 1726 pro
615 1645 753 1710 ueritate
773 1643 928 1722 defensio,
942 1659 1003 1708 nec
1025 1657 1170 1724 unquam

68 1741 125 1807 tutt
143 1745 249 1827 indiga
273 1745 430 1811 tatsttatts.
448 1765 465 1804 s
1090 1765 1095 1776 ’

137 1844 349 1930 Quapropter
367 1847 417 1912 his
437 1847 555 1912 instans
580 1847 834 1929 expositionibus
854 1847 888 1911 in
913 1863 942 1913 c.
957 1843 998 1910 V.
1025 1842 1171 1928 ejusdam

65 1943 147 2011 Libri
168 1951 281 2014 scribit
294 1971 303 2014 ι
317 1969 335 2012 c
348 1947 409 2014 Sed
432 1949 507 2031 quia
535 1948 675 2014 eridcuti
704 1967 742 2014 ac
762 1941 935 2031 multiplici
963 1946 1173 2012 documento-

64 2063 132 2112 rum
153 2051 358 2116 courictioue
387 2057 603 2115 monstratum
624 2055 686 2128 est,
717 2049 916 2114 mendaciter
935 2049 1061 2130 negari,
1081 2045 1170 2129 qnod

65 2143 240 2228 Epistulam
264 2133 456 2214 venerabilis
487 2147 563 2213 lbaa
584 2148 733 2233 Spnudns
762 2149 985 2232 pronuntiarit
1015 2148 1170 2213 ortbodu·

65 2263 149 2328 xam3
172 2255 204 2314 ct
218 2250 319 2315 simul
338 2250 504 2332 apparuit,
520 2249 608 2330 quod
630 2267 702 2314 eam
722 2267 782 2315 uec
803 2247 996 2315 bsatnsLeo
1015 2249 1173 2313 nestoria-

63 2361 132 2412 nam
150 2350 352 2432 judicaverit
372 2353 468 2430 (ua'rn
490 2352 606 2431 procul
628 2350 836 2416 dubioetiam
858 2351 1026 2416 manitesta
1041 2355 1170 2414 senteu-

61 2447 103 2512 tia
133 2453 385 2534 vehementique
413 2451 600 2532 damnaret)
621 2451 741 2518 subicit
769 2453 861 2516 nobis
882 2453 922 2515 ad
954 2452 1172 2516 detonsionem

60 2549 156 2628 ipsius
177 2551 361 2635 Epistulae,
384 2553 471 2634 quod
497 2572 568 2619 cam
592 2559 680 2619 tanta
701 2553 853 2638 synodus
873 2562 906 2616 et
927 2553 1026 2634 tpsins
1049 2553 1176 2616 auctor

63 2645 196 2732 Synodi,
221 2653 274 2716 sir
295 2653 504 2734 apostolicus,
534 2661 568 2717 ct
589 2656 621 2718 iu
642 2654 787 2719 doctriua
822 2652 965 2718 ueritatis
996 2658 1064 2714 toto
1093 2651 1174 2716 orbe

60 2753 258 2830 notuimus,
280 2753 483 2836 approbarit.
513 2753 602 2820 llaec
623 2764 671 2820 est
697 2757 801 2837 prima
823 2763 856 2818 ct
876 2755 1052 2818 immobilis
1074 2761 1106 2818 et
1126 2769 1177 2817 se-

60 2867 136 2916 cura
151 2861 266 2917 nostra
281 2855 378 2928 ratio,
393 2871 479 2931 unae
497 2871 554 2917 nos
569 2861 682 2919 tuetur
703 2873 741 2918 ac
758 2853 866 2917 tirmat
887 2854 1043 2918 adversus
1064 2871 1175 2919 omncs

62 2953 322 3017 contradicentes
344 2955 547 3034 quaestiones
568 2961 664 3019 otc.»

137 3051 296 3119 Proiecto
323 3055 384 3118 bac
410 3062 530 3118 attente
550 3055 752 3120 considerata
780 3057 1015 3138 subscriptione
1038 3055 1175 3120 Pascha·

60 3151 130 3231 sini,
152 3153 319 3232 Lnueutli,
335 3164 367 3219 et
388 3154 525 3220 ldaximi
553 3157 679 3221 detinui
708 3155 748 3221 X.
774 3157 896 3244 synodi
917 3157 1179 3222 chalcedonensis

60 3260 222 3337 apposita,
252 3264 319 3320 tam
340 3264 432 3321 arcto
455 3257 570 3321 emissa
595 3277 756 3334 sermons,
782 3276 846 3321 nou
866 3266 915 3322 cst
941 3259 1077 3323 dubium
1099 3276 1178 3339 qna·

60 3353 131 3419 dans
153 3357 283 3422 insulsi
304 3357 460 3438 caligine:
474 3355 515 3420 Et
536 3357 598 3421 boc
620 3359 687 3437 ipse
710 3357 846 3436 vigilius
868 3357 977 3422 tirmat
997 3360 1029 3421 in
1053 3364 1178 3438 postre-

59 3473 111 3519 mo
132 3455 334 3522 Constituto.
356 3456 575 3522 Nihilominus
595 3459 664 3538 ipsc
685 3458 785 3534 addit,
808 3459 889 3521 nibil
909 3459 996 3523 istud
1020 3458 1179 3522 taccasere
1302 3492 1307 3499 ·

60 3561 254 3639 proposit03
286 3577 345 3623 nac
366 3558 524 3623 ullimode
543 3559 616 3623 inde
637 3559 767 3636 deduci,
789 3559 926 3625 concilii
947 3560 1182 3624 cbalcedunen·

63 3658 105 3720 sis
121 3657 241 3724 Patres
262 3659 345 3723 bauo
365 3656 442 3724 lbac
458 3660 685 3741 comprobasse
701 3660 894 3742 Epistolame
911 3682 928 3721 a
943 3660 1101 3740 Quamuis
1124 3659 1182 3740 (in-

62 3759 134 3836 quit
147 3775 181 3822 n.
198 3757 267 3836 18.)
283 3760 383 3840 igitur
402 3765 436 3823 et
455 3777 497 3823 ex
512 3761 732 3840 suprascripta
754 3759 829 3824 lnce
844 3759 988 3825 veritatis
1002 3759 1183 3823 indubitan-

59 3863 110 3922 ter
130 3866 308 3942 appareat,
345 3860 438 3926 nnlla
462 3879 522 3924 nos
542 3863 732 3926 necessitate
753 3861 928 3942 constringi
948 3879 1119 3942 quaerere,
1141 3879 1184 3924 cx

60 3961 157 4042 cnjus
182 3961 344 4044 epistulae
361 3969 453 4026 textu
469 3961 573 4042 aliqui
588 3959 724 4026 Petrum
739 3958 942 4026 Chalcedone
959 3961 1183 4040 residentium,

58 4063 125 4126 suis
147 4061 473 4141 interlocutionibus,
496 4061 587 4126 lbam
608 4065 798 4144 episcopum
826 4061 1109 4144 pronuntiaverint
1129 4077 1185 4140 ap-

59 4165 214 4240 paruisse
237 4165 448 4242 catharticum,
480 4163 567 4247 quud
589 4163 680 4238 uubis
703 4162 797 4227 valde
825 4161 966 4227 sntbciat
986 4159 1185 4226 euidentissi-

55 4278 108 4328 me
121 4264 400 4346 demonstratum,
422 4263 510 4349 quud
531 4264 571 4332 de
585 4262 731 4348 Epistola
753 4264 792 4330 ud
810 4261 930 4331 blarim
944 4261 1078 4330 Persam
1099 4260 1182 4328 scri-
