3042 4940
317 383 377 456 lbl

316 487 452 554 Concilit
475 489 594 567 forma,
624 493 692 556 sive
713 495 939 576 episcoporum
972 497 1148 558 conventus
1168 491 1241 558 iden
1271 489 1422 555 adunatos

315 603 377 668 pro
398 587 546 671 origenis
567 594 734 657 erroribus
756 595 972 659 discutiendis.
990 595 1051 660 Sed
1073 597 1180 678 potins
1199 593 1275 657 inde
1296 592 1424 656 adstrui·

318 694 384 764 tur,
408 688 626 755 fustinianum
654 695 792 782 acceptis
812 694 947 762 Consilii
976 695 1155 759 antiocheni
1176 694 1336 756 adsersus
1366 709 1424 752 mo·

317 791 437 854 nachot
455 793 645 872 'origenistas
666 797 757 870 actis,
779 813 814 859 ea
839 795 974 861 llennae
995 796 1175 876 ceterisque
1196 797 1355 874 episcopis
1375 794 1425 853 mi·

316 890 394 954 sisse
414 893 672 972 comprobandos
693 895 719 957 si
743 904 846 958 tamen
864 907 943 960 vera·
961 899 992 960 in
1014 897 1162 959 omnibns
1183 893 1368 976 accipianda
1387 894 1423 956 sit

318 987 459 1054 Liberati
482 993 647 1056 narratio:
669 993 709 1057 de
730 1013 793 1075 qua
814 997 906 1060 valde
923 997 1015 1060 valde
1033 997 1157 1061 dubito.

398 1090 440 1154 llt
460 1093 590 1173 qnidam
616 1095 642 1158 si
664 1093 828 1174 Epistolaa
860 1097 946 1161 dieta
966 1098 1121 1163 historiae
1149 1096 1363 1161 conferantur
1381 1111 1426 1173 ge-

318 1193 447 1268 nuinae,
470 1203 609 1257 eruetur
640 1195 763 1258 nullam
785 1215 853 1261 esse
881 1198 1155 1280 Constantinopoli
1187 1197 1359 1261 collectam
1377 1193 1427 1274 Sp·

318 1292 437 1357 nodum
453 1294 608 1358 adversus
622 1293 819 1378 Origenem;
841 1297 895 1361 sed
911 1299 1041 1361 aliunde
1058 1299 1123 1361 huc
1149 1297 1320 1360 aduenisse
1340 1313 1427 1375 quse·

317 1397 463 1460 ationem.
487 1397 572 1461 ldast
591 1415 632 1461 ex
656 1399 889 1462 monachornm
911 1397 1044 1486 Origeni
1072 1399 1316 1462 adversantium
1339 1413 1426 1476 opera

317 1515 356 1561 ac
376 1497 489 1562 deinde
511 1501 571 1561 tria
606 1497 755 1578 Capitale
778 1498 1017 1562 defendentium
1047 1495 1167 1575 studio,
1190 1499 1243 1562 hio
1264 1495 1426 1561 Tractatns
1505 1561 1506 1586 ,

318 1598 350 1660 in
370 1595 462 1681 Syria
484 1598 682 1673 elaboratos,
705 1597 887 1663 Iustiniana
902 1600 1030 1664 oblatus
1046 1599 1169 1675 fnisset,
1186 1617 1319 1680 suoque
1338 1598 1426 1660 nami·
1505 1587 1506 1642 ἒ

319 1701 351 1762 ni
373 1698 507 1762 dicatus.
531 1698 578 1762 bc
593 1699 721 1762 interim
742 1700 773 1761 in
788 1700 849 1763 hoe
869 1707 982 1764 notare
1002 1699 1098 1762 liceat
1114 1697 1326 1779 peregrinum
1346 1697 1425 1759 locu·

317 1801 414 1863 tionis
435 1817 533 1880 genus
557 1799 739 1866 festiniano
760 1801 955 1881 adscriptum
977 1807 1010 1864 et
1031 1801 1156 1865 varium
1178 1800 1219 1862 ab
1234 1799 1425 1882 expositione
1505 1783 1506 1832 1

319 1900 461 1963 aliorum
482 1899 688 1964 decretorum
719 1919 856 1965 snorum
878 1901 918 1964 de
941 1901 1040 1965 rebus
1061 1901 1299 1965 ecclesiasticis.
1322 1899 1356 1962 ln
1375 1899 1426 1960 hoe
1505 1957 1506 1960 ,

320 2003 404 2064 enim
427 1999 581 2065 Tractatn
598 2009 635 2065 ut
656 2003 779 2066 arbiter
795 2010 1057 2082 repraesentatur
1071 2001 1254 2083 Imperator
1273 2009 1307 2064 et
1327 1997 1426 2064 Eccle-

319 2103 386 2166 siae
406 2103 568 2182 magister.
596 2103 637 2167 Et
657 2103 786 2184 quidem
809 2103 963 2180 (remissa
985 2101 1163 2165 falsitatum
1185 2101 1345 2164 adsersus
1365 2095 1427 2162 Ori·
1505 2161 1506 2166 ,

321 2221 433 2284 genem
459 2203 639 2280 historiola,
662 2223 747 2284 qnae
769 2206 802 2268 in
832 2222 871 2267 eo
895 2209 1052 2267 texuntur
1081 2203 1232 2280 superius
1254 2197 1424 2276 refutatae)
1505 2223 1506 2226 ¹

317 2313 441 2368 'unctor
454 2304 495 2366 ab
512 2304 601 2367 initio
616 2304 656 2366 ad
671 2304 764 2368 linem
787 2305 941 2367 hortatur
955 2310 986 2368 et
1007 2304 1127 2382 indicit,
1144 2301 1221 2384 quid
1237 2302 1280 2367 de
1295 2320 1333 2367 eo
1347 2319 1427 2383 agen·

327 2404 404 2468 dum
420 2405 461 2467 sit
479 2405 637 2486 proximis
662 2413 694 2470 ct
714 2406 897 2485 longinquis
918 2405 1072 2484 inquiens.

401 2503 532 2571 «Nobis
545 2523 675 2588 semper
693 2507 801 2570 studio
824 2506 898 2582 fnit,
920 2515 1018 2588 atquc
1032 2507 1129 2570 etiam
1150 2524 1237 2569 nnnc
1258 2511 1320 2577 est,
1336 2513 1425 2568 ratam

320 2611 353 2670 et
373 2607 688 2687 irreprehensibilem
712 2609 916 2671 christianam
940 2607 1046 2680 fldem,
1069 2613 1255 2686 statumque
1278 2605 1424 2670 sanctissi-

323 2721 396 2770 mae
413 2705 472 2771 ll'ei
493 2706 679 2772 Catholicae
694 2715 724 2771 ct
749 2708 954 2789 Apostolicae
967 2707 1131 2772 Ecclesiae
1153 2708 1424 2787 perturbationum

326 2817 495 2888 expertam
512 2827 746 2889 usquequaque
761 2809 938 2872 custodiri.
954 2854 962 2871 .
976 2854 984 2871 .
1000 2806 1088 2872 llaec
1107 2817 1246 2873 autema
1264 2807 1353 2870 nobis
1365 2805 1426 2869 ideo

323 2909 407 2972 dieta
428 2916 514 2986 snut,
537 2911 623 2990 quod
646 2910 684 2972 ad
707 2930 764 2974 nos
782 2910 918 2975 allatum
940 2919 999 2988 est,
1021 2910 1193 2974 nonnullos
1209 2907 1268 2974 bct
1291 2909 1425 2973 timorem

323 3027 387 3072 non
415 3009 566 3074 habentes
593 3012 765 3090 inanimo,
797 3031 857 3076 nec
882 3019 989 3077 rectae
1009 3010 1175 3075 doctrinae
1199 3009 1367 3073 discrimen
1390 3015 1427 3069 te·

324 3119 446 3186 nantes,
468 3129 534 3192 quo
558 3112 718 3189 salrator,
741 3113 938 3196 quicumque
960 3115 1127 3176 veritatem
1159 3113 1335 3192 cognoscit,
1364 3107 1428 3172 reli·

326 3209 520 3280 ctisdlvinis
550 3211 739 3293 scripturis,
770 3215 953 3294 sanctisque
975 3211 1137 3289 Patribus,
1169 3230 1253 3292 quos
1280 3207 1426 3274 catholica

325 3309 385 3374 llei
402 3309 545 3375 Ecclesia
562 3311 718 3377 Doctores
733 3313 842 3390 habet,
868 3331 927 3392 per
942 3330 1023 3393 qnos
1037 3313 1139 3375 omnis
1155 3311 1277 3391 ubique
1299 3307 1425 3372 haeresis

326 3410 460 3491 expulsa
483 3419 542 3490 cst,
565 3413 643 3477 tides
660 3430 739 3477 vero
760 3414 942 3478 orthodoxa
968 3413 1144 3487 declarata,
1161 3410 1334 3492 Origenem
1354 3407 1426 3488 ejus·

326 3529 391 3594 que
412 3513 560 3594 dogmata
583 3532 781 3595 paganorum
804 3525 836 3578 et
864 3515 1126 3579 manichaeorum
1147 3513 1315 3578 erroribus
1335 3509 1425 3574 alliota

324 3631 481 3691 asserere,
504 3633 563 3694 per
582 3634 668 3696 quae
691 3618 748 3680 illa
768 3617 800 3679 io
824 3617 949 3681 foveam
972 3615 1122 3680 incidit.»

391 3711 427 3776 lo
448 3714 510 3779 fine
540 3725 648 3780 autem
670 3717 856 3782 concludit:
883 3737 900 3777 a
923 3715 1013 3781 llanc
1036 3715 1212 3797 Epistolam
1233 3715 1373 3780 dedimus
1392 3707 1424 3771 ad

326 3823 415 3878 tuam
432 3816 674 3896 beatitudinem,
692 3836 756 3898 qua
771 3835 841 3881 eam
858 3818 1040 3893 hortamur,
1057 3825 1094 3881 ut
1107 3817 1252 3880 omnium
1267 3814 1320 3896 qni
1334 3815 1363 3876 in
1375 3814 1425 3874 bac

326 3913 414 3980 Urbe
436 3917 523 3997 regia
549 3918 683 3998 degunt,
715 3925 900 3982 sanctorum
922 3919 1148 4000 episcoporum
1171 3921 1359 3980 conventum
1377 3911 1423 3970 ha·

325 4017 434 4095 beent,
458 4027 490 4081 et
522 4019 667 4098 praefata
697 4017 845 4098 Origenis
865 4019 1006 4099 capitula
1039 4019 1317 4090 anathematizent,
1338 4018 1368 4074 ct
1386 4007 1423 4069 fa·

327 4117 425 4194 olant,
447 4125 485 4182 nt
504 4119 616 4184 eadem
640 4119 954 4184 anathematizentur
974 4119 1073 4199 ipsius
1093 4115 1240 4198 dogmata
1263 4131 1333 4180 eom
1353 4117 1424 4173 cete·

324 4217 369 4283 ris
386 4219 555 4287 haereticis
576 4219 730 4302 Sabellio,
749 4221 842 4302 hrio,
865 4227 925 4288 ete.
949 4227 986 4288 ut
1008 4240 1100 4288 nemo
1116 4217 1234 4286 audeat
1255 4211 1421 4284 alteratio
