<?xml version="1.0" encoding="UTF-8"?>
<!DOCTYPE html PUBLIC "-//W3C//DTD XHTML 1.0 Transitional//EN"
    "http://www.w3.org/TR/xhtml1/DTD/xhtml1-transitional.dtd">
<html xmlns="http://www.w3.org/1999/xhtml" xml:lang="en" lang="en">
 <head>
  <title>
</title>
<meta http-equiv="Content-Type" content="text/html;charset=utf-8" />
  <meta name='ocr-system' content='tesseract 3.04.00' />
  <meta name='ocr-capabilities' content='ocr_page ocr_carea ocr_par ocr_line ocrx_word'/>
</head>
<body>
  <div class='ocr_page' id='page_1' title='image "./insgregoriinyss01vincgoog/insgregoriinyss01vincgoog_0067.png"; bbox 0 0 3186 4946; ppageno 0'>
   <div class='ocr_carea' id='block_1_1' title="bbox 312 481 1432 1378">
    <p class='ocr_par' dir='ltr' id='par_1_1' title="bbox 312 481 1432 1378">
     <span class='ocr_line' id='line_1_1' title="bbox 312 481 1429 566; baseline 0.002 -20"><span class='ocrx_word' id='word_1_1' title='bbox 312 485 354 546; x_wconf 86' lang='lat' dir='ltr'><strong>ab</strong></span> <span class='ocrx_word' id='word_1_2' title='bbox 375 485 515 566; x_wconf 83' lang='lat' dir='ltr'><strong>Origene</strong></span> <span class='ocrx_word' id='word_1_3' title='bbox 541 481 728 563; x_wconf 75' lang='lat' dir='ltr'><strong>lubricatum</strong></span> <span class='ocrx_word' id='word_1_4' title='bbox 753 484 895 563; x_wconf 80' lang='lat' dir='ltr'><strong>perversi</strong></span> <span class='ocrx_word' id='word_1_5' title='bbox 911 483 1086 565; x_wconf 78' lang='lat' dir='ltr'><strong>dogmatis,</strong></span> <span class='ocrx_word' id='word_1_6' title='bbox 1111 485 1160 548; x_wconf 89' lang='lat' dir='ltr'><strong>nti</strong></span> <span class='ocrx_word' id='word_1_7' title='bbox 1188 482 1278 559; x_wconf 81' lang='lat' dir='ltr'><strong>salit,</strong></span> <span class='ocrx_word' id='word_1_8' title='bbox 1305 481 1362 563; x_wconf 90' lang='lat' dir='ltr'><strong>qui</strong></span> <span class='ocrx_word' id='word_1_9' title='bbox 1387 493 1429 548; x_wconf 77' lang='lat' dir='ltr'><strong>ea</strong></span> 
     </span>
     <span class='ocr_line' id='line_1_2' title="bbox 316 585 1432 666; baseline 0 -18"><span class='ocrx_word' id='word_1_10' title='bbox 316 585 399 648; x_wconf 89' lang='lat' dir='ltr'><strong>Acta</strong></span> <span class='ocrx_word' id='word_1_11' title='bbox 412 585 551 666; x_wconf 77' lang='lat' dir='ltr'><strong>scripsit.</strong></span> <span class='ocrx_word' id='word_1_12' title='bbox 574 585 727 650; x_wconf 88' lang='lat' dir='ltr'><strong>Ceterum</strong></span> <span class='ocrx_word' id='word_1_13' title='bbox 750 595 787 649; x_wconf 93' lang='lat' dir='ltr'><strong>ut</strong></span> <span class='ocrx_word' id='word_1_14' title='bbox 806 587 947 665; x_wconf 87' lang='lat' dir='ltr'><strong>amplius</strong></span> <span class='ocrx_word' id='word_1_15' title='bbox 966 586 1157 650; x_wconf 75' lang='lat' dir='ltr'>ostendatur</span> <span class='ocrx_word' id='word_1_16' title='bbox 1177 586 1317 652; x_wconf 82' lang='lat' dir='ltr'><strong>salsitate</strong></span> <span class='ocrx_word' id='word_1_17' title='bbox 1336 585 1432 648; x_wconf 86' lang='lat' dir='ltr'><strong>labu-</strong></span> 
     </span>
     <span class='ocr_line' id='line_1_3' title="bbox 315 687 1432 767; baseline 0.003 -20"><span class='ocrx_word' id='word_1_18' title='bbox 315 704 390 750; x_wconf 91' lang='lat' dir='ltr'><strong>rare</strong></span> <span class='ocrx_word' id='word_1_19' title='bbox 412 689 492 752; x_wconf 89' lang='lat' dir='ltr'><strong>banc</strong></span> <span class='ocrx_word' id='word_1_20' title='bbox 508 689 739 762; x_wconf 73' lang='lat' dir='ltr'><strong>narrationem,</strong></span> <span class='ocrx_word' id='word_1_21' title='bbox 759 688 868 752; x_wconf 86' lang='lat' dir='ltr'><strong>videas</strong></span> <span class='ocrx_word' id='word_1_22' title='bbox 892 688 979 767; x_wconf 84' lang='lat' dir='ltr'><strong>quod</strong></span> <span class='ocrx_word' id='word_1_23' title='bbox 1002 688 1034 752; x_wconf 88' lang='lat' dir='ltr'><strong>iu</strong></span> <span class='ocrx_word' id='word_1_24' title='bbox 1055 688 1174 752; x_wconf 91' lang='lat' dir='ltr'><strong>eisdem</strong></span> <span class='ocrx_word' id='word_1_25' title='bbox 1197 688 1287 754; x_wconf 87' lang='lat' dir='ltr'><strong>Actis</strong></span> <span class='ocrx_word' id='word_1_26' title='bbox 1307 687 1432 752; x_wconf 88' lang='lat' dir='ltr'><strong>dicitur</strong></span> 
     </span>
     <span class='ocr_line' id='line_1_4' title="bbox 314 787 1429 868; baseline 0.001 -18"><span class='ocrx_word' id='word_1_27' title='bbox 314 787 430 853; x_wconf 89' lang='lat' dir='ltr'><strong>Petrus</strong></span> <span class='ocrx_word' id='word_1_28' title='bbox 446 811 485 853; x_wconf 78' lang='lat' dir='ltr'><strong>er</strong></span> <span class='ocrx_word' id='word_1_29' title='bbox 502 797 583 852; x_wconf 91' lang='lat' dir='ltr'><strong>nutu</strong></span> <span class='ocrx_word' id='word_1_30' title='bbox 600 790 707 852; x_wconf 81' lang='lat' dir='ltr'><strong>divino</strong></span> <span class='ocrx_word' id='word_1_31' title='bbox 725 789 840 853; x_wconf 86' lang='lat' dir='ltr'><strong>Arium</strong></span> <span class='ocrx_word' id='word_1_32' title='bbox 858 790 899 852; x_wconf 91' lang='lat' dir='ltr'><strong>ab</strong></span> <span class='ocrx_word' id='word_1_33' title='bbox 918 789 1059 852; x_wconf 75' lang='lat' dir='ltr'><strong>Ecclesia</strong></span> <span class='ocrx_word' id='word_1_34' title='bbox 1084 789 1291 856; x_wconf 85' lang='lat' dir='ltr'><strong>detruncasse</strong></span> <span class='ocrx_word' id='word_1_35' title='bbox 1299 808 1310 867; x_wconf 79' lang='lat'>3</span> <span class='ocrx_word' id='word_1_36' title='bbox 1326 796 1429 868; x_wconf 87' lang='lat' dir='ltr'><strong>atque</strong></span> 
     </span>
     <span class='ocr_line' id='line_1_5' title="bbox 313 889 1429 972; baseline 0.001 -21"><span class='ocrx_word' id='word_1_37' title='bbox 313 891 453 968; x_wconf 87' lang='lat' dir='ltr'><strong>amplius</strong></span> <span class='ocrx_word' id='word_1_38' title='bbox 476 889 638 952; x_wconf 79' lang='lat' dir='ltr'><strong>Achillam</strong></span> <span class='ocrx_word' id='word_1_39' title='bbox 653 897 684 952; x_wconf 90' lang='lat' dir='ltr'><strong>et</strong></span> <span class='ocrx_word' id='word_1_40' title='bbox 701 890 925 972; x_wconf 80' lang='lat' dir='ltr'><strong>Alexandrum</strong></span> <span class='ocrx_word' id='word_1_41' title='bbox 941 909 1017 952; x_wconf 86' lang='lat' dir='ltr'><strong>suos</strong></span> <span class='ocrx_word' id='word_1_42' title='bbox 1033 909 1236 954; x_wconf 85' lang='lat' dir='ltr'><strong>successores</strong></span> <span class='ocrx_word' id='word_1_43' title='bbox 1258 891 1289 952; x_wconf 90' lang='lat' dir='ltr'><strong>in</strong></span> <span class='ocrx_word' id='word_1_44' title='bbox 1304 890 1429 968; x_wconf 86' lang='lat' dir='ltr'><strong>episcc-</strong></span> 
     </span>
     <span class='ocr_line' id='line_1_6' title="bbox 314 992 1428 1072; baseline 0 -18"><span class='ocrx_word' id='word_1_45' title='bbox 314 999 391 1070; x_wconf 82' lang='lat' dir='ltr'><strong>patu</strong></span> <span class='ocrx_word' id='word_1_46' title='bbox 414 992 455 1054; x_wconf 93' lang='lat' dir='ltr'><strong>ob</strong></span> <span class='ocrx_word' id='word_1_47' title='bbox 477 992 663 1072; x_wconf 84' lang='lat' dir='ltr'><strong>hujusmodi</strong></span> <span class='ocrx_word' id='word_1_48' title='bbox 678 999 794 1054; x_wconf 92' lang='lat' dir='ltr'><strong>nutum</strong></span> <span class='ocrx_word' id='word_1_49' title='bbox 817 992 960 1054; x_wconf 79' lang='lat' dir='ltr'><strong>divinum</strong></span> <span class='ocrx_word' id='word_1_50' title='bbox 985 1009 1127 1071; x_wconf 88' lang='lat' dir='ltr'><strong>rogasse,</strong></span> <span class='ocrx_word' id='word_1_51' title='bbox 1144 1010 1184 1055; x_wconf 91' lang='grc' dir='ltr'><strong>ιιι</strong></span> <span class='ocrx_word' id='word_1_52' title='bbox 1204 992 1265 1070; x_wconf 89' lang='lat' dir='ltr'><strong>ipsi</strong></span> <span class='ocrx_word' id='word_1_53' title='bbox 1282 1006 1428 1071; x_wconf 80' lang='lat' dir='ltr'><strong>nuquam</strong></span> 
     </span>
     <span class='ocr_line' id='line_1_7' title="bbox 312 1091 1428 1173; baseline -0.003 -17"><span class='ocrx_word' id='word_1_54' title='bbox 312 1096 345 1156; x_wconf 86' lang='lat' dir='ltr'><strong>ln</strong></span> <span class='ocrx_word' id='word_1_55' title='bbox 358 1091 537 1156; x_wconf 83' lang='lat' dir='ltr'><strong>Ecclesiam</strong></span> <span class='ocrx_word' id='word_1_56' title='bbox 551 1093 733 1171; x_wconf 88' lang='lat' dir='ltr'><strong>reciperent</strong></span> <span class='ocrx_word' id='word_1_57' title='bbox 745 1092 872 1156; x_wconf 89' lang='lat' dir='ltr'><strong>Arium.</strong></span> <span class='ocrx_word' id='word_1_58' title='bbox 888 1091 1105 1158; x_wconf 88' lang='lat' dir='ltr'><strong>Nihilominus</strong></span> <span class='ocrx_word' id='word_1_59' title='bbox 1116 1093 1241 1173; x_wconf 87' lang='lat' dir='ltr'><strong>legitur</strong></span> <span class='ocrx_word' id='word_1_60' title='bbox 1252 1091 1428 1156; x_wconf 85' lang='lat' dir='ltr'><strong>coelestem</strong></span> 
     </span>
     <span class='ocr_line' id='line_1_8' title="bbox 313 1193 1427 1273; baseline -0.002 -17"><span class='ocrx_word' id='word_1_61' title='bbox 313 1195 466 1258; x_wconf 80' lang='lat' dir='ltr'><strong>visionem</strong></span> <span class='ocrx_word' id='word_1_62' title='bbox 484 1203 623 1273; x_wconf 87' lang='lat' dir='ltr'><strong>uterque</strong></span> <span class='ocrx_word' id='word_1_63' title='bbox 640 1195 798 1270; x_wconf 80' lang='lat' dir='ltr'><strong>violasse,</strong></span> <span class='ocrx_word' id='word_1_64' title='bbox 818 1212 856 1258; x_wconf 90' lang='lat' dir='ltr'><strong>ac</strong></span> <span class='ocrx_word' id='word_1_65' title='bbox 872 1195 989 1260; x_wconf 90' lang='lat' dir='ltr'><strong>Arium</strong></span> <span class='ocrx_word' id='word_1_66' title='bbox 1004 1205 1170 1273; x_wconf 87' lang='lat' dir='ltr'><strong>receptum</strong></span> <span class='ocrx_word' id='word_1_67' title='bbox 1187 1196 1218 1259; x_wconf 92' lang='lat' dir='ltr'><strong>iu</strong></span> <span class='ocrx_word' id='word_1_68' title='bbox 1233 1193 1427 1267; x_wconf 78' lang='lat' dir='ltr'><strong>Ecclesiam,</strong></span> 
     </span>
     <span class='ocr_line' id='line_1_9' title="bbox 312 1293 1431 1378; baseline 0 -22"><span class='ocrx_word' id='word_1_69' title='bbox 312 1313 447 1359; x_wconf 90' lang='lat' dir='ltr'><strong>munere</strong></span> <span class='ocrx_word' id='word_1_70' title='bbox 462 1313 595 1375; x_wconf 85' lang='lat' dir='ltr'><strong>qunque</strong></span> <span class='ocrx_word' id='word_1_71' title='bbox 617 1295 786 1358; x_wconf 81' lang='lat' dir='ltr'><strong>decorasse</strong></span> <span class='ocrx_word' id='word_1_72' title='bbox 808 1296 1061 1378; x_wconf 72' lang='lat' dir='ltr'><strong>presbyteratus.</strong></span> <span class='ocrx_word' id='word_1_73' title='bbox 1085 1293 1180 1370; x_wconf 87' lang='lat' dir='ltr'><strong>Quod</strong></span> <span class='ocrx_word' id='word_1_74' title='bbox 1207 1293 1300 1358; x_wconf 73' lang='lat' dir='ltr'><strong>ualde</strong></span> <span class='ocrx_word' id='word_1_75' title='bbox 1321 1293 1352 1354; x_wconf 91' lang='lat' dir='ltr'><strong>in</strong></span> <span class='ocrx_word' id='word_1_76' title='bbox 1371 1311 1431 1356; x_wconf 84' lang='lat' dir='ltr'><strong>su-</strong></span> 
     </span>
    </p>
   </div>
   <div class='ocr_carea' id='block_1_2' title="bbox 204 1395 1428 1480">
    <p class='ocr_par' dir='ltr' id='par_1_2' title="bbox 204 1395 1428 1480">
     <span class='ocr_line' id='line_1_10' title="bbox 204 1395 1428 1480; baseline -0.005 -20"><span class='ocrx_word' id='word_1_77' title='bbox 204 1469 208 1480; x_wconf 45' lang='grc'>,</span> <span class='ocrx_word' id='word_1_78' title='bbox 310 1397 485 1476; x_wconf 76' lang='lat' dir='ltr'><strong>tuicionem</strong></span> <span class='ocrx_word' id='word_1_79' title='bbox 508 1397 628 1458; x_wconf 87' lang='lat' dir='ltr'><strong>inducit</strong></span> <span class='ocrx_word' id='word_1_80' title='bbox 659 1395 775 1458; x_wconf 88' lang='lat' dir='ltr'><strong>horum</strong></span> <span class='ocrx_word' id='word_1_81' title='bbox 798 1395 940 1459; x_wconf 87' lang='lat' dir='ltr'><strong>Actunm</strong></span> <span class='ocrx_word' id='word_1_82' title='bbox 963 1396 1212 1471; x_wconf 88' lang='lat' dir='ltr'><strong>auctoritatem,</strong></span> <span class='ocrx_word' id='word_1_83' title='bbox 1243 1411 1428 1473; x_wconf 83' lang='lat' dir='ltr'><strong>eurumque</strong></span> 
     </span>
    </p>
   </div>
   <div class='ocr_carea' id='block_1_3' title="bbox 265 1496 1431 2586">
    <p class='ocr_par' dir='ltr' id='par_1_3' title="bbox 312 1496 715 1582">
     <span class='ocr_line' id='line_1_11' title="bbox 312 1496 715 1582; baseline -0.01 -20"><span class='ocrx_word' id='word_1_84' title='bbox 312 1497 544 1582; x_wconf 78' lang='lat' dir='ltr'><strong>apocryphiam</strong></span> <span class='ocrx_word' id='word_1_85' title='bbox 567 1496 715 1560; x_wconf 89' lang='lat' dir='ltr'><strong>ostendit.</strong></span> 
     </span>
    </p>

    <p class='ocr_par' dir='ltr' id='par_1_4' title="bbox 265 1596 1431 2586">
     <span class='ocr_line' id='line_1_12' title="bbox 392 1596 1431 1678; baseline 0.001 -18"><span class='ocrx_word' id='word_1_86' title='bbox 392 1597 528 1678; x_wconf 91' lang='lat' dir='ltr'><strong>lnsnper</strong></span> <span class='ocrx_word' id='word_1_87' title='bbox 541 1599 581 1660; x_wconf 94' lang='lat' dir='ltr'><strong>ab</strong></span> <span class='ocrx_word' id='word_1_88' title='bbox 597 1599 658 1662; x_wconf 91' lang='lat' dir='ltr'><strong>boc</strong></span> <span class='ocrx_word' id='word_1_89' title='bbox 671 1599 869 1677; x_wconf 85' lang='lat' dir='ltr'><strong>iniquissimo</strong></span> <span class='ocrx_word' id='word_1_90' title='bbox 881 1599 978 1678; x_wconf 85' lang='lat' dir='ltr'><strong>titulo</strong></span> <span class='ocrx_word' id='word_1_91' title='bbox 989 1596 1161 1678; x_wconf 89' lang='lat' dir='ltr'><strong>Origeuem</strong></span> <span class='ocrx_word' id='word_1_92' title='bbox 1175 1615 1310 1678; x_wconf 88' lang='lat' dir='ltr'><strong>prorsus</strong></span> <span class='ocrx_word' id='word_1_93' title='bbox 1321 1598 1431 1661; x_wconf 90' lang='lat' dir='ltr'><strong>abluit</strong></span> 
     </span>
     <span class='ocr_line' id='line_1_13' title="bbox 310 1697 1428 1783; baseline -0.003 -18"><span class='ocrx_word' id='word_1_94' title='bbox 310 1698 459 1766; x_wconf 80' lang='lat' dir='ltr'><strong>Socrates</strong></span> <span class='ocrx_word' id='word_1_95' title='bbox 482 1701 512 1760; x_wconf 93' lang='lat' dir='ltr'><strong>in</strong></span> <span class='ocrx_word' id='word_1_96' title='bbox 526 1697 622 1762; x_wconf 83' lang='lat' dir='ltr'><strong>Libro</strong></span> <span class='ocrx_word' id='word_1_97' title='bbox 647 1697 685 1762; x_wconf 94' lang='lat' dir='ltr'><strong>ll.</strong></span> <span class='ocrx_word' id='word_1_98' title='bbox 711 1699 791 1764; x_wconf 86' lang='lat' dir='ltr'><strong>Hist.</strong></span> <span class='ocrx_word' id='word_1_99' title='bbox 817 1701 939 1764; x_wconf 81' lang='lat' dir='ltr'><strong>Eccles.</strong></span> <span class='ocrx_word' id='word_1_100' title='bbox 961 1718 991 1762; x_wconf 92' lang='lat' dir='ltr'><strong>c.</strong></span> <span class='ocrx_word' id='word_1_101' title='bbox 1014 1697 1147 1764; x_wconf 90' lang='lat' dir='ltr'><strong>XXXV.</strong></span> <span class='ocrx_word' id='word_1_102' title='bbox 1172 1700 1211 1764; x_wconf 91' lang='lat' dir='ltr'><strong>de</strong></span> <span class='ocrx_word' id='word_1_103' title='bbox 1229 1699 1324 1764; x_wconf 90' lang='lat' dir='ltr'><strong>Aetio</strong></span> <span class='ocrx_word' id='word_1_104' title='bbox 1344 1717 1428 1783; x_wconf 75' lang='lat' dir='ltr'><strong>syro</strong></span> 
     </span>
     <span class='ocr_line' id='line_1_14' title="bbox 310 1799 1430 1881; baseline -0.001 -18"><span class='ocrx_word' id='word_1_105' title='bbox 310 1801 452 1864; x_wconf 89' lang='lat' dir='ltr'><strong>locutus.</strong></span> <span class='ocrx_word' id='word_1_106' title='bbox 489 1801 543 1864; x_wconf 90' lang='lat' dir='ltr'><strong>Ait</strong></span> <span class='ocrx_word' id='word_1_107' title='bbox 564 1801 671 1864; x_wconf 80' lang='lat' dir='ltr'><strong>enims</strong></span> <span class='ocrx_word' id='word_1_108' title='bbox 690 1823 706 1862; x_wconf 82' lang='lat' dir='ltr'><strong>n</strong></span> <span class='ocrx_word' id='word_1_109' title='bbox 722 1803 826 1881; x_wconf 88' lang='lat' dir='ltr'><strong>ipsum</strong></span> <span class='ocrx_word' id='word_1_110' title='bbox 858 1805 888 1865; x_wconf 93' lang='lat' dir='ltr'><strong>in</strong></span> <span class='ocrx_word' id='word_1_111' title='bbox 910 1801 1074 1879; x_wconf 88' lang='lat' dir='ltr'><strong>impietate</strong></span> <span class='ocrx_word' id='word_1_112' title='bbox 1105 1819 1277 1880; x_wconf 87' lang='lat' dir='ltr'><strong>superasse</strong></span> <span class='ocrx_word' id='word_1_113' title='bbox 1309 1799 1430 1864; x_wconf 89' lang='lat' dir='ltr'><strong>Arium</strong></span> 
     </span>
     <span class='ocr_line' id='line_1_15' title="bbox 312 1899 1430 1983; baseline 0 -19"><span class='ocrx_word' id='word_1_114' title='bbox 312 1899 410 1965; x_wconf 86' lang='lat' dir='ltr'><strong>Verbi</strong></span> <span class='ocrx_word' id='word_1_115' title='bbox 432 1903 589 1966; x_wconf 84' lang='lat' dir='ltr'><strong>divinitati</strong></span> <span class='ocrx_word' id='word_1_116' title='bbox 606 1903 798 1966; x_wconf 83' lang='lat' dir='ltr'><strong>mentitum:</strong></span> <span class='ocrx_word' id='word_1_117' title='bbox 822 1903 942 1983; x_wconf 87' lang='lat' dir='ltr'><strong>qnippe</strong></span> <span class='ocrx_word' id='word_1_118' title='bbox 963 1902 1239 1982; x_wconf 87' lang='lat' dir='ltr'><strong>comprehendere</strong></span> <span class='ocrx_word' id='word_1_119' title='bbox 1261 1901 1347 1968; x_wconf 92' lang='lat' dir='ltr'><strong>baud</strong></span> <span class='ocrx_word' id='word_1_120' title='bbox 1371 1919 1430 1964; x_wconf 89' lang='lat' dir='ltr'><strong>ra·</strong></span> 
     </span>
     <span class='ocr_line' id='line_1_16' title="bbox 310 2001 1429 2085; baseline 0.003 -20"><span class='ocrx_word' id='word_1_121' title='bbox 310 2003 395 2079; x_wconf 90' lang='lat' dir='ltr'><strong>luit,</strong></span> <span class='ocrx_word' id='word_1_122' title='bbox 415 2006 582 2083; x_wconf 85' lang='lat' dir='ltr'><strong>quomodo</strong></span> <span class='ocrx_word' id='word_1_123' title='bbox 604 2007 769 2083; x_wconf 88' lang='lat' dir='ltr'><strong>genoratio</strong></span> <span class='ocrx_word' id='word_1_124' title='bbox 792 2006 928 2084; x_wconf 90' lang='lat' dir='ltr'><strong>ingenita</strong></span> <span class='ocrx_word' id='word_1_125' title='bbox 955 2005 1017 2083; x_wconf 69' lang='lat' dir='ltr'><strong>sit,</strong></span> <span class='ocrx_word' id='word_1_126' title='bbox 1049 2010 1083 2070; x_wconf 94' lang='lat' dir='ltr'><strong>et</strong></span> <span class='ocrx_word' id='word_1_127' title='bbox 1102 2021 1167 2085; x_wconf 86' lang='lat' dir='ltr'><strong>qua</strong></span> <span class='ocrx_word' id='word_1_128' title='bbox 1189 2006 1316 2070; x_wconf 89' lang='lat' dir='ltr'><strong>ratione</strong></span> <span class='ocrx_word' id='word_1_129' title='bbox 1335 2001 1429 2082; x_wconf 83' lang='lat' dir='ltr'><strong>quod</strong></span> 
     </span>
     <span class='ocr_line' id='line_1_17' title="bbox 310 2103 1429 2185; baseline -0.004 -17"><span class='ocrx_word' id='word_1_130' title='bbox 310 2107 452 2183; x_wconf 89' lang='lat' dir='ltr'><strong>genitum</strong></span> <span class='ocrx_word' id='word_1_131' title='bbox 474 2113 535 2179; x_wconf 89' lang='lat' dir='ltr'><strong>est,</strong></span> <span class='ocrx_word' id='word_1_132' title='bbox 558 2113 768 2170; x_wconf 89' lang='lat' dir='ltr'><strong>coaeternum</strong></span> <span class='ocrx_word' id='word_1_133' title='bbox 790 2107 831 2168; x_wconf 89' lang='lat' dir='ltr'><strong>sit</strong></span> <span class='ocrx_word' id='word_1_134' title='bbox 852 2124 926 2170; x_wconf 93' lang='lat' dir='ltr'><strong>cum</strong></span> <span class='ocrx_word' id='word_1_135' title='bbox 949 2125 1000 2182; x_wconf 90' lang='lat' dir='ltr'><strong>eu,</strong></span> <span class='ocrx_word' id='word_1_136' title='bbox 1023 2104 1111 2185; x_wconf 84' lang='lat' dir='ltr'><strong>quod</strong></span> <span class='ocrx_word' id='word_1_137' title='bbox 1135 2103 1216 2167; x_wconf 90' lang='lat' dir='ltr'><strong>illud</strong></span> <span class='ocrx_word' id='word_1_138' title='bbox 1240 2103 1429 2184; x_wconf 74' lang='lat' dir='ltr'><strong>genuerit...</strong></span> 
     </span>
     <span class='ocr_line' id='line_1_18' title="bbox 265 2203 1430 2286; baseline 0 -18"><span class='ocrx_word' id='word_1_139' title='bbox 265 2207 268 2214; x_wconf 83' lang='lat'>&#39;</span> <span class='ocrx_word' id='word_1_140' title='bbox 310 2208 355 2268; x_wconf 90' lang='lat' dir='ltr'><strong>ita</strong></span> <span class='ocrx_word' id='word_1_141' title='bbox 377 2214 416 2268; x_wconf 91' lang='lat' dir='ltr'><strong>ut</strong></span> <span class='ocrx_word' id='word_1_142' title='bbox 437 2205 468 2268; x_wconf 92' lang='lat' dir='ltr'><strong>in</strong></span> <span class='ocrx_word' id='word_1_143' title='bbox 491 2206 656 2270; x_wconf 81' lang='lat' dir='ltr'><strong>veteribus</strong></span> <span class='ocrx_word' id='word_1_144' title='bbox 676 2207 904 2285; x_wconf 87' lang='lat' dir='ltr'><strong>scriptoribus,</strong></span> <span class='ocrx_word' id='word_1_145' title='bbox 922 2209 978 2286; x_wconf 84' lang='lat' dir='ltr'><strong>qni</strong></span> <span class='ocrx_word' id='word_1_146' title='bbox 1000 2223 1092 2270; x_wconf 88' lang='lat' dir='ltr'><strong>sacra</strong></span> <span class='ocrx_word' id='word_1_147' title='bbox 1114 2206 1246 2286; x_wconf 79' lang='lat' dir='ltr'><strong>etoquia</strong></span> <span class='ocrx_word' id='word_1_148' title='bbox 1267 2203 1306 2268; x_wconf 90' lang='lat' dir='ltr'><strong>ad</strong></span> <span class='ocrx_word' id='word_1_149' title='bbox 1329 2203 1430 2268; x_wconf 86' lang='lat' dir='ltr'><strong>fldem</strong></span> 
     </span>
     <span class='ocr_line' id='line_1_19' title="bbox 310 2304 1429 2387; baseline 0.001 -19"><span class='ocrx_word' id='word_1_150' title='bbox 310 2307 516 2370; x_wconf 76' lang='lat' dir='ltr'><strong>christianam</strong></span> <span class='ocrx_word' id='word_1_151' title='bbox 538 2309 712 2387; x_wconf 80' lang='lat' dir='ltr'><strong>spectantia</strong></span> <span class='ocrx_word' id='word_1_152' title='bbox 740 2309 944 2386; x_wconf 89' lang='lat' dir='ltr'><strong>interpretati</strong></span> <span class='ocrx_word' id='word_1_153' title='bbox 967 2307 1122 2382; x_wconf 88' lang='lat' dir='ltr'><strong>luissent,</strong></span> <span class='ocrx_word' id='word_1_154' title='bbox 1157 2322 1221 2368; x_wconf 91' lang='lat' dir='ltr'><strong>non</strong></span> <span class='ocrx_word' id='word_1_155' title='bbox 1242 2304 1339 2368; x_wconf 89' lang='lat' dir='ltr'><strong>modo</strong></span> <span class='ocrx_word' id='word_1_156' title='bbox 1359 2321 1429 2369; x_wconf 84' lang='lat' dir='ltr'><strong>uun</strong></span> 
     </span>
     <span class='ocr_line' id='line_1_20' title="bbox 309 2403 1430 2488; baseline 0 -20"><span class='ocrx_word' id='word_1_157' title='bbox 309 2414 392 2470; x_wconf 84' lang='lat' dir='ltr'><strong>esset</strong></span> <span class='ocrx_word' id='word_1_158' title='bbox 407 2409 627 2487; x_wconf 80' lang='lat' dir='ltr'><strong>exercitatns3</strong></span> <span class='ocrx_word' id='word_1_159' title='bbox 649 2409 704 2472; x_wconf 89' lang='lat' dir='ltr'><strong>scd</strong></span> <span class='ocrx_word' id='word_1_160' title='bbox 720 2406 932 2482; x_wconf 86' lang='lat' dir='ltr'><strong>Clementem,</strong></span> <span class='ocrx_word' id='word_1_161' title='bbox 949 2405 1185 2488; x_wconf 85' lang='lat' dir='ltr'><strong>Aphricannm,</strong></span> <span class='ocrx_word' id='word_1_162' title='bbox 1202 2413 1234 2468; x_wconf 86' lang='lat' dir='ltr'><strong>et</strong></span> <span class='ocrx_word' id='word_1_163' title='bbox 1251 2403 1430 2483; x_wconf 82' lang='lat' dir='ltr'><strong>Origenem</strong></span> 
     </span>
     <span class='ocr_line' id='line_1_21' title="bbox 312 2506 1430 2586; baseline 0.001 -19"><span class='ocrx_word' id='word_1_164' title='bbox 312 2507 398 2570; x_wconf 80' lang='lat' dir='ltr'><strong>viros</strong></span> <span class='ocrx_word' id='word_1_165' title='bbox 419 2507 506 2570; x_wconf 90' lang='lat' dir='ltr'><strong>omni</strong></span> <span class='ocrx_word' id='word_1_166' title='bbox 538 2508 703 2571; x_wconf 89' lang='lat' dir='ltr'><strong>doctrinae</strong></span> <span class='ocrx_word' id='word_1_167' title='bbox 723 2509 965 2586; x_wconf 88' lang='lat' dir='ltr'><strong>sapientiaeque</strong></span> <span class='ocrx_word' id='word_1_168' title='bbox 996 2507 1125 2570; x_wconf 87' lang='lat' dir='ltr'><strong>literato</strong></span> <span class='ocrx_word' id='word_1_169' title='bbox 1147 2506 1268 2585; x_wconf 86' lang='lat' dir='ltr'><strong>peritur</strong></span> <span class='ocrx_word' id='word_1_170' title='bbox 1290 2521 1430 2584; x_wconf 83' lang='lat' dir='ltr'><strong>prorsus</strong></span> 
     </span>
    </p>
   </div>
   <div class='ocr_carea' id='block_1_4' title="bbox 194 2606 1429 2689">
    <p class='ocr_par' dir='ltr' id='par_1_5' title="bbox 194 2606 1429 2689">
     <span class='ocr_line' id='line_1_22' title="bbox 194 2606 1429 2689; baseline -0.001 -19"><span class='ocrx_word' id='word_1_171' title='bbox 194 2656 198 2664; x_wconf 92' lang='lat'><strong>.</strong></span> <span class='ocrx_word' id='word_1_172' title='bbox 310 2609 483 2688; x_wconf 78' lang='lat' dir='ltr'><strong>rejiceret:</strong></span> <span class='ocrx_word' id='word_1_173' title='bbox 501 2617 598 2689; x_wconf 88' lang='lat' dir='ltr'><strong>atquc</strong></span> <span class='ocrx_word' id='word_1_174' title='bbox 621 2609 692 2672; x_wconf 89' lang='lat' dir='ltr'><strong>ideo</strong></span> <span class='ocrx_word' id='word_1_175' title='bbox 708 2609 861 2689; x_wconf 76' lang='lat' dir='ltr'><strong>epistolas</strong></span> <span class='ocrx_word' id='word_1_176' title='bbox 882 2611 975 2687; x_wconf 87' lang='lat' dir='ltr'><strong>nugis</strong></span> <span class='ocrx_word' id='word_1_177' title='bbox 1001 2608 1170 2670; x_wconf 87' lang='lat' dir='ltr'><strong>lallacibus</strong></span> <span class='ocrx_word' id='word_1_178' title='bbox 1192 2615 1362 2672; x_wconf 84' lang='lat' dir='ltr'><strong>contextas</strong></span> <span class='ocrx_word' id='word_1_179' title='bbox 1382 2606 1429 2670; x_wconf 92' lang='lat' dir='ltr'><strong>ad</strong></span> 
     </span>
    </p>
   </div>
   <div class='ocr_carea' id='block_1_5' title="bbox 308 2705 1433 4410">
    <p class='ocr_par' dir='ltr' id='par_1_6' title="bbox 308 2705 1433 3182">
     <span class='ocr_line' id='line_1_23' title="bbox 308 2705 1433 2790; baseline -0.001 -17"><span class='ocrx_word' id='word_1_180' title='bbox 308 2705 529 2774; x_wconf 83' lang='lat' dir='ltr'><strong>Constantium</strong></span> <span class='ocrx_word' id='word_1_181' title='bbox 549 2711 780 2790; x_wconf 84' lang='lat' dir='ltr'><strong>imperatorem</strong></span> <span class='ocrx_word' id='word_1_182' title='bbox 799 2710 1059 2775; x_wconf 78' lang='lat' dir='ltr'><strong>conscriberet.»</strong></span> <span class='ocrx_word' id='word_1_183' title='bbox 1076 2708 1297 2789; x_wconf 87' lang='lat' dir='ltr'><strong>Quapropter,</strong></span> <span class='ocrx_word' id='word_1_184' title='bbox 1313 2709 1338 2772; x_wconf 90' lang='lat' dir='ltr'><strong>si</strong></span> <span class='ocrx_word' id='word_1_185' title='bbox 1355 2725 1433 2772; x_wconf 87' lang='lat' dir='ltr'><strong>rea·</strong></span> 
     </span>
     <span class='ocr_line' id='line_1_24' title="bbox 310 2809 1433 2892; baseline 0 -18"><span class='ocrx_word' id='word_1_186' title='bbox 310 2829 366 2892; x_wconf 85' lang='lat' dir='ltr'><strong>pse</strong></span> <span class='ocrx_word' id='word_1_187' title='bbox 386 2809 542 2891; x_wconf 76' lang='lat' dir='ltr'><strong>Origenes</strong></span> <span class='ocrx_word' id='word_1_188' title='bbox 563 2811 753 2878; x_wconf 84' lang='lat' dir='ltr'><strong>orianorum</strong></span> <span class='ocrx_word' id='word_1_189' title='bbox 784 2812 890 2887; x_wconf 83' lang='lat' dir='ltr'><strong>Pater,</strong></span> <span class='ocrx_word' id='word_1_190' title='bbox 923 2810 1023 2876; x_wconf 86' lang='lat' dir='ltr'><strong>Verbi</strong></span> <span class='ocrx_word' id='word_1_191' title='bbox 1050 2812 1249 2876; x_wconf 85' lang='lat' dir='ltr'><strong>divinitatem</strong></span> <span class='ocrx_word' id='word_1_192' title='bbox 1280 2817 1433 2890; x_wconf 73' lang='lat' dir='ltr'><strong>negasset</strong></span> 
     </span>
     <span class='ocr_line' id='line_1_25' title="bbox 311 2911 1433 2992; baseline 0 -18"><span class='ocrx_word' id='word_1_193' title='bbox 311 2911 506 2987; x_wconf 87' lang='lat' dir='ltr'><strong>omnimode,</strong></span> <span class='ocrx_word' id='word_1_194' title='bbox 529 2920 565 2976; x_wconf 90' lang='lat' dir='ltr'><strong>ut</strong></span> <span class='ocrx_word' id='word_1_195' title='bbox 590 2915 806 2992; x_wconf 88' lang='lat' dir='ltr'><strong>praetendunt</strong></span> <span class='ocrx_word' id='word_1_196' title='bbox 827 2915 1027 2988; x_wconf 88' lang='lat' dir='ltr'><strong>adversarii,</strong></span> <span class='ocrx_word' id='word_1_197' title='bbox 1050 2930 1111 2978; x_wconf 89' lang='lat' dir='ltr'><strong>cnr</strong></span> <span class='ocrx_word' id='word_1_198' title='bbox 1131 2911 1246 2976; x_wconf 88' lang='lat' dir='ltr'><strong>Aetius</strong></span> <span class='ocrx_word' id='word_1_199' title='bbox 1268 2915 1353 2976; x_wconf 90' lang='lat' dir='ltr'><strong>hunc</strong></span> <span class='ocrx_word' id='word_1_200' title='bbox 1375 2929 1433 2974; x_wconf 90' lang='lat' dir='ltr'><strong>re·</strong></span> 
     </span>
     <span class='ocr_line' id='line_1_26' title="bbox 312 3012 1431 3096; baseline 0.001 -22"><span class='ocrx_word' id='word_1_201' title='bbox 312 3013 459 3092; x_wconf 82' lang='lat' dir='ltr'><strong>pudiavit</strong></span> <span class='ocrx_word' id='word_1_202' title='bbox 480 3013 702 3096; x_wconf 85' lang='lat' dir='ltr'><strong>relutaritque</strong></span> <span class='ocrx_word' id='word_1_203' title='bbox 722 3012 910 3095; x_wconf 87' lang='lat' dir='ltr'><strong>Origeocm,</strong></span> <span class='ocrx_word' id='word_1_204' title='bbox 926 3017 981 3095; x_wconf 85' lang='lat' dir='ltr'><strong>qui</strong></span> <span class='ocrx_word' id='word_1_205' title='bbox 1002 3033 1112 3080; x_wconf 90' lang='lat' dir='ltr'><strong>secum</strong></span> <span class='ocrx_word' id='word_1_206' title='bbox 1135 3016 1204 3095; x_wconf 89' lang='lat' dir='ltr'><strong>ipso</strong></span> <span class='ocrx_word' id='word_1_207' title='bbox 1224 3015 1336 3082; x_wconf 88' lang='lat' dir='ltr'><strong>eadem</strong></span> <span class='ocrx_word' id='word_1_208' title='bbox 1355 3031 1431 3078; x_wconf 87' lang='lat' dir='ltr'><strong>sen·</strong></span> 
     </span>
     <span class='ocr_line' id='line_1_27' title="bbox 309 3115 873 3182; baseline 0.005 -5"><span class='ocrx_word' id='word_1_209' title='bbox 309 3116 401 3178; x_wconf 87' lang='lat' dir='ltr'><strong>sisset</strong></span> <span class='ocrx_word' id='word_1_210' title='bbox 422 3117 577 3182; x_wconf 80' lang='lat' dir='ltr'><strong>adversus</strong></span> <span class='ocrx_word' id='word_1_211' title='bbox 599 3118 763 3181; x_wconf 84' lang='lat' dir='ltr'><strong>Christum</strong></span> <span class='ocrx_word' id='word_1_212' title='bbox 787 3115 873 3180; x_wconf 83' lang='lat' dir='ltr'><strong>llei&#39;l</strong></span> 
     </span>
    </p>

    <p class='ocr_par' dir='ltr' id='par_1_7' title="bbox 309 3215 1432 4410">
     <span class='ocr_line' id='line_1_28' title="bbox 391 3215 1427 3286; baseline -0.001 -5"><span class='ocrx_word' id='word_1_213' title='bbox 391 3217 545 3282; x_wconf 86' lang='lat' dir='ltr'><strong>Similiter</strong></span> <span class='ocrx_word' id='word_1_214' title='bbox 567 3221 702 3284; x_wconf 85' lang='lat' dir='ltr'><strong>instante</strong></span> <span class='ocrx_word' id='word_1_215' title='bbox 716 3222 828 3284; x_wconf 78' lang='lat' dir='ltr'><strong>ariane</strong></span> <span class='ocrx_word' id='word_1_216' title='bbox 852 3217 985 3284; x_wconf 83' lang='lat' dir='ltr'><strong>Haeresi</strong></span> <span class='ocrx_word' id='word_1_217' title='bbox 1007 3219 1090 3282; x_wconf 89' lang='lat' dir='ltr'><strong>idem</strong></span> <span class='ocrx_word' id='word_1_218' title='bbox 1106 3215 1254 3282; x_wconf 86' lang='lat' dir='ltr'><strong>Socrates</strong></span> <span class='ocrx_word' id='word_1_219' title='bbox 1267 3217 1366 3286; x_wconf 84' lang='lat' dir='ltr'><strong>Libro</strong></span> <span class='ocrx_word' id='word_1_220' title='bbox 1381 3217 1427 3282; x_wconf 90' lang='lat' dir='ltr'><strong>ll.</strong></span> 
     </span>
     <span class='ocr_line' id='line_1_29' title="bbox 311 3315 1427 3399; baseline -0.001 -18"><span class='ocrx_word' id='word_1_221' title='bbox 311 3336 340 3381; x_wconf 92' lang='lat' dir='ltr'><strong>c.</strong></span> <span class='ocrx_word' id='word_1_222' title='bbox 356 3315 453 3380; x_wconf 82' lang='lat' dir='ltr'><strong>XLV.</strong></span> <span class='ocrx_word' id='word_1_223' title='bbox 477 3321 532 3392; x_wconf 89' lang='lat' dir='ltr'><strong>ait,</strong></span> <span class='ocrx_word' id='word_1_224' title='bbox 551 3317 729 3399; x_wconf 89' lang='lat' dir='ltr'><strong>Georgium</strong></span> <span class='ocrx_word' id='word_1_225' title='bbox 752 3316 930 3383; x_wconf 79' lang='lat' dir='ltr'><strong>Laodiceae</strong></span> <span class='ocrx_word' id='word_1_226' title='bbox 945 3328 1113 3382; x_wconf 90' lang='lat' dir='ltr'><strong>auctorem</strong></span> <span class='ocrx_word' id='word_1_227' title='bbox 1136 3315 1234 3380; x_wconf 87' lang='lat' dir='ltr'><strong>inisse</strong></span> <span class='ocrx_word' id='word_1_228' title='bbox 1249 3318 1347 3398; x_wconf 86' lang='lat' dir='ltr'><strong>hujus</strong></span> <span class='ocrx_word' id='word_1_229' title='bbox 1367 3317 1427 3380; x_wconf 91' lang='lat' dir='ltr'><strong>im·</strong></span> 
     </span>
     <span class='ocr_line' id='line_1_30' title="bbox 315 3417 1431 3499; baseline 0.001 -18"><span class='ocrx_word' id='word_1_230' title='bbox 315 3420 387 3499; x_wconf 90' lang='lat' dir='ltr'><strong>piac</strong></span> <span class='ocrx_word' id='word_1_231' title='bbox 403 3421 600 3484; x_wconf 87' lang='lat' dir='ltr'><strong>sententiae:</strong></span> <span class='ocrx_word' id='word_1_232' title='bbox 620 3418 747 3496; x_wconf 75' lang='lat' dir='ltr'><strong>«Quod</strong></span> <span class='ocrx_word' id='word_1_233' title='bbox 762 3428 871 3484; x_wconf 86' lang='grc' dir='ltr'>ιιιιιιιιι</span> <span class='ocrx_word' id='word_1_234' title='bbox 887 3421 1009 3484; x_wconf 89' lang='lat' dir='ltr'><strong>dictum</strong></span> <span class='ocrx_word' id='word_1_235' title='bbox 1031 3426 1078 3482; x_wconf 90' lang='lat' dir='ltr'><strong>est</strong></span> <span class='ocrx_word' id='word_1_236' title='bbox 1094 3417 1191 3482; x_wconf 71' lang='lat' dir='ltr'><strong>usum</strong></span> <span class='ocrx_word' id='word_1_237' title='bbox 1211 3437 1250 3481; x_wconf 79' lang='lat' dir='ltr'><strong>cc</strong></span> <span class='ocrx_word' id='word_1_238' title='bbox 1271 3417 1354 3482; x_wconf 79' lang='lat' dir='ltr'><strong>Deo:</strong></span> <span class='ocrx_word' id='word_1_239' title='bbox 1370 3435 1431 3498; x_wconf 90' lang='lat' dir='ltr'><strong>pe-</strong></span> 
     </span>
     <span class='ocr_line' id='line_1_31' title="bbox 312 3518 1428 3603; baseline 0.002 -21"><span class='ocrx_word' id='word_1_240' title='bbox 312 3521 403 3584; x_wconf 90' lang='lat' dir='ltr'><strong>riude</strong></span> <span class='ocrx_word' id='word_1_241' title='bbox 423 3521 547 3585; x_wconf 90' lang='lat' dir='ltr'><strong>dictum</strong></span> <span class='ocrx_word' id='word_1_242' title='bbox 568 3531 618 3584; x_wconf 88' lang='lat' dir='ltr'><strong>est</strong></span> <span class='ocrx_word' id='word_1_243' title='bbox 638 3531 737 3603; x_wconf 88' lang='lat' dir='ltr'><strong>atque</strong></span> <span class='ocrx_word' id='word_1_244' title='bbox 758 3525 843 3600; x_wconf 94' lang='lat' dir='ltr'><strong>apud</strong></span> <span class='ocrx_word' id='word_1_245' title='bbox 868 3521 1060 3602; x_wconf 81' lang='lat' dir='ltr'><strong>Apostolum</strong></span> <span class='ocrx_word' id='word_1_246' title='bbox 1082 3518 1191 3585; x_wconf 76' lang='lat' dir='ltr'><strong>samin</strong></span> <span class='ocrx_word' id='word_1_247' title='bbox 1210 3537 1251 3582; x_wconf 76' lang='grc' dir='ltr'><strong>ιι</strong></span> <span class='ocrx_word' id='word_1_248' title='bbox 1265 3519 1428 3584; x_wconf 79' lang='lat' dir='ltr'><strong>Decesse.</strong></span> 
     </span>
     <span class='ocr_line' id='line_1_32' title="bbox 314 3619 1432 3701; baseline 0.004 -17"><span class='ocrx_word' id='word_1_249' title='bbox 314 3619 455 3686; x_wconf 87' lang='lat' dir='ltr'><strong>Proinde</strong></span> <span class='ocrx_word' id='word_1_250' title='bbox 478 3640 561 3687; x_wconf 88' lang='lat' dir='ltr'><strong>unus</strong></span> <span class='ocrx_word' id='word_1_251' title='bbox 584 3624 727 3688; x_wconf 85' lang='lat' dir='ltr'><strong>omnium</strong></span> <span class='ocrx_word' id='word_1_252' title='bbox 750 3622 853 3688; x_wconf 88' lang='lat' dir='ltr'><strong>Filius</strong></span> <span class='ocrx_word' id='word_1_253' title='bbox 875 3641 915 3687; x_wconf 80' lang='lat' dir='ltr'><strong>ex</strong></span> <span class='ocrx_word' id='word_1_254' title='bbox 939 3622 1007 3688; x_wconf 87' lang='lat' dir='ltr'><strong>Deo</strong></span> <span class='ocrx_word' id='word_1_255' title='bbox 1027 3629 1091 3696; x_wconf 84' lang='lat' dir='ltr'><strong>est,</strong></span> <span class='ocrx_word' id='word_1_256' title='bbox 1114 3623 1190 3701; x_wconf 90' lang='lat' dir='ltr'><strong>quia</strong></span> <span class='ocrx_word' id='word_1_257' title='bbox 1213 3623 1243 3684; x_wconf 94' lang='lat' dir='ltr'><strong>ln</strong></span> <span class='ocrx_word' id='word_1_258' title='bbox 1265 3621 1325 3686; x_wconf 92' lang='lat' dir='ltr'><strong>bac</strong></span> <span class='ocrx_word' id='word_1_259' title='bbox 1347 3639 1432 3688; x_wconf 84' lang='lat' dir='ltr'><strong>rece</strong></span> 
     </span>
     <span class='ocr_line' id='line_1_33' title="bbox 309 3720 1432 3805; baseline 0.003 -22"><span class='ocrx_word' id='word_1_260' title='bbox 309 3720 418 3785; x_wconf 85' lang='lat' dir='ltr'><strong>omnic</strong></span> <span class='ocrx_word' id='word_1_261' title='bbox 441 3724 739 3802; x_wconf 87' lang='lat' dir='ltr'><strong>comprehenditur.</strong></span> <span class='ocrx_word' id='word_1_262' title='bbox 756 3721 871 3805; x_wconf 88' lang='lat' dir='ltr'><strong>ltaque</strong></span> <span class='ocrx_word' id='word_1_263' title='bbox 892 3725 923 3786; x_wconf 94' lang='lat' dir='ltr'><strong>in</strong></span> <span class='ocrx_word' id='word_1_264' title='bbox 943 3721 1093 3786; x_wconf 83' lang='lat' dir='ltr'><strong>termetis</strong></span> <span class='ocrx_word' id='word_1_265' title='bbox 1108 3724 1226 3786; x_wconf 89' lang='lat' dir='ltr'><strong>nostris</strong></span> <span class='ocrx_word' id='word_1_266' title='bbox 1240 3722 1363 3804; x_wconf 72' lang='lat' dir='ltr'><strong>adjecta</strong></span> <span class='ocrx_word' id='word_1_267' title='bbox 1377 3733 1432 3786; x_wconf 81' lang='lat' dir='ltr'><strong>est</strong></span> 
     </span>
     <span class='ocr_line' id='line_1_34' title="bbox 312 3821 1430 3906; baseline 0.003 -23"><span class='ocrx_word' id='word_1_268' title='bbox 312 3823 368 3884; x_wconf 90' lang='lat' dir='ltr'><strong>illa</strong></span> <span class='ocrx_word' id='word_1_269' title='bbox 392 3825 552 3902; x_wconf 87' lang='lat' dir='ltr'><strong>particula</strong></span> <span class='ocrx_word' id='word_1_270' title='bbox 573 3826 748 3890; x_wconf 82' lang='lat' dir='ltr'><strong>secundnm</strong></span> <span class='ocrx_word' id='word_1_271' title='bbox 768 3821 995 3906; x_wconf 79' lang='lat' dir='ltr'><strong>Scripturas.»</strong></span> <span class='ocrx_word' id='word_1_272' title='bbox 1020 3821 1147 3898; x_wconf 85' lang='lat' dir='ltr'><strong>Quibus</strong></span> <span class='ocrx_word' id='word_1_273' title='bbox 1165 3823 1271 3888; x_wconf 85' lang='lat' dir='ltr'><strong>verbis</strong></span> <span class='ocrx_word' id='word_1_274' title='bbox 1284 3821 1430 3888; x_wconf 84' lang='lat' dir='ltr'><strong>subdens</strong></span> 
     </span>
     <span class='ocr_line' id='line_1_35' title="bbox 314 3920 1429 4006; baseline 0.001 -22"><span class='ocrx_word' id='word_1_275' title='bbox 314 3920 464 3985; x_wconf 87' lang='lat' dir='ltr'><strong>Socrates</strong></span> <span class='ocrx_word' id='word_1_276' title='bbox 485 3923 597 4000; x_wconf 91' lang='lat' dir='ltr'><strong>docet,</strong></span> <span class='ocrx_word' id='word_1_277' title='bbox 622 3926 719 4006; x_wconf 73' lang='lat' dir='ltr'><strong>buius</strong></span> <span class='ocrx_word' id='word_1_278' title='bbox 745 3926 916 3988; x_wconf 90' lang='lat' dir='ltr'><strong>commenti</strong></span> <span class='ocrx_word' id='word_1_279' title='bbox 946 3934 1136 3998; x_wconf 91' lang='lat' dir='ltr'><strong>auctorem,</strong></span> <span class='ocrx_word' id='word_1_280' title='bbox 1171 3924 1356 4006; x_wconf 82' lang='lat' dir='ltr'><strong>hujusmodi</strong></span> <span class='ocrx_word' id='word_1_281' title='bbox 1377 3924 1429 3986; x_wconf 90' lang='lat' dir='ltr'><strong>lo-</strong></span> 
     </span>
     <span class='ocr_line' id='line_1_36' title="bbox 314 4017 1430 4107; baseline 0 -19"><span class='ocrx_word' id='word_1_282' title='bbox 314 4023 433 4103; x_wconf 85' lang='lat' dir='ltr'><strong>quendi</strong></span> <span class='ocrx_word' id='word_1_283' title='bbox 454 4017 627 4090; x_wconf 78' lang='lat' dir='ltr'><strong>modorum</strong></span> <span class='ocrx_word' id='word_1_284' title='bbox 658 4029 846 4106; x_wconf 80' lang='lat' dir='ltr'><strong>imperitum</strong></span> <span class='ocrx_word' id='word_1_285' title='bbox 878 4026 976 4090; x_wconf 86' lang='lat' dir='ltr'><strong>luisse</strong></span> <span class='ocrx_word' id='word_1_286' title='bbox 1005 4041 1044 4090; x_wconf 89' lang='lat' dir='ltr'><strong>ac</strong></span> <span class='ocrx_word' id='word_1_287' title='bbox 1065 4025 1203 4101; x_wconf 91' lang='lat' dir='ltr'><strong>rudem,</strong></span> <span class='ocrx_word' id='word_1_288' title='bbox 1225 4043 1430 4107; x_wconf 81' lang='lat' dir='ltr'><strong>prorsusque</strong></span> 
     </span>
     <span class='ocr_line' id='line_1_37' title="bbox 317 4126 1432 4210; baseline 0.005 -26"><span class='ocrx_word' id='word_1_289' title='bbox 317 4126 494 4204; x_wconf 89' lang='lat' dir='ltr'><strong>ignorasse,</strong></span> <span class='ocrx_word' id='word_1_290' title='bbox 509 4146 574 4207; x_wconf 86' lang='lat' dir='ltr'><strong>qua</strong></span> <span class='ocrx_word' id='word_1_291' title='bbox 597 4127 721 4192; x_wconf 89' lang='lat' dir='ltr'><strong>ratione</strong></span> <span class='ocrx_word' id='word_1_292' title='bbox 733 4127 892 4208; x_wconf 80' lang='lat' dir='ltr'><strong>Origenes</strong></span> <span class='ocrx_word' id='word_1_293' title='bbox 908 4127 1133 4209; x_wconf 87' lang='lat' dir='ltr'><strong>superioribus</strong></span> <span class='ocrx_word' id='word_1_294' title='bbox 1156 4127 1354 4210; x_wconf 78' lang='lat' dir='ltr'><strong>temporibus</strong></span> <span class='ocrx_word' id='word_1_295' title='bbox 1379 4135 1432 4190; x_wconf 91' lang='lat' dir='ltr'><strong>ta·</strong></span> 
     </span>
     <span class='ocr_line' id='line_1_38' title="bbox 311 4224 1431 4311; baseline 0.004 -24"><span class='ocrx_word' id='word_1_296' title='bbox 311 4224 360 4288; x_wconf 88' lang='lat' dir='ltr'><strong>les</strong></span> <span class='ocrx_word' id='word_1_297' title='bbox 380 4229 536 4304; x_wconf 82' lang='lat' dir='ltr'><strong>sermonis</strong></span> <span class='ocrx_word' id='word_1_298' title='bbox 557 4231 785 4310; x_wconf 72' lang='lat' dir='ltr'><strong>proprietates,</strong></span> <span class='ocrx_word' id='word_1_299' title='bbox 805 4248 892 4310; x_wconf 81' lang='lat' dir='ltr'><strong>qnae</strong></span> <span class='ocrx_word' id='word_1_300' title='bbox 911 4239 987 4298; x_wconf 86' lang='lat' dir='ltr'><strong>sant</strong></span> <span class='ocrx_word' id='word_1_301' title='bbox 1007 4228 1093 4311; x_wconf 83' lang='lat' dir='ltr'><strong>apud</strong></span> <span class='ocrx_word' id='word_1_302' title='bbox 1117 4228 1324 4309; x_wconf 84' lang='lat' dir='ltr'><strong>Apostolum,</strong></span> <span class='ocrx_word' id='word_1_303' title='bbox 1348 4229 1431 4292; x_wconf 91' lang='lat' dir='ltr'><strong>ube-</strong></span> 
     </span>
     <span class='ocr_line' id='line_1_39' title="bbox 313 4325 810 4410; baseline 0.008 -22"><span class='ocrx_word' id='word_1_304' title='bbox 313 4325 385 4390; x_wconf 88' lang='lat' dir='ltr'><strong>rius</strong></span> <span class='ocrx_word' id='word_1_305' title='bbox 406 4327 574 4410; x_wconf 86' lang='lat' dir='ltr'><strong>iustusque</strong></span> <span class='ocrx_word' id='word_1_306' title='bbox 595 4329 810 4410; x_wconf 84' lang='lat' dir='ltr'><strong>explanasset.</strong></span> 
     </span>
    </p>
   </div>
   <div class='ocr_carea' id='block_1_6' title="bbox 0 0 1598 4946">
    <p class='ocr_par' dir='ltr' id='par_1_8' title="bbox 0 0 1598 4946">
     <span class='ocr_line' id='line_1_40' title="bbox 0 0 1598 4946; baseline 0 1"><span class='ocrx_word' id='word_1_307' title='bbox 0 0 1598 4946; x_wconf 95' lang='lat' dir='ltr'><strong> </strong></span> 
     </span>
    </p>
   </div>
  </div>
 </body>
</html>
