3028 4942
342 498 505 582 Operibus
525 499 601 564 satis
621 499 807 579 praebuisse
832 501 1110 580 argumentorum,
1129 499 1247 581 quibus
1270 499 1372 566 Filius
1393 499 1444 564 Pa·

343 601 385 664 tri
398 600 677 664 consubstantialia
698 603 793 681 eique
814 607 1005 664 coaeternus
1025 599 1212 678 dicebatur,
1237 601 1339 666 veluti
1359 620 1377 666 a
1396 600 1446 664 Pa-

342 703 448 765 tribus
469 702 607 765 nicaenis
627 703 784 766 sancitum
802 709 862 766 est.

423 798 617 876 Novissima,
639 803 725 883 quod
747 821 822 865 saue
845 803 962 866 mirum
984 808 1052 880 eat,
1075 800 1267 866 Athanasius
1287 804 1374 866 idem
1394 803 1447 882 (eti

343 905 482 966 testatur
503 904 533 964 in
557 901 698 983 Epistola
720 903 759 966 ad
781 902 1007 984 Serapionem)
1029 903 1138 984 legens
1163 906 1280 984 scripta
1306 902 1446 984 origenis

342 1002 458 1065 nullibi
478 1003 536 1066 sibi
557 1004 739 1068 occurrisse
760 1005 804 1066 ait
824 1005 1002 1085 sphalmata
1024 1006 1125 1084 ipsius
1145 1021 1203 1068 nec
1224 1005 1263 1068 do
1284 1002 1445 1077 Trinitate,

233 1125 239 1140 ’
341 1121 447 1184 neque
461 1103 501 1168 da
514 1106 694 1169 animarum
718 1106 1018 1187 transmigratione,
1035 1122 1094 1170 nec
1108 1106 1148 1169 de
1168 1106 1308 1170 secunda
1331 1105 1447 1168 reden·

238 1195 242 1201 ’
340 1205 463 1286 ptione,
481 1223 539 1270 nec
552 1205 593 1268 dc
605 1213 721 1270 natura
738 1189 939 1272 cons'artibilt
955 1207 1143 1287 angelorum
1159 1213 1191 1270 et
1206 1207 1385 1278 hominum,
1400 1222 1446 1266 ne

274 1337 278 1346 =
341 1325 407 1389 qne
420 1306 460 1372 de
473 1308 640 1372 animabus
655 1308 694 1372 da
709 1308 801 1372 coelo
821 1309 863 1372 eb
883 1309 1017 1373 crimina
1032 1309 1174 1391 dejectis,
1196 1327 1303 1390 neque
1320 1308 1361 1372 de
1380 1324 1446 1387 anp-

341 1408 513 1490 plioiorum
537 1411 673 1473 termino
694 1410 778 1489 apud
801 1411 919 1474 interos
940 1419 1001 1474 etc.
1024 1409 1066 1489 (l)

420 1506 542 1572 Deinde
563 1510 647 1574 inter
666 1509 813 1590 Origeuis
834 1519 998 1590 patrones,
1014 1513 1177 1592 speciatim
1199 1512 1308 1592 quoad
1327 1507 1444 1574 Perier-

340 1605 420 1670 ebea
433 1608 534 1673 libros
551 1619 763 1674 numerantur
777 1629 909 1692 qnoque
929 1631 970 1676 ss.
992 1609 1131 1677 Basilius
1153 1620 1186 1675 et
1197 1611 1379 1692 Gregorius
1397 1627 1444 1672 na·

340 1709 524 1784 aianeoane,
541 1713 596 1792 qui
618 1713 679 1776 snb
700 1711 896 1778 Phitoeatiae
917 1715 1043 1776 nomine
1058 1714 1206 1778 libellum
1227 1715 1443 1786 elaborarunt,

339 1810 499 1892 decerptis
520 1812 593 1875 hinc
614 1813 685 1881 inde
702 1832 720 1876 a
735 1814 869 1878 diversis
893 1815 992 1896 ipsius
1012 1816 1261 1890 commentariis,
1282 1813 1444 1896 quasillis

339 1913 432 1978 utilia
454 1931 492 1976 ac
513 1915 672 1993 sapienter
692 1920 873 1996 excogitata
896 1917 1102 1996 putabantur.
1133 1915 1340 1981 Clarissimus
1361 1913 1442 1978 Tart-

338 2033 400 2080 nns
416 2015 495 2078 baec
509 2015 608 2078 edidit
627 2015 726 2080 latine
746 2035 787 2081 ex
804 2035 919 2095 graeco
942 2037 1056 2098 uersa3
1078 2018 1110 2082 in
1127 2037 1268 2100 qnorum
1285 2019 1376 2082 initio
1391 2017 1442 2078 ists

336 2119 513 2200 leguntur:
531 2140 548 2178 u
564 2119 732 2184 Deiectum
747 2122 799 2186 hic
811 2121 896 2184 liber
910 2124 1050 2186 eontinet
1064 2121 1291 2201 quaestionum
1305 2120 1441 2197 Scriptu-

337 2239 395 2288 ras
410 2240 448 2286 ac
463 2222 662 2289 solutionum
676 2243 717 2287 ex
734 2226 830 2288 variis
844 2224 992 2304 Origauis
1008 2225 1243 2288 commentariis
1258 2225 1299 2284 ab
1321 2223 1385 2286 illis
1401 2220 1440 2282 di·

337 2329 489 2392 sincrum
503 2344 614 2392 rerum
630 2327 871 2392 consultissimis
884 2327 1044 2408 Gregorio
1059 2337 1091 2392 ct
1105 2325 1223 2390 basilio
1241 2326 1437 2399 coniectnm3

335 2446 432 2510 qnam
454 2428 572 2492 horum
588 2428 672 2492 alter
686 2427 864 2508 Gregorius
879 2427 1063 2509 Theologus
1085 2429 1124 2492 ad
1140 2425 1351 2492 Theodorum
1367 2419 1440 2508 Tya-

336 2548 433 2594 nenm
456 2531 487 2592 id
505 2531 659 2610 temporis
677 2531 864 2612 episcopum
886 2531 917 2594 in
933 2530 1059 2594 tabellis
1080 2530 1177 2604 misit,
1193 2530 1288 2592 sicuti
1305 2530 1385 2592 haee
1403 2521 1437 2584 ad

336 2651 412 2696 enm
433 2634 551 2713 scripta
567 2633 700 2714 epistola
717 2633 881 2696 declarat:
897 2631 936 2694 lit
948 2633 1041 2712 festae
1055 2629 1118 2692 diei
1130 2628 1283 2693 laetitiam
1298 2626 1383 2692 nohis
1395 2623 1440 2686 tit·

336 2741 419 2798 teras
439 2742 511 2796 tuae
530 2741 785 2814 repraesentatam
800 2744 829 2795 et
848 2733 932 2814 quod
951 2733 1041 2813 loape
1057 2729 1280 2812 praestabilius
1301 2738 1359 2799 ert,
1375 2735 1439 2790 teta·

331 2853 395 2916 pus
415 2819 519 2914 ipe'um
536 2833 729 2915 praebeatis,
751 2842 780 2897 et
804 2831 1030 2914 anticipandae
1054 2829 1263 2904 celebritatis,
1285 2848 1368 2910 puae
1389 2835 1439 2888 tua

334 2936 532 3002 estliberatis
553 2938 700 3002 uetustas
714 2956 752 3000 aa
763 2936 939 3016 propensio,
962 2934 1082 3014 capiam
1096 2931 1187 3014 faeie.
1210 2931 1260 2997 Ea
1280 2940 1438 3012 saatqaae

333 3059 355 3104 a
373 3049 431 3104 tua
448 3038 561 3120 pietate
576 3038 834 3120 proficiscuntur.
856 3035 919 3104 Nos
939 3055 1002 3118 quo
1022 3035 1158 3098 manime
1175 3053 1358 3114 passumus,
1375 3046 1439 3111 prt-

333 3137 422 3204 cibus
440 3141 671 3220 respondemus.
694 3139 796 3220 Atque
809 3149 845 3204 ut
859 3159 881 3202 a
894 3159 940 3202 me
960 3137 1092 3219 aliquod
1107 3136 1171 3216 ipse
1191 3155 1315 3216 quoque
1335 3133 1437 3196 babeat

335 3249 365 3306 et
383 3263 405 3305 a
425 3262 452 3306 s.
475 3239 598 3306 Basilia
616 3251 852 3306 mouumentum
863 3285 875 3316 ,
897 3239 1088 3304 Electorum
1121 3236 1267 3318 Oripeais
1295 3233 1437 3301 libellam

331 3345 376 3409 ad
390 3351 417 3408 te
431 3342 598 3408 misimus.-
618 3340 655 3404 ia
669 3361 730 3425 pue
744 3351 890 3424 eeeerpsa
904 3342 1058 3406 habeatur
1069 3339 1220 3404 studiosis
1234 3337 1347 3414 utilia,
1367 3346 1438 3414 quae

333 3454 368 3512 tu
389 3444 529 3526 accipere
553 3463 591 3508 ae
610 3461 777 3525 praeare;
798 3453 864 3507 tum
883 3444 963 3523 quid
982 3442 1054 3508 iada
1073 3444 1220 3523 fruetus,
1243 3451 1272 3504 et
1290 3435 1395 3506 studia
1413 3437 1437 3492 et

331 3545 452 3629 spiritu
471 3546 599 3629 adjutus
620 3545 752 3626 ceperis,
773 3543 932 3626 sipaifiea.
953 3561 970 3603 a

413 3727 450 3802 (1)
470 3727 553 3796 Quod
569 3734 663 3786 entem
680 3727 786 3804 legitur
804 3728 833 3784 in
851 3725 959 3784 Libello
977 3725 1031 3784 snb
1044 3725 1189 3782 Athanasii
1200 3724 1312 3780 nomine
1332 3722 1361 3779 de
1372 3716 1435 3776 com-

331 3819 448 3878 munices
465 3820 595 3880 Esseatiae
612 3822 698 3882 Patris
717 3833 740 3880 et
763 3821 827 3880 Filii
844 3831 867 3880 et
890 3819 999 3895 Spiritus
1016 3819 1103 3876 Saaoti
1121 3837 1151 3874 n.
1163 3817 1207 3874 49.
1226 3817 1277 3874 ubi
1299 3815 1436 3874 accusatur

330 3912 479 3987 Origenes,
498 3914 583 3970 finem
600 3915 721 3988 aliquem
738 3932 889 3987 poenmum
910 3915 1095 3980 constituens,
1115 3929 1148 3968 ec
1171 3911 1283 3966 tandem
1300 3902 1434 3966 remissio·

330 4021 397 4061 nem
413 4009 591 4078 peccatorum
608 4005 770 4064 hominibus
787 4007 933 4080 pariterue
946 4005 1127 4061 daemonibus
1139 4021 1156 4058 a
1168 4003 1226 4058 Deo
1243 4001 1356 4058 concedi
1367 4007 1433 4070 prat*

328 4095 438 4164 dicans,
456 4098 611 4154 notandum
633 4103 677 4155 est
697 4097 751 4154 hoc
773 4099 910 4172 scriptum
932 4097 1087 4154 Athanasio
1111 4096 1280 4171 abjudicari;
1306 4093 1433 4167 quippia

327 4189 468 4246 missibus
485 4189 528 4245 nii
545 4207 618 4263 opus
636 4209 720 4248 suum
738 4209 795 4247 non
813 4181 970 4261 memmei-i,
991 4207 1043 4248 nec
1060 4191 1089 4246 in
1108 4189 1234 4264 ejusdem
1246 4177 1432 4254 manuscriptis

327 4283 433 4356 reponi.
453 4281 497 4338 Its
513 4281 642 4340 Editores
661 4285 691 4340 in
709 4283 799 4342 Notis.
869 4301 872 4308 ·
