3028 4942
295 449 380 512 tisse.
403 446 452 514 Ex
475 447 524 512 bis
545 465 644 528 porro
665 454 758 528 putat
778 445 994 530 Hieronymus
1015 447 1114 526 (aptis
1136 453 1239 510 tamen
1261 447 1403 512 testimo·

291 551 350 614 niis
371 550 493 626 carens)
515 552 611 613 noxia
633 552 737 630 ipsum
758 568 907 630 quaeque
922 549 1141 623 detruncasse,
1155 557 1188 612 et
1206 548 1297 610 utilia
1314 556 1404 610 tran·

291 651 430 714 stulisse.
454 649 514 716 Sed
536 652 726 730 etamplius
752 651 901 715 Editores
922 651 952 712 in
975 649 1114 730 Prologo
1142 649 1287 730 ejusdem
1311 648 1404 713 llila·

293 753 333 814 rii
355 752 659 817 commentariorum
679 752 716 814 in
734 751 891 828 Psalmos,
907 754 1058 832 suspicati
1074 759 1161 824 eunt,
1178 754 1281 832 ipsum
1302 751 1403 834 plura
1423 814 1436 836 ⁴

290 850 437 931 Origenis
459 854 711 932 expositionibus
732 854 771 916 de
791 873 852 916 suo
872 853 1041 928 addidisse,
1064 853 1219 914 rationem
1240 851 1310 913 ideo
1327 852 1402 914 red·

291 953 421 1030 dentes,
443 955 528 1036 quod
551 957 582 1016 in
605 956 757 1035 praelatis
778 955 1015 1021 commentariis
1037 955 1185 1034 dogmata
1205 955 1329 1018 sincera
1350 973 1402 1016 re·

289 1057 458 1137 pariantur
477 1057 518 1120 de
538 1055 655 1122 Christi
676 1057 853 1131 divinitate,
875 1056 914 1118 de
935 1073 1113 1134 poenarum
1134 1056 1338 1130 aeternitate,
1357 1054 1400 1117 de

291 1157 529 1220 resurrectione
543 1166 627 1220 etc:
651 1166 679 1219 ct
701 1158 784 1238 gnis,
806 1157 965 1236 inquiunt,
990 1153 1050 1217 sibi
1070 1156 1259 1236 persuadere
1272 1153 1403 1236 peterit,

290 1257 352 1321 r'sto
372 1255 538 1320 Hilarium
558 1266 736 1322 mutuatum
756 1277 816 1320 esse
836 1258 875 1320 ab
898 1254 1059 1338 Origene?

302 1430 306 1439 ,
372 1358 454 1422 blibi
474 1367 597 1433 netem,
613 1359 721 1439 quoad
744 1361 826 1423 banc
840 1358 1028 1442 Hieronymi
1041 1365 1074 1422 et
1088 1356 1315 1422 Mauriuerum
1331 1359 1402 1438 opi·

291 1458 418 1536 pionem
439 1458 478 1520 de
498 1477 523 1522 s.
546 1457 662 1523 Hilarii
683 1461 790 1523 studio
804 1466 837 1523 et
851 1460 964 1522 labore
979 1462 1010 1522 in
1025 1461 1152 1540 scriptis
1166 1459 1326 1538 Origenis,
1346 1459 1404 1522 vix

291 1557 383 1633 mibi,
404 1558 520 1636 dicam,
544 1560 740 1624 credendum
761 1551 821 1639 est,
842 1579 869 1624 a.
887 1559 1059 1626 Doctorem
1076 1560 1147 1621 tidei
1163 1561 1312 1622 nicaenae
1327 1575 1404 1638 pro·

290 1666 515 1741 pugnatorem,
531 1662 657 1726 silentio
678 1681 812 1742 prorsus
834 1664 1037 1742 praeteriisse
1058 1669 1120 1722 tam
1137 1679 1236 1739 prava
1251 1660 1403 1738 dogmata

290 1763 331 1828 de
352 1762 431 1840 ileo,
453 1762 493 1826 de
514 1759 681 1841 Trinitate,
703 1764 743 1827 de
766 1765 830 1829 rita
853 1764 977 1838 lutura,
1000 1763 1041 1826 de
1061 1762 1228 1851 animabus
1243 1767 1304 1824 etc.
1322 1761 1404 1841 quin

290 1863 330 1928 de
344 1863 419 1943 ipsis
431 1865 621 1928 mentionem
634 1875 756 1945 ageret,
768 1873 802 1938 et
815 1863 1013 1942 confutaret,
1026 1869 1058 1926 et
1071 1862 1180 1926 tidelcs
1194 1879 1303 1928 omues
1314 1880 1405 1924 ause·

292 1975 384 2028 reret
402 1965 443 2028 ab
462 1967 582 2030 berum
602 1967 763 2030 librorum
783 1967 934 2041 lectione,
956 1965 982 2028 si
1001 1982 1115 2028 revera
1133 1963 1206 2026 talin
1218 1967 1401 2026 invenisset.

289 2064 437 2148 lienique
454 2067 531 2130 mibi
552 2067 625 2148 quis
646 2067 791 2132 ostendet
811 2086 852 2132 ex
868 2068 991 2147 graecis
1005 2065 1112 2128 adbuc
1126 2065 1352 2146 superstitibus
1364 2061 1404 2128 in

292 2165 438 2232 Pserimos
451 2169 757 2233 commentariorum
770 2169 1022 2250 exemplaribus,
1035 2167 1157 2230 similes
1177 2185 1318 2243 errores,
1331 2170 1406 2247 qui·

288 2267 349 2331 bus
366 2268 520 2348 culpatur
533 2265 715 2348 Origenes?
730 2267 945 2350 Respondeat,
962 2271 1171 2350 quipoterit:
1187 2269 1405 2332 diversimode

289 2385 332 2434 es
353 2365 467 2430 Hilarii
488 2368 615 2448 scriptis
635 2367 675 2432 de
695 2369 819 2450 integra
834 2379 867 2434 et
881 2371 1040 2436 catholiea
1056 2369 1203 2450 Origenis
1219 2370 1279 2433 fide
1295 2389 1405 2434 mane·

289 2467 337 2540 bit
358 2478 503 2534 nestrum
519 2470 560 2532 ab
579 2469 671 2535 initio
692 2473 885 2536 institutum.

370 2568 451 2634 Cum
472 2578 581 2634 autem
603 2572 773 2652 bucusque
794 2573 888 2650 plura
911 2573 1044 2638 Petrum
1059 2581 1244 2639 sanctornm
1262 2575 1406 2640 testime-

291 2671 344 2734 nia
366 2671 583 2754 undequaque
604 2673 818 2755 decerpserim
830 2695 842 2754 ;
863 2674 895 2737 in
922 2677 1042 2756 quibus
1065 2685 1151 2740 recta
1179 2677 1406 2741 manifestatur

293 2771 439 2859 Origenis
460 2773 536 2838 iides
544 2792 557 2854 3
579 2792 616 2838 ae
637 2774 709 2839 ideo
730 2785 807 2840 tunc
824 2777 901 2858 juro
921 2777 961 2840 ab
985 2777 1126 2842 Ecclesia
1143 2779 1287 2842 habitum
1305 2780 1405 2842 inisse

291 2874 376 2938 inter
390 2884 646 2956 propugnatores
660 2878 839 2942 catholicae
855 2879 1010 2952 veritatis,
1029 2880 1114 2944 band
1128 2881 1405 2960 praetereundum

290 2985 351 3054 est,
374 2978 460 3058 qued
481 2980 593 3042 scribit
614 2979 740 3043 Auctor
761 2979 924 3059 Epistolae
945 2979 1117 3044 iustiniani
1138 2983 1178 3045 ad
1201 2981 1349 3046 Mennam
1369 2983 1404 3044 in

289 3077 436 3158 Origenis
456 3079 599 3160 ejusdem
614 3080 817 3160 ignominiam
832 3100 874 3146 ex
886 3100 913 3144 s.
927 3079 1035 3144 Basilii
1052 3082 1205 3148 Sermone
1216 3081 1274 3144 lll.
1287 3083 1322 3145 ie
1338 3083 1405 3146 He·

288 3197 460 3243 cameron:
485 3180 538 3244 ubi
560 3200 601 3244 ex
623 3183 722 3262 hujus
743 3182 937 3245 auctoritate
959 3190 1111 3263 tanquam
1125 3184 1167 3246 ab
1181 3181 1324 3248 Ecclesia
1337 3183 1405 3264 eje·

290 3287 378 3342 ctum
401 3279 497 3344 inisse
518 3280 691 3361 Origenem
712 3282 753 3344 ab
773 3301 813 3346 eo
836 3290 979 3364 tempore
1000 3284 1169 3348 ostendere
1182 3273 1329 3350 cenatur.
1348 3283 1403 3348 Ex

289 3380 358 3464 ipso
379 3399 517 3462 namque
537 3381 692 3448 Sermone
712 3383 838 3448 Auctor
851 3383 1006 3465 epistolae
1030 3387 1184 3466 quasdam
1199 3389 1284 3451 circa
1300 3404 1405 3466 aquas

292 3483 477 3564 superiores
500 3483 541 3546 ab
562 3483 770 3551 interioribus
790 3487 906 3550 divisas
922 3486 983 3564 (de
1002 3486 1119 3565 quibus
1140 3488 1172 3550 in
1186 3487 1300 3552 Genesi
1316 3506 1407 3552 men-

293 3585 338 3648 tio
359 3583 405 3658 dt,
427 3601 571 3665 quasque
591 3603 652 3650 suo
673 3585 748 3650 loce
769 3585 999 3665 expendimus)
1021 3586 1128 3666 legens
1150 3605 1264 3668 parum
1286 3589 1326 3651 ab
1347 3607 1404 3652 eo·

289 3685 362 3750 dem
384 3683 504 3749 Basilio
528 3685 678 3762 probatas
706 3677 946 3761 discussiones,
962 3685 1060 3766 buius
1086 3688 1128 3748 ad
1157 3689 1299 3752 litteram
1323 3691 1405 3752 citat

290 3785 403 3858 verba,
426 3803 511 3866 quae
531 3804 607 3848 sane
627 3785 800 3866 Origenem
822 3787 1028 3865 pertingunt:
1052 3780 1166 3878 «ἡμῖν
1182 3783 1215 3856 δὲ
1234 3783 1310 3884 πρὸς
1325 3781 1405 3868 τούς

287 3883 355 3958 o’red
373 3885 432 3966 τῆς
450 3883 650 3966 ’Ecclesiae
672 3879 740 3958 ἐστὶ
760 3881 1320 3977 125to'yogj.e.Nobisautem,ait
1340 3883 1404 3948 Βᾶ-

288 3984 391 4072 silius,
413 3986 544 4064 quidam
564 4003 672 4048 sermo
690 3993 738 4048 est
751 3986 791 4046 ed
806 4003 873 4059 eos,
889 3985 944 4066 qui
958 3993 1033 4050 sunt
1047 3981 1262 4088 absscclesia.
1279 4004 1295 4042 n
1311 3983 1404 4052 llaec

288 4084 386 4147 rerba
409 4085 534 4148 Auctor
555 4086 709 4166 epistolae
730 4087 773 4148 ita
795 4086 964 4165 exposuit:
996 4105 1012 4146 e
1037 4087 1273 4152 attendendum
1300 4105 1404 4167 porro

286 4192 335 4250 est
355 4183 571 4264 auditoribus,
595 4183 724 4250 Patrem
746 4185 803 4250 ilio
826 4185 921 4251 mede
937 4186 1091 4268 loquendi
1107 4203 1223 4256 usum=
1239 4185 1326 4252 nobis
1343 4207 1405 4252 ou·
