3042 4940
308 470 394 534 omni
416 465 571 532 dilatione
586 466 763 548 postposita·
783 463 1104 541 anathematisamus,
1120 471 1253 546 atunes
1270 460 1344 526 sinn
1359 477 1419 522 ua·

309 573 366 636 tris
383 568 546 634 Ecclesiae
561 568 703 632 alienum
722 586 790 632 esse
811 567 1025 632 deceruimus.
1040 566 1145 644 Quem
1167 565 1269 647 igitur
1283 563 1343 626 ista
1357 579 1420 626 mea

310 671 469 738 confessio
490 689 553 733 oon
573 677 663 734 sanat
675 689 686 748 3
709 687 771 733 non
790 667 856 751 jam
887 668 1173 732 chalcedonensem
1194 664 1362 749 synodum
1382 662 1422 724 di-

307 773 390 852 ligit,
412 772 466 836 aad
490 773 600 835 matris
617 769 779 836 Ecclesiae
800 773 905 834 sinum
928 770 1007 834 odit.
1026 767 1058 834 Si
1081 787 1159 850 ergo
1181 787 1217 832 ea
1241 771 1323 846 ipsa,
1346 783 1422 844 quae

307 874 430 938 andere
453 873 625 947 visisunt,
647 871 719 934 zelo
740 872 830 951 loqui
853 873 979 936 animae
1000 875 1311 952 praesumpseruutr
1335 883 1423 944 supe·

309 984 377 1038 rest
398 981 447 1049 ut,
470 974 530 1038 hac
556 972 771 1038 satisfactione
791 981 954 1051 suscepta,
971 973 1009 1034 ad
1033 971 1242 1036 fraternitatis
1265 977 1342 1033 tuae
1361 967 1423 1030 nni·
1506 1029 1507 1058 ,

310 1084 408 1141 tatem
425 1075 577 1153 redeant;
593 1091 692 1156 seque
711 1091 728 1136 a
744 1091 883 1152 corpore
897 1073 1029 1150 Christi,
1047 1073 1138 1155 quod
1161 1081 1209 1138 est
1228 1076 1340 1136 sancta
1361 1070 1422 1134 nui·

310 1177 444 1242 versalis
466 1174 621 1250 Ecclesia,
644 1193 706 1238 nou
728 1176 912 1238 dividant.»

389 1275 431 1340 Et
457 1275 496 1340 nd
518 1273 770 1340 Theodotiudam
805 1277 947 1356 rapinam
969 1274 1009 1340 de
1030 1291 1067 1340 re
1087 1275 1199 1339 eadent
1229 1273 1378 1354 loquitor
1395 1273 1421 1334 in

313 1376 449 1457 epistola
479 1378 646 1454 sequentis
675 1374 932 1451 «Quorumdam
956 1376 994 1438 ad
1017 1393 1074 1440 uos
1096 1376 1254 1440 relatione
1283 1372 1422 1456 persenit

315 1477 356 1540 ab
380 1475 544 1556 aliquibus
565 1475 733 1554 episcopis,
758 1475 893 1553 gloriam
918 1484 1176 1556 aestuamusque
1196 1475 1234 1538 ad
1258 1473 1322 1538 lton
1341 1490 1422 1536 scau·

311 1578 423 1652 delum
454 1587 564 1642 contra
598 1585 739 1643 sanctam
762 1577 940 1644 Ecclesiam
968 1578 1064 1644 inisse
1085 1578 1288 1659 perductam,
1316 1585 1351 1640 ut
1371 1577 1422 1638 sei·
1506 1563 1507 1568 ’

311 1697 400 1762 psam
413 1695 431 1742 a
444 1677 625 1742 catholicae
641 1677 859 1746 unanimitatis
868 1681 1093 1759 communione
1103 1679 1325 1759 suspenderet.
1338 1675 1423 1752 Quod
1506 1699 1507 1716 ι

311 1789 468 1862 quantum
494 1799 549 1845 vos
571 1798 651 1858 pure
674 1777 862 1858 diligimus,
887 1791 1011 1844 tantum
1032 1782 1071 1844 de
1094 1781 1183 1844 voltis
1205 1779 1324 1842 lortius
1344 1779 1422 1842 dola·

310 1901 407 1957 mus,
430 1883 506 1963 quia
531 1899 586 1944 vos
608 1881 763 1960 imperitis
785 1881 958 1961 stultisque
978 1883 1171 1948 -trominilrus
1192 1881 1347 1946 eruditiss
1373 1878 1422 1960 pul
1506 1931 1507 1952 ,

301 2001 375 2060 Ιιιοιι
392 1983 497 2046 selum
521 2001 659 2062 eaquae
681 1982 865 2060 loquuntur
886 1984 1031 2048 nesciunt
1042 2003 1054 2062 3
1075 1984 1130 2050 sed
1153 1983 1209 2046 six
1230 2000 1267 2046 ea
1290 1983 1423 2061 percipe·

309 2101 359 2160 re,
375 2102 460 2163 quae
480 2085 641 2148 audierint
657 2092 799 2162 possunt.
818 2081 935 2154 Dicuttt
951 2086 1033 2149 enirn
1051 2085 1121 2164 piae
1142 2087 1319 2148 memoriae
1333 2081 1424 2148 dasti-

310 2185 395 2258 oiaui
411 2185 607 2264 temporibus
622 2184 733 2265 aliqua
747 2195 858 2254 contra
871 2185 1156 2265 chalcedonensem
1172 2184 1340 2270 synodum
1356 2184 1422 2248 iuis

308 2303 344 2350 se
365 2287 549 2349 constituta:
573 2287 641 2366 qui,
660 2286 737 2350 dum
762 2305 866 2367 neque
887 2288 1010 2368 legunt,
1034 2305 1140 2368 neque
1161 2286 1422 2366 legendumne
1506 2285 1507 2296 ‘

312 2386 405 2464 dunt,
428 2387 547 2467 inipso
570 2405 683 2452 errore
705 2397 857 2462 manent,
880 2407 977 2468 quem
998 2389 1058 2450 sibi
1081 2389 1120 2452 de
1142 2388 1231 2452 uobis
1253 2389 1313 2468 ipsi
1334 2387 1422 2450 fisse·
1506 2371 1507 2380 ἵ

312 2498 399 2552 runt.
416 2487 482 2552 Nos
498 2508 648 2570 namque,
670 2496 747 2552 teste
770 2491 974 2564 conscientia,
1000 2490 1141 2554 latemur
1154 2490 1194 2553 de
1210 2489 1272 2552 tide
1289 2489 1421 2570 ejusdem
1506 2541 1507 2552 ,

310 2589 412 2654 sancti
434 2590 692 2654 chalcedonensis
715 2589 848 2654 Consilii
871 2592 950 2653 nihil
973 2597 1121 2664 motum,
1144 2591 1222 2654 nihil
1243 2607 1313 2654 esso
1335 2589 1422 2650 riola·

313 2701 393 2754 tum.
410 2690 470 2757 Sed
487 2692 644 2772 quidquid
668 2693 822 2770 praedicti
839 2691 1012 2756 iustiniani
1030 2692 1228 2770 temporibus
1248 2700 1357 2757 actum
1370 2699 1420 2760 ests

313 2793 357 2867 ita
379 2803 489 2859 actum
509 2803 578 2869 est,
604 2804 639 2858 ut
660 2793 739 2861 [ides
767 2793 1027 2862 chalcedonensis
1059 2792 1192 2862 Consilii
1216 2794 1247 2856 in
1269 2793 1360 2859 nullo
1380 2808 1422 2856 te·

315 2903 463 2960 xarotur.
487 2893 593 2975 Siquis
615 2903 724 2964 nutum
746 2907 857 2960 ooutra
881 2896 1025 2974 eiusdem
1058 2893 1176 2978 synodi
1198 2895 1293 2958 iidem
1314 2889 1421 2973 aliquid
1506 2941 1507 2968 ,

214 2978 215 2990 ἵ
315 2994 408 3076 lopui
433 2997 620 3076 praesumit,
639 2997 690 3058 vol
712 3015 838 3076 sapere,
856 3015 913 3066 uos
935 2999 1005 3080 ejus
1021 3015 1151 3062 seusana
1170 2997 1232 3062 anit
1252 2999 1422 3062 amincus·
1506 2995 1507 3010 ¹

321 3099 361 3162 iis
383 3100 623 3178 interpositione
644 3098 855 3166 detestemur.

401 3198 500 3272 «Cris
521 3219 600 3281 ergo
615 3201 830 3279 iutegritatem
853 3211 996 3272 nostram
1011 3220 1053 3263 ex
1074 3202 1289 3266 conscientiae
1307 3210 1421 3266 nostran

314 3303 519 3367 attestatione
540 3301 750 3380 cognoscetis,
773 3311 932 3382 superest,
957 3311 993 3364 ιιι
1015 3317 1180 3380 nunqnam
1204 3321 1260 3366 vos
1282 3321 1301 3366 a
1322 3303 1421 3368 csme
1506 3311 1507 3374 i

316 3399 399 3463 licae
421 3398 586 3464 Ecclesiae
607 3404 763 3486 separetis
785 3403 1033 3470 communione:
1056 3420 1096 3466 ue
1118 3412 1165 3466 tot
1188 3411 1315 3468 restrae
1333 3405 1422 3483 laery-

317 3519 389 3567 snee
414 3510 566 3582 tantaque
596 3520 695 3583 opera
722 3503 803 3571 bona
826 3510 971 3582 pereant,
998 3503 1025 3568 si
1048 3520 1065 3567 a
1087 3504 1149 3568 tide
1172 3523 1248 3572 raro
1271 3507 1368 3570 aliens
1387 3504 1423 3564 iu
1506 3543 1507 3548 ι

316 3605 505 3680 puniuntur.
533 3602 630 3668 Decet
652 3623 730 3684 erpo
753 3605 888 3683 gloriam
912 3612 1051 3671 vestram
1076 3607 1115 3669 ad
1138 3609 1423 3672 reverendissimam

315 3702 452 3767 tratrem
473 3713 504 3768 ct
525 3707 751 3784 coepiscopum
785 3723 891 3768 meum
915 3704 1160 3778 Constantium,
1183 3706 1280 3787 cuitus
1310 3715 1340 3768 et
1360 3703 1424 3766 tides

314 3813 348 3869 ot
372 3809 437 3870 rita
459 3807 539 3871 bene
571 3807 648 3872 olim
671 3808 747 3870 mihi
779 3809 957 3888 approbata
981 3815 1049 3884 cst,
1082 3808 1143 3870 suis
1164 3811 1251 3873 omui
1273 3808 1424 3872 eeleritate
1506 3839 1507 3842 =

316 3909 536 3974 transmittere
545 3928 557 3988 3
580 3909 674 3988 eique
696 3907 826 3972 directis
849 3909 963 3972 restris
984 3907 1126 3985 epistolis
1149 3907 1292 3973 iudicare
1313 3905 1424 3972 ordina·

321 4008 438 4072 tionem
460 4008 544 4091 ejus,
576 4016 674 4090 qnam
696 4009 830 4088 benigne
851 4009 1035 4088 suscepistis
1047 4026 1058 4086 ;
1080 4018 1113 4071 ot
1134 4011 1209 4087 quia
1232 4011 1273 4072 ab
1295 4010 1361 4090 ojus
1379 4023 1424 4068 er·
1506 4045 1507 4062 ι

312 4107 438 4172 elesino
459 4110 684 4174 communione
699 4111 731 4174 in
753 4110 846 4174 nullo
867 4110 1068 4189 separamini.
1089 4107 1247 4186 Quamvis
1270 4113 1300 4172 iu
1322 4111 1376 4172 lass
1394 4119 1422 4166 ιι

310 4227 362 4278 ure
391 4208 482 4278 robis
510 4210 678 4294 superfluo
699 4211 807 4282 dicere
828 4213 984 4290 arbitror,
1006 4211 1081 4296 quia
1102 4213 1160 4278 etsi
1182 4211 1261 4294 quid
1282 4213 1312 4276 in
1332 4209 1422 4274 anino
