3186 4946
1197 371 1238 442 29

112 499 194 546 raas
214 478 362 562 epistolar
383 492 412 546 et
435 483 622 564 juramento
642 479 727 562 apud
762 479 942 544 Romanum
966 475 1174 552 Pontificem,
1199 483 1237 540 ut

116 583 393 646 condemnaretur
414 583 581 664 Origenes.
611 582 660 647 Ac
682 582 755 646 ideo
775 581 819 644 ibi
841 580 1061 665 Hieronymus
1081 578 1198 641 citatus
1219 594 1237 640 a

114 682 251 760 Rufino
272 701 335 747 non
356 684 446 760 dicit,
468 701 573 764 neque
590 685 662 747 vult
682 685 739 762 (ut
760 699 898 746 erronee
916 681 1039 762 legitur
1059 681 1091 743 iu
1112 678 1238 758 praela·

117 793 148 847 ta
165 785 343 866 pericopat
365 781 484 849 Urbem
498 784 690 860 Romanam,
713 793 827 848 coacto
842 783 974 858 Senatu,
991 781 1164 860 origenem
1183 780 1239 842 ad·

118 885 188 949 leuc
206 886 368 949 uirentem
390 885 557 950 damnasse
578 903 642 948 oon
653 903 714 966 pru
734 885 914 966 dogmatum
928 881 1066 946 novitate
1083 899 1148 944 ooo
1165 899 1239 962 pro·

110 997 189 1066 pter
209 985 364 1050 decrerim
395 997 456 1050 etc.
488 986 549 1053 Sed
572 985 772 1051 Demetrium
809 987 940 1066 proprie
961 991 993 1048 et
1013 990 1125 1064 aperte
1146 989 1237 1048 notat

115 1087 273 1152 Hullinus
294 1109 334 1152 er
353 1087 542 1175 Hieronymi
566 1089 670 1152 verbis
690 1089 733 1151 ita
756 1089 888 1168 gessisse
910 1093 1021 1150 contra
1042 1087 1147 1166 ipsum
1161 1084 1236 1149 ori·

116 1207 247 1270 genem
273 1188 477 1269 proindeque
491 1171 533 1254 io
554 1209 590 1252 aa
607 1190 758 1270 pericope
779 1186 1018 1252 excludendum
1034 1194 1080 1248 est
1097 1185 1237 1249 vocabu·

117 1288 193 1350 lum
217 1285 330 1365 Homo,
346 1290 395 1352 eei
415 1286 573 1362 Hemone,
594 1291 714 1370 quippe
730 1299 841 1352 contra
862 1288 1017 1352 orationis
1032 1287 1176 1348 ordinem
1198 1285 1236 1356 il7

117 1387 179 1451 luc
201 1389 384 1452 intrusum:
401 1398 433 1452 et
447 1390 520 1453 loco
536 1389 606 1470 ipro
621 1388 790 1454 dicendum
808 1397 857 1452 est
869 1388 934 1470 ipse
949 1388 1030 1452 idest
1042 1385 1237 1450 Demetrius.

116 1485 253 1552 Scilicet
267 1489 298 1550 in
313 1489 384 1570 ejus
405 1489 607 1552 damnatione
622 1492 778 1554 consentit
799 1490 877 1552 urbs
890 1486 1144 1568 (Alexandriae).
1165 1485 1236 1569 lpse

119 1586 311 1654 Demetrius
331 1591 419 1670 cogit
439 1599 550 1654 contra
572 1591 661 1654 bunc
683 1589 899 1670 (origenem)
921 1589 1073 1655 Senatum
1096 1597 1156 1651 etc.

195 1691 246 1754 Ac
259 1709 371 1772 reapse
389 1695 433 1755 ite
447 1693 530 1755 uelle
543 1691 712 1756 Hulonum
726 1693 757 1754 iu
772 1692 834 1754 hnc
851 1691 1067 1772 paragraplro,
1080 1691 1240 1754 instaure-

120 1801 178 1856 tur
199 1793 233 1854 iu
253 1792 463 1873 sequentibus
485 1811 516 1854 n.
536 1789 587 1857 oo.
606 1792 661 1856 ulti
682 1793 722 1856 de
743 1793 854 1857 lutura
870 1791 1019 1870 loquitur
1033 1790 1236 1852 damnatione

117 1909 177 1972 per
195 1891 385 1957 Pontificem
407 1893 691 1966 Anastasium,cui
713 1892 875 1974 subjicere
895 1890 1060 1970 satagebat
1076 1887 1235 1974 Hierony·

122 2013 196 2057 mus
212 1995 362 2076 Origenis
376 2013 545 2074 personam
558 1997 595 2074 (a
616 2013 683 2076 quo
697 1993 783 2074 Papa
800 1993 918 2074 relugit
933 2001 970 2056 ut
986 1991 1068 2054 inlra
1085 1991 1236 2066 diceturl:

121 2093 221 2158 «Sed
242 2113 282 2159 ue
302 2096 432 2160 dilatari
453 2097 567 2172 nimis,
589 2099 647 2172 ait,
668 2113 849 2160 sermonem
871 2111 1044 2159 onerosum
1066 2092 1124 2167 sit,
1147 2091 1237 2154 sulli-
1329 2119 1334 2128 ·

121 2197 213 2260 ciam
232 2199 361 2262 interim
384 2197 475 2276 lraec,
503 2200 535 2261 in
556 2199 674 2278 quibus
694 2214 770 2260 eum
786 2195 982 2276 (origenem)
997 2203 1028 2257 et
1050 2195 1141 2273 quasi
1162 2211 1239 2274 apo-

119 2299 247 2362 stolum
262 2299 375 2362 laudat
390 2306 422 2362 et
438 2298 601 2363 Ecclesiae
621 2299 835 2380 magistrum3
860 2304 892 2359 et
912 2299 988 2376 quia
1005 2312 1067 2359 nou
1082 2313 1141 2376 pro
1156 2293 1235 2370 fide,

121 2416 187 2461 nou
212 2415 272 2478 pro
293 2399 479 2478 dogmatum
502 2403 643 2463 novitate
665 2408 702 2464 ut
723 2399 825 2461 rabidi
848 2414 933 2462 nuuc
954 2413 1048 2458 canes
1068 2394 1235 2468 simulent,

118 2499 282 2562 adsersus
296 2518 372 2562 eum
394 2509 566 2564 moveatur
579 2498 670 2563 Ordo
692 2497 868 2564 Romanus.
884 2516 901 2554 a
918 2495 996 2558 ltem
1018 2497 1048 2558 iu
1070 2514 1100 2557 n.
1115 2491 1167 2558 ³5.
1182 2493 1238 2555 ed·

121 2599 191 2663 dit:
211 2597 425 2665 «vemstmtto
453 2609 503 2665 est
522 2610 560 2666 ut
580 2600 729 2666 eumdem
753 2608 788 2662 tu
808 2607 840 2662 et
861 2598 1063 2662 defensorem
1083 2595 1236 2658 adhibeas

121 2709 155 2764 et
173 2719 280 2764 reum
297 2701 474 2765 Auctorem
491 2703 565 2765 lacti
589 2703 635 2766 tui
658 2701 778 2764 haltere
793 2710 883 2780 potes
904 2717 992 2768 eum,
1014 2715 1113 2778 quem
1127 2703 1159 2760 et
1174 2697 1239 2775 pri·

120 2819 197 2867 mus
218 2806 285 2884 ipse
300 2805 503 2878 condemnas,
518 2814 551 2868 et
565 2803 604 2866 ad
623 2802 919 2868 condemnationem
932 2800 1003 2880 ejus
1018 2798 1159 2878 epistolis
1176 2797 1237 2859 tuis

122 2902 309 2968 Romanum
331 2907 417 2985 cogis
437 2906 601 2972 Senatum.
616 2923 632 2964 a
649 2903 743 2984 Cogis
762 2903 885 2966 scilicet
899 2899 1031 2965 Clerum
1054 2898 1237 2963 Romanum

121 3003 221 3068 sicuti
242 3004 419 3084 aliquando
448 3005 604 3069 adversus
627 3005 775 3068 eumdem
808 3001 981 3082 origenem
1003 2998 1186 3062 Demetrius
1207 2997 1239 3060 in

121 3102 343 3170 Alexandriae
365 3108 446 3172 urbe
467 3111 572 3188 coegit
592 3109 759 3187 episcopos
780 3114 812 3170 et
832 3103 1038 3185 presbyteros
1059 3102 1221 3165 nonullos.

203 3205 235 3270 st
249 3209 333 3271 euim
356 3210 488 3288 iusuper
505 3206 736 3292 Hieronymus,
759 3212 882 3268 mutate
899 3203 939 3266 de
953 3187 1093 3282 Origene
1113 3210 1239 3265 seuten-

124 3307 180 3380 tia,
206 3309 357 3384 uouisset,
382 3307 500 3389 Papam
521 3311 589 3372 sire
610 3307 788 3372 Fabianum
810 3307 878 3370 siae
898 3306 1000 3369 alium
1023 3312 1098 3366 tuuc
1120 3301 1238 3366 Homa-

122 3424 197 3471 num
212 3418 376 3488 regentem
390 3407 567 3474 Ecclesiam
589 3410 816 3473 condemnasse
830 3407 1025 3488 Origeuem;
1041 3405 1097 3470 ille
1116 3405 1147 3467 in
1162 3401 1238 3482 Epi·

123 3507 210 3572 stola
230 3507 281 3578 84.
303 3509 343 3572 ud
367 3510 607 3574 Pammaclrium
629 3519 662 3574 et
694 3511 880 3582 Oceanum,
910 3512 953 3571 ad
969 3508 1000 3569 iu
1024 3506 1126 3568 tribus
1146 3503 1238 3564 libris

124 3618 239 3673 contre
263 3609 517 3687 antonomum
540 3621 607 3676 toto
627 3613 736 3676 studio
761 3609 889 3673 vellicat
903 3607 1090 3686 origenem,
1107 3593 1238 3666 errores

124 3719 237 3774 notans
257 3721 333 3775 tunc
347 3722 379 3776 et
399 3724 493 3778 autea
508 3714 688 3789 damnatos,
704 3713 789 3776 haud
807 3711 869 3775 lroc
893 3707 1050 3773 omisisset
1074 3703 1237 3768 Ecclesiae

126 3808 292 3875 Humanae
313 3813 479 3878 decretum
509 3813 705 3895 quandoque
726 3795 882 3876 adsersus
903 3828 979 3874 eum
1005 3810 1177 3872 emissumr
1199 3823 1239 3867 ac

127 3913 276 3992 prolecto
298 3913 360 3977 lroc
380 3915 473 3978 alteri
490 3917 736 3996 praemisisseta
753 3911 933 3993 Theophilo
951 3911 1085 3974 educito.
1101 3907 1238 3972 oemum

126 4016 283 4076 nemiuem
304 4016 404 4078 lateat
424 4018 553 4080 citatam
576 4017 760 4096 pericopem
782 4033 844 4078 uon
866 4015 1003 4093 reperiri
1033 4013 1064 4074 iu
1089 4017 1237 4090 quatuor

127 4113 300 4179 Codicibus
322 4113 483 4181 Vaticanis
495 4138 505 4195 ;
528 4121 584 4198 qni
605 4118 688 4182 duos
710 4118 873 4181 continent
899 4113 1019 4178 Rudini
1040 4112 1142 4175 liltros
1164 4124 1240 4172 cou-

129 4225 176 4280 tra
200 4215 456 4299 Hieronymum,
479 4219 621 4286 breviori
643 4219 736 4283 valde
756 4235 905 4284 sermone
924 4215 1112 4298 expositos,
1133 4227 1235 4293 qnam
