2994 4938
319 348 380 421 etit

313 454 587 535 blasphemiarum
606 447 795 514 vulneribus
816 453 985 522 scatentes,
1000 462 1062 510 non
1078 454 1116 510 ut
1133 447 1244 524 alieni,
1265 447 1320 510 sed
1337 451 1416 529 quast

316 558 366 622 sui
388 565 419 622 et
440 556 595 636 leguntur
616 561 648 616 et
670 557 842 630 amantur3
875 558 933 626 ut,
956 547 1014 612 etsi
1037 549 1203 612 inerrare
1225 547 1418 628 concipiendo

315 659 464 738 origenis
484 674 547 720 non
568 655 630 720 luit
650 671 784 728 sensus,
813 651 851 713 ad
874 668 1020 714 errorem
1044 657 1149 713 tamen
1171 648 1416 730 persuadendum

315 759 493 824 auctoritas
509 759 619 821 vetere
641 754 800 818 rideatur.
818 771 833 812 n
852 750 940 816 lleee
958 750 1053 815 verba
1076 752 1241 830 explicant
1261 761 1293 814 et
1314 749 1417 815 enuit·

316 869 415 937 ment,
438 877 522 941 quae
544 856 730 921 Anastasius
752 856 813 918 rite
834 853 988 916 indicarit
1007 849 1123 916 Jeauni
1145 850 1418 937 hierosolymitano

314 961 353 1026 de
376 963 521 1024 versione
540 957 638 1022 latina
664 953 865 1020 Petarenos.

253 1097 258 1104 ,
393 1059 454 1126 Sed
478 1069 512 1124 et
535 1060 743 1122 veliementer
767 1073 825 1118 nes
846 1058 964 1134 urgent
982 1049 1022 1114 ad
1045 1050 1256 1117 dubitandum
1282 1054 1323 1118 de
1348 1055 1418 1118 sole·

316 1165 379 1226 mni
402 1163 559 1227 Anastasii
588 1158 694 1242 Papae
714 1159 927 1241 pronunciata
952 1153 1108 1218 sententia
1138 1154 1298 1220 adversus
1317 1155 1417 1237 Orige

316 1283 410 1341 nem,
433 1273 504 1328 aeta
526 1263 645 1348 Synodi
677 1261 793 1325 tertiae
825 1255 1053 1322 oecumenicae
1072 1255 1265 1334 ephesinaer
1290 1258 1345 1321 nbi
1364 1258 1419 1338 epi·

314 1369 402 1447 scopi
425 1366 480 1445 qui
503 1369 731 1438 conveneram,
755 1362 787 1423 in
809 1359 881 1420 fidei
903 1355 1298 1438 emissienatrequentius
1319 1359 1420 1422 adrer-

315 1483 371 1530 sus
393 1466 583 1540 haereticos,
599 1463 630 1525 in
648 1463 685 1525 iis
698 1461 912 1526 enunciarunt
932 1457 1062 1534 Arium,
1076 1455 1287 1537 Ennomium,
1311 1459 1420 1541 Apolli·

317 1583 441 1640 nerent,
467 1565 656 1642 sabellium,
680 1563 866 1641 Photinum,
889 1560 1028 1626 Paulum
1050 1574 1304 1640 samosatenum,
1326 1561 1420 1628 Mane·

316 1674 394 1744 tem,
411 1665 631 1742 Valentinum,
654 1665 865 1744 Marcionem,
882 1667 1001 1748 quibus
1023 1667 1213 1749 adjecerunt
1232 1663 1417 1730 Nestorium.

316 1769 367 1832 Ab
392 1770 454 1832 hoe
475 1785 624 1844 numero,
641 1768 855 1849 praesumptis
880 1769 1028 1849 Origenis
1051 1770 1157 1848 pranis
1181 1769 1328 1832 sensibus
1342 1785 1419 1848 prae·

190 1903 194 1910 Δ
317 1868 430 1936 sertim
450 1874 561 1933 eontte
587 1867 645 1932 llei
672 1867 803 1945 Filium,
821 1887 884 1932 non
910 1867 1102 1935 videbantur
1122 1869 1327 1935 excindenda
1345 1870 1421 1934 istius

315 1989 431 2034 nomen
452 1978 484 2032 et
503 1977 600 2033 secta.
623 1967 739 2050 quue
770 1971 882 2049 magis,
905 1971 992 2050 qnod
1024 1973 1082 2053 ipsi
1099 1990 1237 2054 quoque
1270 1971 1418 2036 Patresin

314 2070 443 2152 Synodo
465 2059 593 2134 decreta
616 2070 788 2134 firmarunt
802 2071 958 2136 adversus
980 2070 1146 2153 Pelagium
1167 2078 1202 2136 et
1222 2070 1416 2146 coelestium,

317 2175 373 2254 qni
396 2172 437 2236 ab
458 2173 547 2236 initio
570 2171 669 2252 hujus
694 2172 795 2238 seenli
819 2171 857 2236 V.
882 2175 914 2238 ie
936 2174 1050 2254 dogma
1072 2173 1271 2239 entholtenm
1293 2175 1418 2238 insurre-

315 2281 442 2339 serane
466 2272 609 2355 ideoque
628 2293 703 2339 enm
720 2273 833 2339 Patres
853 2293 963 2340 omnes
985 2276 1144 2341 Anastasii
1167 2275 1276 2356 Papae
1296 2283 1417 2341 aetatem

317 2376 480 2456 attigerint
492 2395 502 2453 ;
531 2377 674 2456 itemque
705 2393 780 2440 eum
811 2377 991 2441 nullimode
1013 2373 1067 2442 ees
1093 2378 1191 2460 liujus
1211 2375 1373 2442 Pentitieis
1387 2377 1420 2439 sit

315 2476 585 2557 praesumendum
601 2479 764 2557 ignorasse
777 2483 896 2542 statuta
912 2479 943 2540 in
958 2477 1100 2544 Eeelesla
1117 2480 1298 2559 preposita,
1308 2488 1339 2544 et
1352 2475 1417 2540 illud

315 2579 457 2640 maxime
471 2585 582 2642 eontra
596 2575 770 2657 Origenem
782 2585 814 2641 et
829 2581 1018 2659 origenistas
1033 2577 1168 2655 editum,
1180 2579 1279 2644 ratde
1289 2578 1418 2644 dubitan-

260 2676 264 2686 '
318 2680 395 2744 dnm
411 2687 476 2755 est,
500 2679 559 2743 hee
580 2681 700 2742 intenta
725 2677 857 2744 Patrem
879 2681 1061 2757 omissione,
1077 2697 1117 2743 an
1132 2679 1322 2746 Anastasius
1337 2679 1416 2743 talem
1469 2733 1471 2738 .

317 2781 475 2845 adsersus
497 2781 555 2844 hes
577 2780 753 2860 obsignarit
772 2780 1021 2858 damnationem,
1043 2780 1173 2868 qualem
1192 2781 1361 2849 rideretur
1376 2779 1418 2842 de·

317 2884 469 2962 ererlsse,
493 2884 682 2964 urgentibus
702 2881 883 2964 'theophilo
898 2890 931 2947 et
945 2881 1153 2967 Hieronymo.

396 2986 475 3049 ltem
496 2985 712 3048 invalescente
733 2983 921 3066 Eutychetis
944 2985 1081 3060 haeresi,
1104 2985 1246 3050 adunata
1267 2992 1315 3052 est
1334 2983 1417 3068 Spe

315 3087 377 3158 dns
397 3088 603 3160 oecumenica
630 3083 684 3148 lV.
710 3085 992 3150 chalcedonensis:
1018 3088 1072 3150 nbi
1100 3084 1211 3150 Patres
1232 3093 1266 3150 et
1287 3085 1349 3150 Leo
1368 3083 1414 3147 Ρι-

269 3191 273 3198 “
316 3203 356 3269 pa
379 3195 525 3252 veterum
546 3189 733 3251 innovantes
755 3187 884 3252 deereta
914 3187 1070 3252 adversus
1090 3188 1272 3254 traerotteos
1289 3201 1416 3270 praesen

316 3291 372 3352 tim
395 3289 512 3356 Christi
528 3289 688 3353 divinitati
711 3293 872 3364 mentitos,
896 3290 936 3351 ab
953 3290 1142 3353 eorumdem
1164 3307 1302 3354 numere
1323 3287 1415 3354 exelu-

317 3393 397 3456 dnnt
420 3391 605 3471 Origeuem.
634 3390 704 3458 Nee
732 3393 863 3471 insuper
888 3389 954 3454 Leo
976 3391 1134 3456 Anastasii
1163 3392 1330 3458 decretum
1353 3389 1414 3452 eitat

316 3502 428 3556 centra
455 3493 604 3555 eumdem
626 3499 658 3556 et
679 3493 779 3575 ipsius
802 3492 904 3557 libros
933 3495 965 3557 in
993 3494 1129 3574 epistola
1157 3493 1314 3558 adsersus
1333 3488 1415 3554 mani·

314 3595 445 3670 ulraeos,
468 3611 609 3674 qnorum
631 3611 761 3657 errores
784 3594 879 3656 iidem
901 3595 1042 3674 reputati
1064 3597 1151 3672 sunt,
1168 3613 1250 3675 quos
1272 3591 1414 3657 docuisset

251 3699 255 3710 '
315 3694 484 3776 Origenes,
505 3697 555 3759 nti
578 3695 686 3759 ridere
708 3702 755 3758 est
775 3695 806 3757 in
827 3696 1103 3759 anathematismis
1118 3713 1136 3758 a
1154 3695 1281 3759 llansie
1301 3695 1330 3756 in
1348 3691 1414 3769 Sep

314 3797 478 3879 plemento
498 3793 719 3862 Consiliorum
742 3795 833 3858 editis
855 3804 887 3859 et
907 3796 948 3858 ab
968 3797 1038 3877 ipse
1059 3794 1213 3860 Pontifiee
1235 3794 1400 3875 designatis.

327 3927 332 3941 ·
393 3895 549 3961 Similiter
570 3895 663 3961 Felix
685 3895 797 3960 deinde
821 3894 906 3978 Papa
929 3896 1064 3960 Petrum
1092 3895 1264 3960 Fullonem
1286 3892 1411 3970 eornptt.

314 3997 401 4078 qued
425 4005 572 4062 veterum
595 3997 835 4062 haeretieorum
858 3999 1027 4078 amplexus
1058 3999 1099 4062 sit
1130 3999 1327 4078 impietates,
1347 3991 1411 4056 idest

313 4097 487 4176 Valentini,
510 4097 696 4176 Marcionis,
713 4095 871 4175 Basilidis,
893 4098 1032 4175 Plautini,
1051 4099 1199 4172 Adsuetis,
1216 4099 1297 4176 Arii,
1319 4090 1409 4160 Sabel·

314 4199 363 4278 lii,
379 4197 588 4283 Apollinaris,
606 4198 699 4267 Pauli
714 4201 918 4281 samosateni,
937 4202 1085 4282 Artemii,
1102 4199 1255 4269 Nestorii.
1279 4199 1408 4264 Attamen
