3066 4950
102 531 159 577 sus
180 509 391 597 eutychianos
412 516 541 596 ignorat
571 532 676 580 nemu.
701 513 742 580 iti
763 519 871 579 umen
893 505 941 578 tot¹
967 527 1215 594 aerumnarum,

102 625 152 680 int
171 615 300 697 egregie
322 617 484 684 lautorum
514 619 735 698 praeludium,
757 617 782 682 sl
805 625 932 682 veteres
953 603 1217 700 recentioresque

100 720 278 798 scriptores
308 719 472 798 audimus,
504 723 657 786 luctuose
689 719 763 784 lidei
785 720 929 800 proditio
959 719 1031 804 luit.
1066 715 1218 786 erulur

102 817 277 901 Poutllex;
313 823 563 904 induciturque
585 829 738 904 tauquam
767 821 947 903 sacrilegae
974 821 1215 912 nundinationis

104 935 194 998 reus,
209 923 266 1003 qui
289 923 414 1003 pudore
436 920 521 987 omni
538 925 728 1004 postposito,
745 923 821 986 luite
844 939 919 986 com
935 923 1107 986 haereticis
1127 919 1216 988 uela·

106 1023 154 1086 riu
174 1023 343 1100 societate,
366 1023 564 1105 proculcatis
589 1023 753 1088 Ecclesiae
782 1022 920 1104 legibus,
943 1023 1072 1104 ejurata
1094 1019 1216 1107 Synndl

102 1121 368 1188 chalcedonensis
389 1123 464 1200 lide,
483 1119 662 1188 Romanurn
682 1123 796 1188 Sedcru
818 1125 983 1187 invaserit.
1002 1123 1111 1204 biduo
1130 1121 1213 1186 hieu

103 1222 231 1288 uincula
244 1224 311 1306 tnui
328 1224 359 1288 in
378 1226 449 1308 eius
463 1229 593 1294 nomine
613 1225 659 1288 sic
674 1225 789 1289 insedit
809 1225 1085 1304 inveteravitque,
1101 1231 1139 1287 ut
1151 1223 1216 1314 *qui

100 1323 143 1388 ds
162 1323 234 1406 ejus
254 1320 464 1390 Pontificatns
484 1327 582 1390 initiis
608 1325 705 1390 aliter
724 1327 853 1401 sentiet,
866 1324 1036 1388 'nemiuem
1058 1323 1155 1387 lindie
1176 1339 1215 1388 u-

101 1443 180 1490 uuua
200 1442 271 1492 esse
291 1425 496 1508 pereniter
517 1435 578 1504 cst,
595 1428 713 1505 intuor,
737 1427 892 1490 invidiosa
907 1431 1021 1491 contra
1042 1440 1153 1490 omues
1167 1425 1216 1489 ui·

103 1529 141 1606 ti,
162 1531 406 1610 sententiaeque
427 1532 590 1594 communi
613 1529 804 1594 reclamare.
824 1528 945 1594 Verum
960 1529 1006 1608 id,
1022 1528 1048 1594 si
1068 1528 1215 1612 postulet

103 1631 251 1694 veritatis
272 1644 378 1705 umor,
409 1618 594 1712 agaturqus
626 1631 818 1712 pracsertim
850 1637 1044 1711 pinguorum
1066 1631 1217 1696 virorum

102 1734 202 1808 tamn,
217 1751 312 1798 nemu
333 1729 487 1798 cordatus
502 1736 729 1815 reprehendet.
756 1733 869 1814 lisque
891 1719 1065 1814 impaciens
1080 1733 1215 1798 sanctis·

99 1837 184 1898 simo
198 1834 303 1918 Pspse
324 1835 520 1902 calumniam
537 1838 731 1918 propulsare
751 1837 894 1918 suscepit
909 1833 1131 1913 Constantios,
1147 1851 1214 1920 quu

102 1937 231 2002 untione
249 1941 360 2021 prucis
377 1941 536 2004 indicabo.

181 2036 340 2104 «Parum
374 2040 470 2104 babet
493 2043 542 2104 vir
563 2040 679 2104 doctus
704 2038 819 2103 lsldori
841 2038 958 2104 litteris
978 2043 1012 2102 et
1033 2036 1216 2104 Pseudo-dr

99 2140 194 2215 nansi,
215 2141 284 2204 sire
306 2140 394 2205 Libri
412 2141 615 2216 ,rontincsiis
636 2141 816 2205 narrationi
838 2139 933 2203 iidem
956 2139 1125 2221 derogare.
1150 2138 1216 2206 Ex·

99 2242 213 2324 pendit
234 2250 402 2322 praeterea
423 2244 645 2308 africanorum
676 2244 874 2324 scriptorum
900 2239 1044 2305 Facundi
1075 2241 1215 2305 bermin-

97 2343 217 2422 nemis,
233 2335 373 2410 Victoris
396 2349 584 2411 tununensis
605 2347 848 2426 cpiscoporum,
867 2357 899 2406 et
921 2343 1064 2408 Liberali
1086 2344 1216 2407 curtlia·
1254 2398 1269 2426 χ

100 2445 239 2526 gisonis
252 2445 386 2510 ‘diaconi
407 2446 447 2510 de
471 2443 588 2527 vigilio
610 2446 707 2510 dlcts.
730 2443 801 2509 lloc
822 2446 906 2507 enim
923 2443 1055 2509 cardine
1078 2448 1151 2536 tutu
1169 2444 1216 2506 ln·

98 2546 179 2610 buia
202 2549 353 2612 vertitur.
380 2542 518 2622 Eorum,
538 2547 622 2623 dicu,
649 2549 887 2612 orlrnicationes
915 2549 1055 2611 rimetur
1074 2545 1215 2627 penitus,

100 2665 223 2729 eosque
245 2657 313 2713 tnui
337 2652 424 2714 iuter
443 2669 490 2724 sc,
514 2657 581 2712 tum
604 2652 702 2712 atium
725 2656 757 2712 et
779 2666 852 2712 corn
876 2648 947 2712 aliis
972 2648 1125 2713 historiae
1146 2665 1216 2713 mo·

101 2752 264 2816 pumentia
285 2753 433 2827 collatas,
451 2750 596 2814 lunditns
617 2751 746 2814 evertit.
764 2739 811 2812 bd
829 2751 908 2812 baec
931 2751 1113 2832 investigat,
1129 2769 1215 2831 qnae

99 2853 232 2919 Silrerii
246 2857 277 2915 io
293 2854 428 2918 exilium
448 2852 588 2933 pellendi
610 2869 705 2915 causa
721 2873 730 2915 z
747 2869 832 2932 qnae
849 2849 956 2931 vigilii
971 2852 1003 2913 in
1018 2852 1090 2932 eius
1105 2853 1215 2917 locum

101 2955 315 3037 promovendi
332 2957 439 3035 ratini
462 2973 548 3037 quae
572 2948 781 3019 l’notitloatus
802 2953 891 3016 initia
907 2973 916 3015 r
933 2952 1051 3034 quibus
1073 2955 1217 3019 auotori-

103 3059 179 3134 bus,
193 3066 226 3123 et
245 3077 312 3139 quo
326 3066 471 3138 ternpore
487 3053 611 3122 reoveri
626 3061 771 3138 coeperit
785 3057 825 3118 de
851 3057 954 3119 tribus
969 3054 1127 3139 Capitulis
1141 3076 1216 3121 cou-

100 3161 286 3239 troversia3
308 3159 385 3240 quid
407 3161 438 3222 iu
462 3160 509 3225 bis
531 3159 636 3240 primo
658 3156 875 3230 detondendis,
893 3156 1007 3220 deinde
1028 3156 1215 3222 damnandis

101 3263 188 3324 idern
203 3260 352 3325 Pootilcx
374 3261 432 3324 sibi
448 3260 668 3340 proposuerit.
693 3256 772 3338 Ejus
787 3257 926 3338 denique
941 3268 1028 3338 gesta
1043 3259 1150 3322 uronis
1167 3277 1217 3322 se·
1253 3261 1255 3266 ’

100 3363 184 3426 dulo
204 3361 342 3436 excutit,
364 3377 456 3425 suoru
477 3361 611 3440 singulis
639 3357 903 3438 chronologicam
925 3365 1033 3421 notaui
1055 3361 1214 3440 assignst3

99 3471 192 3530 certa
207 3465 248 3527 sb
269 3465 411 3540 incertis,
429 3480 504 3528 vera
520 3476 538 3526 n
554 3461 644 3525 lalsis
665 3468 820 3524 accurste
841 3461 979 3524 secernit
989 3479 1001 3541 3
1016 3469 1114 3543 etqua
1137 3462 1217 3528 bsee

97 3565 193 3630 varia
214 3565 346 3628 criticae
376 3568 423 3628 rei
445 3574 637 3645 argumenta
667 3565 713 3628 sic
735 3563 774 3626 ad
796 3578 932 3627 examen
955 3572 1061 3639 vocnt,
1086 3563 1215 3631 nullum

98 3676 139 3730 ut
159 3667 213 3742 eit,
229 3666 313 3730 uude
335 3683 397 3728 nou
419 3663 540 3747 aliquid
563 3666 604 3728 sd
626 3666 808 3731 calumniae
823 3652 1078 3730 confutationem
1100 3673 1218 3730 extun-

99 3771 168 3832 dat.
187 3765 336 3846 Quarum
357 3768 596 3833 calumniarum
617 3777 771 3831 auctores
790 3769 964 3846 acephalos
986 3775 1019 3832 et
1041 3770 1140 3832 triuur
1158 3765 1218 3832 Cn·

98 3871 283 3952 pitulorum
305 3870 490 3934 delcosorcs
510 3877 665 3932 accusate
685 3877 835 3948 quosque
857 3869 989 3949 insu'per
1010 3869 1218 3949 reprehendit

100 3983 259 4050 tauquam
274 3989 334 4033 uec
356 3969 477 4034 idoneis
493 3969 582 4032 illics
596 3969 667 4031 seri
685 3969 899 4043 monimentis,
916 3971 1014 4032 immo
1035 3987 1094 4033 neu
1107 3989 1217 4032 secum

99 4073 178 4154 ipsis
207 4069 378 4135 Facundus
398 4073 430 4133 tn
451 4071 564 4152 prioris
583 4080 616 4133 et
637 4065 805 4135 Liberatus
827 4063 993 4134 conciliari
1014 4081 1158 4152 possunt.
1181 4091 1198 4128 n

184 4169 289 4236 Verbr
306 4191 406 4252 perro
421 4169 588 4252 blouplnet
607 4172 694 4235 circe
711 4163 817 4252 vigilii
833 4169 938 4252 Papae
954 4180 1039 4251 gesta
1062 4189 1102 4234 er
1119 4173 1218 4252 ipsius

98 4275 283 4441 Constantii
304 4273 433 4441 exal,
454 4277 487 4342 lu
507 4273 709 4340 Bibliotheca
732 4272 884 4340 Vaticana
906 4276 973 4340 sitis
990 4272 1161 4442 Volugiue
1179 4273 1215 4336 V.

252 4377 294 4440 ol.
364 4423 372 4438 .
