3042 4940
395 476 411 515 n
428 451 584 520 Scribente
598 450 752 536 Principe
765 463 877 520 contro
892 455 1055 537 acephalos
1068 455 1106 520 in
1119 453 1327 538 defensionem
1340 447 1423 534 sin

312 556 347 622 di
360 556 625 633 chalcedonensis,
638 558 786 622 accedens
799 556 881 622 idem
898 557 1073 621 Theodorus
1096 555 1268 638 Cappadox
1283 576 1348 620 uno
1363 575 1422 618 cun

311 657 378 724 auis
400 658 598 734 satellitibus,
617 657 673 740 qui
692 659 748 724 sub
770 659 894 722 nomine
911 659 1063 723 catholico
1082 653 1241 739 acephalis
1262 657 1421 734 studebant,

311 779 384 824 curn
407 759 581 824 Theodorae
601 769 754 838 augustae
767 762 879 841 [acore
899 758 1089 840 imperatori
1110 757 1281 839 suggessit,
1300 757 1421 820 scriben-

310 861 346 924 di
366 862 498 926 laborem
513 879 577 923 non
598 880 667 924 eum
687 861 789 924 dehere
800 860 883 941 pati,
906 863 1032 944 quando
1047 860 1228 941 compendio
1245 869 1350 942 posset
1367 877 1424 922 oce·
1500 909 1501 922 ,

306 962 421 1044 pholoe
442 979 546 1024 onnes
567 963 610 1024 od
629 980 719 1024 suurn
740 960 988 1026 communionem
1018 963 1181 1025 adducere.
1202 959 1364 1042 Siquidem
1381 956 1423 1020 illi

314 1061 443 1144 (inquit)
465 1062 521 1124 hoc
540 1063 740 1144 offenduntur
761 1061 798 1127 in
812 1059 937 1144 Synodo
958 1061 1209 1139 chalcedonensi,
1221 1063 1310 1144 quod
1329 1061 1424 1124 tanda
1500 1075 1501 1108 1

311 1161 446 1246 suscepit
462 1161 613 1226 Theodori
626 1163 834 1244 mopsuesteni
845 1163 981 1246 episcopi
981 1209 994 1241 ,
1008 1163 1246 1246 Epistolamque
1256 1160 1346 1236 tuse,
1356 1177 1424 1242 guae

306 1283 367 1348 per
387 1263 493 1329 omnia
520 1263 704 1330 nestoriano
724 1284 787 1330 esee
815 1265 1026 1347 cognoscitur,
1050 1263 1194 1345 Sunodus
1224 1264 1297 1346 ipsa
1312 1260 1422 1346 iudicio

311 1386 368 1432 suu
384 1364 646 1447 pronunciaverit
665 1365 884 1430 orthodoxam.
903 1365 968 1446 Qut
985 1365 1176 1442 Theodorus,
1198 1366 1229 1428 si
1249 1385 1323 1428 cunr
1342 1362 1423 1426 dictis
1500 1367 1501 1402 ³

311 1467 379 1534 suis
399 1478 427 1532 et
447 1469 506 1531 hac
526 1467 672 1548 Epistula
701 1469 996 1547 anachematizatur,
1018 1479 1170 1552 tanguam
1190 1476 1362 1532 retractato
1378 1463 1424 1544 St·

310 1571 414 1636 nudus
434 1579 526 1651 atque
537 1580 690 1651 purgato,
711 1569 900 1652 suscipietur
920 1571 958 1634 ab
973 1569 1018 1636 eis
1034 1589 1092 1652 per
1114 1567 1220 1634 omnia
1234 1579 1266 1634 et
1285 1569 1324 1634 in
1338 1565 1424 1630 ornn-

314 1675 386 1750 bus,
409 1671 519 1736 cteine
536 1671 663 1754 pietatis
677 1684 797 1738 oestrus
822 1673 928 1744 labore
950 1671 1106 1738 Ecclesiae
1132 1671 1313 1738 Catholicae
1340 1668 1424 1734 tocie

311 1775 349 1852 ti,
370 1775 523 1856 gaudente
552 1774 730 1839 uniuersali
751 1776 907 1851 Ecclesia,
935 1777 1115 1840 clementiae
1143 1785 1268 1839 uestrae
1289 1776 1359 1838 laus
1375 1771 1425 1834 erit

314 1874 515 1956 sempiterna.
548 1875 636 1941 Haec
657 1878 789 1942 audiens
819 1877 1014 1961 imperator,
1036 1886 1068 1942 et
1099 1877 1210 1940 dolum
1244 1875 1423 1939 dolosorum

314 1978 444 2043 minime
460 1979 667 2058 prospiciens,
689 1980 924 2060 suggestionem
949 1997 1064 2044 eornm
1085 1979 1224 2042 libenter
1245 1976 1380 2058 accepit,
1398 1979 1424 2034 et

319 2077 383 2141 boc
403 2096 438 2142 sa
458 2077 565 2142 lacere
587 2081 822 2159 promptissime
843 2079 1023 2159 spopondit.

398 2173 490 2240 «set
508 2197 621 2241 rursus
638 2179 684 2240 illi
700 2179 815 2242 callida
838 2179 953 2244 lennde
975 2188 1132 2260 rogarunt
1146 2195 1235 2251 enm,
1255 2181 1293 2240 ut
1306 2173 1425 2237 dictaret

284 2332 286 2338 ,
312 2273 435 2339 librum
463 2276 494 2338 in
517 2277 752 2342 damnationem
777 2280 875 2342 trium
898 2277 1148 2359 capitulorum:
1173 2295 1240 2356 qno
1262 2275 1348 2338 libro
1366 2272 1425 2352 ejus

315 2375 403 2471 edito
424 2385 456 2440 et
479 2379 535 2442 toti
558 2381 677 2442 mundo
700 2380 880 2457 manifesto,
900 2382 977 2444 dnm
999 2379 1170 2444 emendare
1186 2377 1342 2456 Princeps
1361 2391 1424 2438 ern·

316 2477 429 2554 bescit,
451 2479 674 2545 irrevocabilis
703 2483 923 2546 consederet.
948 2482 1096 2548 Sciebant
1124 2482 1222 2555 enim,
1255 2477 1423 2558 Principem

316 2579 411 2644 solitu
447 2581 577 2661 pietate,
598 2583 751 2646 scandalo
782 2591 977 2664 emergente,
1009 2584 1198 2647 sententiam
1230 2598 1325 2644 suam
1346 2591 1424 2656 posse
1500 2601 1501 2610 ¹

316 2679 479 2759 corrigere
500 2699 635 2762 seseque
656 2683 694 2744 ad
718 2683 901 2763 periculum
925 2685 1105 2763 pervenire.
1129 2681 1254 2746 Annuit
1275 2681 1321 2745 eis
1349 2678 1425 2742 Prin

316 2794 403 2858 nepe,
426 2791 460 2844 et
480 2781 542 2846 boc
561 2801 595 2846 se
616 2782 721 2846 laetas
742 2783 877 2863 implere
900 2784 1055 2866 promisit.
1070 2781 1110 2846 Et
1127 2783 1314 2863 relinquens
1334 2778 1424 2858 operis

318 2881 369 2962 sni
389 2882 545 2958 studium,
569 2887 716 2948 nnumin
733 2885 969 2948 damnationem
993 2888 1091 2948 trium
1114 2882 1343 2964 Capitulornm
1361 2894 1424 2942 con·

322 2979 402 3043 didit
423 2979 570 3061 Librum,
593 3000 653 3064 pro
675 2984 798 3048 delictis
821 2986 937 3048 nostris
958 2986 1106 3048 omnibns
1127 2983 1374 3046 notissimum.»

401 3080 544 3148 Praeviis
565 3086 736 3150 amborum
759 3085 903 3150 Facundi
923 3095 957 3150 et
982 3085 1122 3150 Liberati
1151 3080 1424 3149 contestationibus

317 3183 349 3246 in
371 3183 468 3248 trium
497 3184 724 3263 Capitnlornm
746 3186 941 3264 defensione,
966 3187 1114 3268 proiecto
1135 3186 1162 3248 si
1182 3181 1366 3264 accipienda
1386 3180 1425 3242 io·
1500 3181 1501 3276 i

317 3292 400 3357 rent,
421 3303 505 3366 quae
527 3283 585 3364 ipsi
606 3295 763 3367 putarunt
783 3288 823 3350 de
845 3289 893 3353 bis
914 3287 1157 3368 quaestionibus
1179 3302 1218 3348 ac
1249 3280 1423 3348 earumdem
1500 3289 1501 3320 t

315 3385 490 3462 solutione,
507 3387 696 3464 viderentur
716 3388 851 3454 Consilii
873 3389 1073 3454 oecumenici
1090 3385 1216 3462 Patres,
1238 3385 1294 3466 qui
1315 3399 1352 3448 en
1365 3383 1422 3458 ipso

319 3493 464 3567 tempore
482 3487 615 3550 adunati
647 3495 724 3554 sunl
746 3490 785 3552 ad
808 3490 1045 3566 damnationem
1076 3489 1175 3552 trium
1198 3485 1423 3568 Capitutomu.

318 3605 381 3652 non
401 3589 525 3652 sincere
547 3607 607 3668 pro
636 3589 700 3656 lide
721 3591 881 3656 catholica
909 3591 1099 3656 accusemne
1118 3595 1152 3652 et
1182 3601 1358 3668 pugneis&
1380 3595 1424 3640 ἴθ’

319 3707 392 3754 rum
415 3688 520 3769 potins
541 3689 695 3756 adsersus
716 3699 837 3757 statuta
857 3691 1085 3766 ecclesiastiea,
1108 3688 1238 3753 dissidia
1258 3680 1422 3751 secundun

319 3791 478 3872 cujusque
501 3793 841 3874 partescommovtsse.
859 3790 963 3855 Valde
984 3791 1114 3871 qnidam
1131 3787 1363 3869 deplorandum
1380 3795 1421 3842 es·

319 3899 385 3964 set,
407 3891 432 3952 si
452 3896 540 3954 retae
562 3892 760 3958 haberentur
775 3896 975 3959 narrationes
996 3889 1140 3956 Facundi
1153 3897 1186 3954 et
1206 3883 1356 3962 Liberali,
1375 3875 1421 3960 qni
1500 3915 1501 3936 κ

322 3991 537 4068 obtestantur,
570 3993 739 4058 anathema
763 3996 860 4058 trium
885 3991 1113 4074 Cupitnlornm
1143 4007 1186 4052 ex
1205 3981 1421 4066 ampliatorem
1500 4063 1501 4078 1

320 4092 389 4154 sire
402 4092 753 4175 semieutychianorum
764 4094 872 4160 studio
889 4095 1101 4175 processisse,
1118 4089 1209 4170 qussi
1226 4077 1421 4150 Ecclesisrut
1500 4115 1501 4170 3

322 4187 530 4258 Pontificatns
546 4191 710 4260 Romanus
733 4195 972 4262 haereticorum
988 4193 1161 4260 obsecutus
1183 4185 1293 4254 tuine
1311 4171 1417 4244 deside
1500 4177 1501 4180 ’
