3048 4946
79 532 144 588 ure
157 525 334 606 possimnss
350 539 455 604 neque
470 521 541 586 ullo
562 519 658 586 modo
672 537 741 586 esse
754 517 853 601 possit
872 518 1072 602 ambiguum,
1085 517 1174 601 qnod

74 627 111 688 ed
133 627 258 707 plenam
280 625 521 706 intelligentiam
545 635 576 688 te
597 624 698 688 luerit
717 621 865 688 studente
882 623 1092 703 perductum.
1109 618 1174 686 »Sl

16 753 20 760 ·
73 729 103 790 in
118 728 164 791 bis
184 728 424 808 exemplaribus
444 745 485 790 cx
507 726 618 792 codice
639 727 777 807 genuino
793 739 910 806 praeco
931 725 1105 802 translatis,
1126 725 1174 788 in·

74 830 140 909 quit
153 826 173 892 J
177 825 354 893 ustioianus
369 827 544 892 desiderari
562 826 637 891 lbee
653 825 831 910 Epistolam
845 826 886 890 ab
894 827 966 908 'ipsa
982 824 1097 890 Leonis
1116 824 1176 888 Pa·

72 947 128 1012 pae
142 939 259 1006 aetate,
276 930 352 1010 quid
376 932 482 994 adbuc
502 941 651 1012 superest
666 929 764 993 trium
779 925 1006 1009 capitulorum
1029 925 1174 992 deieuso·

72 1033 169 1107 ribus,
185 1033 243 1096 nisi
260 1031 394 1098 illusio?
409 1042 441 1097 ct
462 1033 550 1114 qnod
567 1033 625 1114 ipsi
649 1032 722 1096 totis
738 1031 860 1096 virinus
874 1029 1096 1094 contenderint
1113 1045 1173 1106 pro

75 1133 132 1198 bac
152 1131 316 1214 Epistola,
338 1137 465 1216 penitus
486 1133 564 1198 rui?
587 1131 709 1198 Verum
731 1133 762 1196 in
784 1133 936 1213 praelatis
957 1131 1073 1194 litteris
1093 1127 1176 1192 Leo·

73 1235 117 1297 nis
137 1235 175 1296 ad
192 1233 389 1316 Episcopum
410 1253 557 1300 coensem
582 1233 828 1316 apocrisiarium
848 1251 958 1307 snum,
983 1249 1021 1295 ea
1042 1245 1175 1311 quoque

72 1334 295 1399 consideranda
311 1344 360 1399 cst
381 1335 450 1399 lere
471 1336 660 1417 prophetica
676 1335 901 1418 postulationis
923 1333 1018 1408 ratio,
1034 1349 1068 1395 se
1083 1330 1175 1394 nimi·

70 1449 137 1496 runi
159 1435 221 1498 boo
241 1427 381 1501 sollicite
397 1437 580 1518 percontari
602 1436 643 1499 ab
658 1437 739 1518 ipso,
760 1453 799 1498 rte
821 1437 973 1499 domante
992 1429 1175 1495 sertoriano

71 1545 97 1596 el
116 1537 305 1616 eutychiano
327 1539 464 1604 lucrosis
484 1535 599 1601 iterum
619 1536 799 1601 revirescet.
830 1536 927 1615 Quod
960 1553 1038 1601 seue
1058 1547 1175 1612 exper-

72 1643 118 1700 tus
133 1635 214 1702 ¹dicit
235 1637 374 1720 vigilius
396 1643 427 1704 in
448 1640 620 1703 novissimo
641 1637 835 1704 Constituto:

94 1785 96 1790 .
143 1737 200 1803 llis
220 1733 263 1803 a'b
286 1738 340 1804 lba
362 1742 517 1822 expositis
532 1747 564 1804 et
584 1759 602 1803 a
627 1739 777 1805 Patribus
798 1739 951 1822 acceptis,
973 1738 1050 1820 quid
1071 1737 1173 1821 Syno-

72 1835 100 1900 di
119 1839 288 1918 intererat,
303 1850 360 1905 ant
381 1841 532 1906 Patribus
553 1860 636 1922 opus
657 1841 758 1906 inerit
788 1841 819 1904 in
840 1841 1019 1906 delinienda
1042 1837 1117 1902 lbae
1138 1838 1174 1901 ti·

73 1939 118 2002 doi
145 1942 331 2024 integritate
355 1963 480 2025 suaque
501 1943 710 2019 orthodoxia,
736 1943 862 2007 litteras
882 1945 984 2008 citare
1013 1961 1052 2007 sc
1071 1961 1126 2006 eas
1140 1959 1175 2004 a·

71 2043 317 2122 nimadrertere,
334 2065 419 2126 qnae
433 2054 527 2111 extra
542 2047 641 2128 ipsius
653 2044 773 2131 Synodi
788 2060 923 2126 scopum
942 2051 1046 2122 eraut,
1064 2055 1098 2108 et
1110 2043 1177 2108 lor·

72 2150 99 2208 te
118 2146 157 2208 eb
179 2143 255 2210 ibae
277 2147 470 2212 adversariis
490 2147 606 2213 celcris
627 2147 883 2242 oppositionibus
904 2144 1072 2211 insertae?
1093 2144 1174 2209 For·

11 2291 12 2296 1
72 2249 147 2307 tasse
157 2243 309 2331 Synodus
323 2239 577 2312 insimulationes
592 2247 748 2311 adversus
765 2245 853 2309 lbam
874 2245 1058 2326 singiliatim
1073 2265 1173 2326 quae·

71 2361 150 2419 rens,
163 2345 353 2427 judicavit?
375 2347 526 2412 Fortasse
546 2350 679 2424 cbirtis,
693 2366 775 2429 quas
791 2347 866 2410 lbue
881 2347 1115 2412 obtrectatores
1129 2348 1176 2410 in·

71 2447 279 2526 vestigarunt,
307 2457 344 2513 ut
374 2451 405 2513 iu
430 2451 505 2529 ipsis
534 2451 673 2529 speciale
697 2457 842 2514 erratum
866 2450 1172 2530 reprehenderetur,
1307 2455 1309 2460 '

72 2549 275 2614 attenderunt
297 2549 420 2628 Patres,
436 2569 474 2615 ac
494 2551 726 2616 concluderent
747 2553 823 2631 quid
846 2553 933 2626 boni,
955 2551 1075 2630 quidve
1097 2553 1174 2614 mali

73 2649 101 2710 in
116 2650 188 2730 ipsis
202 2651 435 2734 reperiretur?
448 2651 520 2717 lloc
536 2660 641 2717 tameo
661 2653 840 2717 noluerunt
861 2653 997 2735 judices.
1012 2633 1072 2718 s'eo
1088 2671 1176 2716 sum·

72 2753 190 2828 rnatim,
210 2751 331 2818 auditis
351 2755 477 2818 clericis
498 2755 643 2837 ejusdcm
676 2753 751 2818 lbae
772 2754 1007 2829 delensoribus,
1030 2763 1062 2817 et
1084 2773 1176 2834 prae·

72 2853 176 2916 sertim
192 2855 378 2919 orthodoxa
402 2855 474 2919 lidel
493 2855 690 2937 professione
713 2858 839 2932 emissa,
856 2860 887 2919 in
901 2873 965 2938 qna
983 2857 1051 2917 aits
1073 2861 1102 2917 et
1122 2873 1176 2934 epo

68 2951 142 3032 p'out-
156 2951 193 3018 ia
213 2954 333 3035 scripto
352 2955 623 3021 uaotbsmotr'znni
636 2955 827 3032 Nestorium,
842 2940 970 3039 ejusque
990 2957 1123 3036 dopmu;
1148 2961 1177 3018 et

70 3069 150 3116 onoc
169 3053 404 3119 eantbemotiso
423 3075 491 3120 cum
512 3055 609 3120 decies
629 3055 744 3121 millies
756 3102 864 3122 .....
879 3057 1046 3121 anathema
1065 3053 1178 3129 stipsi

71 3151 206 3222 Nestorio
226 3165 257 3222 et
280 3155 415 3239 Eutyelti
435 3169 465 3222 ct
483 3177 581 3224 soom
601 3157 719 3222 dicenti
738 3167 911 3236 notorem,
935 3160 1011 3223 buie
1031 3157 1177 3222 declara·

71 3255 144 3320 tioni
165 3259 405 3340 responderunt
426 3259 559 3328 Patress
580 3259 719 3323 monime
738 3261 863 3340 quidem
883 3258 997 3341 sufflat
1016 3259 1059 3322 sd
1075 3258 1175 3338 pieto-

73 3365 126 3422 uas
138 3359 278 3425 doneris
291 3360 467 3443 abnepotio.
480 3361 668 3444 Cemrisqnc
682 3364 805 3427 omneis
817 3360 1035 3445 peculiaribus
1045 3362 1177 3425 insimu-

71 3457 257 3541 lationibus,
290 3465 351 3529 bac
382 3472 514 3547 accepte
543 3461 774 3541 satisfactione,
804 3465 971 3546 acquievit
1000 3459 1173 3548 Spuodnss

73 3567 299 3647 communique
318 3565 473 3646 suffragio
495 3567 663 3629 innoxium
677 3574 711 3630 et
732 3564 954 3630 orthodoxum
969 3561 1059 3626 lbam
1078 3577 1177 3642 agno·

75 3661 118 3726 tit
136 3667 353 3745 sanciritque,
377 3666 479 3730 veluti
499 3668 650 3748 superius
670 3670 853 3748 expositum
874 3674 934 3731 est.
969 3657 971 3660 ’

148 3763 302 3830 catomo
316 3768 526 3847 peregrinum
538 3785 617 3832 sane
631 3768 745 3833 inisset
758 3769 927 3833 consilinm
939 3767 1074 3835 Petrum
1083 3769 1177 3835 'ebal-

75 3863 311 3946 cedoncnsium,
326 3869 367 3932 ab
388 3869 464 3934 lbae
485 3871 679 3935 adversariis
693 3889 862 3936 accersere
877 3873 1094 3936 testimonium
1116 3889 1176 3953 pro

74 3963 275 4045 improbitate
289 3969 388 4048 ipsius
403 3967 480 4032 lbae
495 3969 647 4049 militaus,
666 3978 704 4036 nt
716 3975 763 4036 sic
783 3972 959 4050 probaredt
971 3971 1084 4037 Patres
1100 3991 1176 4036 enm

73 4082 137 4129 esse
156 4070 368 4148 catholicum,
392 4089 467 4135 cnm
488 4078 523 4135 et
551 4072 610 4152 ipsi
641 4073 749 4136 bostes
772 4073 847 4137 lbee
876 4075 1046 4138 studerent
1070 4077 1175 4155 ipsum

74 4165 271 4236 haereticum
291 4174 514 4240 ostenderent
533 4175 630 4238 citata
643 4174 800 4256 Epistola.
815 4174 856 4239 Et
867 4175 998 4257 quidem
1016 4175 1127 4240 Patres
1145 4179 1176 4240 in

75 4263 201 4351 Spnodo
218 4273 301 4340 banc
314 4273 529 4354 approbantes
550 4274 742 4342 catbolicaru
763 4283 797 4342 et
816 4275 922 4357 ipsum
934 4277 1021 4343 lbam
1044 4275 1116 4342 inde
1130 4277 1176 4340 iu·
