2994 4938
343 387 397 441 rm

446 490 614 568 Profecto
642 490 799 570 admisso
827 491 934 570 unius
969 506 1008 570 et
1035 493 1185 570 alterius
1212 494 1400 572 sinceritate

340 619 563 706 documenti,
583 623 799 697 temerarius
826 621 1091 721 quodammodo
1112 623 1294 699 videretur
1319 623 1402 721 quia·
1478 717 1479 728 Ν

340 749 422 846 quis
449 748 520 822 hoe
548 747 784 825 vindiciarum
814 749 1072 849 aggrederetur
1097 773 1200 850 opus.
1233 741 1403 828 Nihilomi·
1478 745 1479 774 ¹

339 900 407 950 nus
436 875 622 951 tacendum
650 877 738 951 mihi
766 891 837 964 est,
857 891 896 953 et
919 878 1160 954 confidentius
1187 878 1401 962 asseverabo,

338 1026 405 1080 nec
433 1027 559 1090 unum,
588 1027 654 1078 nec
682 1005 837 1083 alterum
865 1007 1054 1104 impedire,
1073 1007 1266 1105 quominus
1293 1005 1337 1082 ab
1362 1007 1404 1080 in·
1479 1051 1480 1064 κ

338 1131 628 1208 simulationibus
649 1133 850 1232 vindicetur
871 1134 1060 1231 Origenes,
1080 1135 1186 1210 sicuti
1205 1157 1318 1234 usque
1340 1157 1404 1238 mo·

337 1261 383 1336 do
411 1260 549 1336 sactum
577 1272 659 1350 est;
686 1263 775 1361 ipsis
803 1263 943 1340 scilicet
969 1264 1196 1339 documentis
1215 1266 1310 1338 inter
1334 1285 1406 1360 spu·

337 1390 390 1464 rie
410 1391 606 1477 mandatis,
626 1392 760 1490 quippe
781 1407 884 1467 extra
905 1390 1056 1466 Petrum
1076 1390 1405 1490 synodaliummen·

337 1531 415 1592 tem
443 1517 527 1592 illue
556 1519 718 1602 intrusis,
747 1521 830 1596 Scio
857 1521 1003 1618 quidem
1031 1518 1073 1618 (si
1101 1542 1236 1617 paucos
1264 1518 1405 1616 excipias

336 1645 372 1719 in
399 1645 530 1744 quibus
557 1645 806 1746 Hailoixium)
836 1671 946 1748 quam
986 1649 1176 1747 plurimos,
1204 1660 1242 1722 et
1274 1647 1404 1746 quiden

336 1775 435 1850 rinos
462 1774 682 1852 clarissimos
718 1776 931 1862 Beronium,
960 1773 1159 1862 Norisium‚
1195 1773 1341 1850 Petrum
1364 1771 1405 1848 re
1481 1757 1482 1794 ³

336 1899 470 1987 Marco,
488 1902 760 1992 cabassnuum,
788 1903 977 1980 Baluzium
1006 1919 1044 1982 et
1071 1902 1257 1978 Lebbeum
1288 1902 1405 1978 mordi-

197 2123 205 2134 ι
337 2053 402 2105 cus
428 2031 465 2104 in
503 2030 576 2106 hac·
599 2031 745 2130 Synodo
782 2055 925 2109 errores
959 2032 1195 2130 Origenisque
1228 2051 1404 2128 personam
1482 2052 1483 2075 ¹

251 2217 254 2224 .
336 2159 496 2236 tenuisse
524 2160 729 2236 damnatos.
760 2159 1018 2236 Verumtamen
1056 2183 1128 2234 non
1157 2159 1253 2234 istud
1294 2166 1336 2234 de
1361 2159 1405 2232 his

336 2285 495 2372 mirum,·
516 2310 599 2362 cum
632 2311 676 2364 eo
700 2311 815 2386 usque
844 2288 890 2362 ab
919 2289 1047 2363 horum
1076 2285 1190 2362 oculis
1217 2285 1320 2386 pium
1346 2284 1405 2358 sin

335 2437 418 2490 cera
445 2415 490 2491 dc
509 2416 610 2490 teris
638 2415 788 2499 Conciiii
810 2415 850 2489 V.
881 2417 1100 2492 documenta
1131 2415 1248 2490 celata
1277 2414 1406 2498 fuerint,
1483 2461 1484 2526 p

336 2557 374 2618 et
401 2542 536 2619 etia-ab
564 2545 701 2620 eisdem
727 2545 894 2644 probata,
914 2567 1007 2643 qune
1028 2542 1246 2620 falsata.ch
1273 2563 1407 2640 apocry·
1483 2585 1484 2588 =

335 2672 407 2768 phn
426 2686 671 2772 reputantur3
691 2697 758 2776 nee
782 2675 931 2772 insuper
949 2676 1002 2749 eis
1030 2673 1120 2748 sotis
1138 2673 1335 2746 innotuerit
1351 2668 1406 2743 tria

336 2799 502 2898 Capitale
530 2801 803 2877 defendentium
834 2801 1010 2899 perfidia:
1033 2813 1070 2876 et
1092 2801 1315 2899 praesertim
1339 2817 1405 2872 cum

335 2928 494 3004 nondum
524 2928 658 3028 publici
682 2929 775 3025 juris
804 2953 868 3028 per
897 2943 1005 3028 typos
1033 2929 1169 3004 editum
1199 2943 1300 3004 esset
1328 2924 1406 3022 Vigi-

335 3057 372 3129 lii
405 3057 671 3148 constitutum,
698 3059 794 3158 quod
824 3058 901 3134 sub·
919 3059 1100 3134 crevissimi
1130 3058 1236 3134 titulo
1266 3075 1404 3156 praene-

336 3185 510 3262 terimus.

449 3317 502 3392 Ac
531 3317 669 3394 interea
698 3343 742 3394 no
777 3320 871 3394 forte
900 3317 980 3417 quis
1010 3315 1182 3392 illudatur
1213 3315 1250 3388 in
1280 3313 1405 3409 scriptis

335 3446 551 3544 apocryphis
578 3449 787 3546 apenninis
814 3445 1046 3524 secernendis
1075 3458 1152 3519 tum
1181 3444 1276 3518 circa
1304 3442 1406 3535 Oripe

335 3595 417 3645 nem
447 3596 489 3646 ac
521 3575 679 3649 maximo
708 3576 803 3650 circa
825 3573 941 3670 Vigilii
962 3572 1083 3669 Papae
1111 3572 1256 3647 decreta
1285 3572 1327 3645 de
1354 3567 1405 3639 tri·

336 3701 403 3774 lrus
430 3700 619 3799 Capitulis,
641 3703 733 3776 seint
768 3704 834 3776 tria
862 3701 1074 3776 Constituto
1102 3699 1210 3792 hujus
1239 3694 1405 3773 Pontiiiris

334 3828 528 3902 memorari
563 3830 597 3902 in
633 3830 782 3904 historin
816 3830 923 3921 imjus
962 3825 1110 3924 Synodi.
1138 3823 1298 3900 Primum
1331 3817 1402 3894 iilud

335 3955 490 4030 habetur
519 3958 725 4056 etquidem
756 3958 965 4054 genuinum,
994 3956 1090 4053 quod
1120 3953 1215 4049 Papo
1243 3952 1404 4027 Constan-

335 4085 522 4184 tinopolim
559 4087 741 4184 ingressus
780 4083 931 4160 Merrnae
964 4083 1192 4182 patriercham
1225 4081 1323 4154 dedit
1352 4097 1403 4172 per

335 4212 543 4311 epistolum,
571 4227 610 4288 ct
635 4213 739 4312 ruigo
765 4211 970 4291 Jrrdicctum
999 4212 1158 4290 dietum:
1180 4209 1274 4308 quod
1300 4221 1403 4282 terren
