3048 4946
356 554 429 611 ante
444 545 609 612 indictum
625 546 814 630 pollicitatio
837 546 1018 627 tenebatur,
1040 549 1073 612 lu
1096 565 1161 631 pua
1180 567 1215 614 oe
1235 547 1405 632 spopondit
1421 563 1464 612 ca·

357 650 430 714 dem
446 648 594 731 Capitale
617 649 857 729 damnaturum,
874 660 912 715 ut
932 669 967 715 se
980 653 1072 732 quasi
1098 670 1156 734 per
1170 653 1384 733 ignorantiam
1404 669 1464 732 por·

355 759 404 817 set
418 751 565 828 abluere,
588 752 823 833 probationem,
840 769 938 833 quam
954 752 1141 830 ollerclaam,
1159 770 1324 836 quemque
1344 755 1412 834 ipse
1429 754 1467 816 ia·

355 861 478 918 stanter
497 854 630 932 exigere
647 852 770 931 debuit,
788 871 839 917 me
860 852 969 917 iacere
989 872 1051 916 non
1073 855 1227 934 permisit.
1242 851 1304 918 Sed
1330 852 1466 934 gutisde

357 954 463 1018 medio
483 955 630 1032 sublatis,
651 956 770 1036 quibus
789 970 887 1019 causa
910 963 1064 1036 coeperat
1083 957 1217 1036 aperiri,
1242 965 1276 1019 et
1297 958 1466 1035 interrupto

355 1072 419 1120 suo
436 1053 572 1136 judicio,
594 1072 613 1117 a
635 1054 872 1120 considentibus
903 1055 1060 1136 episcopis
1080 1054 1247 1136 tlapitasit,
1274 1064 1315 1120 ut
1334 1055 1411 1139 qnid
1429 1055 1466 1120 ἐι

358 1155 400 1220 dc
421 1171 518 1219 causa
541 1155 721 1233 videretur,
744 1156 870 1239 prolata
893 1157 1038 1239 quisquis
1057 1156 1089 1220 in
1110 1157 1236 1238 scriptis
1257 1159 1465 1240 responsione,

356 1257 510 1340 signaret.

437 1377 453 1418 u
469 1357 510 1424 Et
526 1359 601 1439 quic
615 1358 662 1424 illi
678 1358 818 1440 episcopi
835 1359 974 1424 maxime
985 1357 1295 1438 Constantinopolim
1325 1375 1466 1423 occurre·

344 1465 431 1524 *rent
451 1460 481 1522 in
503 1460 574 1541 ejus
595 1459 783 1537 adrentum,
809 1478 952 1542 quorum
972 1461 1064 1526 nulla
1086 1462 1117 1523 tu
1138 1461 1198 1524 hac
1218 1477 1317 1523 causa
1339 1459 1467 1523 subscri·

356 1560 424 1641 ptio
447 1558 629 1637 tenebatur,
653 1560 745 1625 etde
765 1578 824 1624 sue
847 1560 978 1626 inerant
997 1561 1180 1642 integritate
1199 1561 1325 1635 securi,
1348 1577 1407 1640 pcr
1424 1577 1467 1622 oc·

356 1661 516 1726 ursionem
537 1662 636 1744 hujus
657 1663 931 1743 interrogationis,
954 1662 1013 1742 ipsi
1034 1677 1168 1744 quoqne
1191 1661 1373 1740 seperatim
1393 1677 1466 1723 con·

355 1767 440 1850 pulsi
460 1775 536 1830 sunt
556 1767 597 1829 ala
617 1764 812 1831 adversariis
841 1764 1008 1830 Ecclesiae
1027 1763 1193 1845 quomodo
1215 1763 1465 1829 dictaveruntiu

353 1867 592 1950 praejudicium
607 1869 713 1948 magni
728 1864 862 1933 Concilli
879 1864 1085 1947 respondere.
1101 1863 1149 1928 tlc
1166 1883 1206 1929 ue
1220 1871 1335 1945 postea
1354 1864 1466 1928 suntn-

357 1969 487 2048 herent,
499 1979 532 2034 et
544 1987 629 2051 quoe
640 1971 761 2050 scripto
773 1968 1005 2052 responderant
1016 1966 1140 2049 judicio
1154 1983 1217 2030 nou
1232 1964 1403 2041 otlerreut,
1414 1965 1468 2045 jau

356 2069 419 2135 sula
431 2071 657 2152 prosecutione
671 2070 817 2150 ipsorum
833 2078 933 2152 atque
954 2067 1100 2134 custodia
1122 2067 1230 2149 palam
1245 2068 1285 2130 ad
1310 2067 1406 2131 illum
1424 2065 1468 2126 de

356 2171 560 2236 ducebantur
575 2171 705 2236 tradere
725 2187 782 2236 sua
800 2170 934 2250 prolana
946 2175 978 2234 ct
998 2167 1185 2233 detestanda
1206 2185 1376 2248 respousa.
1395 2165 1468 2228 Otu-

356 2271 397 2336 lia
418 2289 476 2358 nos
497 2270 635 2335 uidimus
658 2270 758 2335 haece
791 2269 964 2352 acephalos
985 2285 1097 2334 coram
1117 2269 1188 2351 lpao
1208 2268 1331 2333 iudice
1358 2268 1468 2331 alacres

356 2373 541 2438 exultantes
555 2375 754 2453 aspeximus,
774 2391 849 2437 cum
872 2372 1038 2454 episcopos
1058 2369 1098 2434 ad
1114 2387 1190 2436 eum
1206 2369 1410 2434 adducerent
1426 2383 1469 2430 er

359 2473 432 2537 dem
456 2491 606 2555 responsa
622 2479 797 2555 portantes.
815 2471 858 2538 Et
877 2473 1008 2554 qnando
1029 2473 1109 2539 laacc
1128 2473 1176 2537 sle
1196 2473 1390 2536 inhaereant
1409 2483 1468 2533 cor·

317 2597 321 2604 ·
360 2573 455 2639 dibus
476 2573 689 2651 audientium,
711 2577 769 2638 ant
788 2574 835 2638 sic
855 2591 891 2637 ea
913 2573 1065 2639 detestari
1087 2575 1257 2655 etlupere
1277 2573 1469 2654 possedisse

357 2681 416 2741 cut
436 2695 505 2752 uos,
529 2677 560 2740 in
581 2693 725 2757 quorum
745 2675 859 2739 animis
889 2676 1034 2757 ipsorum
1058 2676 1222 2741 malorum
1243 2675 1358 2740 adhuc
1377 2676 1469 2751 turpe

362 2775 543 2841 uersatur?
701 2775 703 2780 ’

442 2875 653 2957 «suscipiens
674 2894 753 2941 vero
775 2876 830 2940 ille
853 2872 1014 2956 (vigilius)
1037 2885 1233 2941 memoratas
1254 2875 1467 2958 responsione

219 2965 223 2973 ’
359 2986 435 3060 post
455 2979 583 3060 aliquot
597 2980 663 3044 dies
684 2977 724 3041 ad
747 2979 903 3060 palatium
919 2977 1048 3055 detulit,
1070 2987 1169 3060 atque
1190 2979 1288 3044 elteri
1312 2979 1398 3060 parti
1418 2985 1470 3038 tra·

355 3078 436 3142 didit
453 3079 484 3140 iu
500 3079 737 3161 praejudicium
748 3078 867 3164 Spnudi
883 3079 1143 3144 calchedonenais
1157 3097 1233 3146 enan
1257 3077 1403 3144 aliorum
1417 3075 1470 3140 riti

356 3179 540 3261 ropraplais,
556 3181 613 3262 qui
635 3188 728 3243 entes
750 3180 1020 3259 subscripserant,
1047 3182 1268 3247 reservandus.
1290 3179 1418 3245 Verum
1437 3193 1468 3237 uc

355 3280 424 3346 suls
445 3281 584 3346 traditor
599 3281 782 3356 rideretur,
806 3280 923 3346 talibus
941 3281 1048 3346 verbis
1064 3301 1119 3348 eos
1134 3283 1264 3358 telellit,
1281 3291 1320 3346 ut
1336 3281 1467 3344 diceret:

355 3382 433 3465 quid
455 3382 541 3464 apnd
564 3400 621 3447 uos
643 3400 849 3447 reservemus
874 3386 934 3448 iata
969 3385 1131 3448 contraria
1154 3383 1286 3469 Synodo
1308 3377 1469 3447 calchem

355 3487 443 3549 aeusi
465 3502 630 3565 response,
652 3491 691 3549 ut
710 3485 838 3550 iuventa
853 3485 1050 3567 quaudoque
1071 3487 1103 3550 ln
1125 3483 1300 3550 Ecclesiae
1314 3484 1467 3550 Romame

353 3586 520 3657 scrinios
542 3587 633 3651 uobis
654 3585 832 3668 approbata
854 3583 1059 3652 credentur?
1073 3585 1135 3653 Sed
1157 3587 1350 3651 adferemus
1369 3583 1468 3650 istrie

357 3687 528 3768 palatium,
550 3688 681 3770 etquid
706 3687 744 3750 de
759 3687 824 3752 illis
844 3695 951 3769 agant,
968 3688 1026 3770 ipsi
1044 3688 1113 3771 jam
1134 3689 1307 3752 noverint:
1331 3687 1422 3770 qnasi
1438 3699 1468 3746 ea

354 3788 500 3854 scindere
514 3791 567 3854 vel
583 3805 682 3854 urere
697 3807 761 3852 noo
775 3797 893 3872 posset,
909 3797 966 3855 cut
981 3807 1041 3874 per
1060 3809 1153 3857 auem
1174 3807 1340 3855 evanuere
1359 3794 1468 3854 secter

356 3889 446 3968 tium,
470 3890 521 3953 ecl
544 3892 632 3970 ipsis,
655 3907 673 3952 a
696 3890 814 3971 quibus
835 3891 968 3956 inerant
987 3891 1074 3968 data,
1097 3889 1283 3956 retundere.
1308 3888 1404 3968 Quae
1421 3900 1468 3947 nce

225 3992 234 4004 '
353 3992 519 4071 suscipere
540 3993 581 4054 sb
601 3992 661 4064 eia,
685 4011 744 4057 nec
764 3999 965 4075 extorquere
985 3993 1156 4067 debuerat,
1170 3994 1197 4056 ai
1216 4011 1296 4057 aere
1318 3985 1468 4074 praeiudi·

356 4091 443 4154 cium
457 4093 617 4173 generalia
633 4090 753 4177 Synodi
774 4093 1002 4173 praecavebat.
1029 4094 1137 4176 Atque
1161 4095 1204 4159 ita
1220 4094 1317 4158 solita
1339 4092 1465 4156 listinae·

354 4187 476 4270 tingens
497 4191 569 4275 ejus
590 4193 828 4276 praejudicium
851 4213 886 4259 ae
906 4196 1114 4269 cavornaco
1135 4213 1196 4276 pro
1216 4194 1387 4259 voluntate
1407 4201 1468 4253 coa·

354 4291 533 4360 trarloruur
551 4295 629 4361 iecit
645 4316 653 4360 ι
667 4295 755 4377 quod
777 4298 820 4376 ei,
844 4297 871 4364 si
886 4295 1137 4374 dissimulemus,
1154 4293 1368 4379 praejudicet
1390 4289 1464 4368 Qua
