2982 4934
54 459 126 540 pitin
146 455 270 524 Sereno
288 457 449 541 aliisque,
480 475 593 523 rerum
615 473 748 538 quoqne
778 453 951 521 firmantur
963 454 1018 520 ab
1036 453 1159 520 eisdem

52 559 226 640 Theophila
239 566 273 624 et
294 557 506 644 Hieronymo,
520 564 579 641 qui
599 558 630 625 in
647 559 768 624 mutuis
788 557 932 637 epistolis
944 575 1042 638 saepe
1063 555 1159 622 fldem

51 661 212 742 perbibent
234 661 411 726 narrationi
436 660 571 742 Diriogn
595 669 776 731 consertae,
798 661 947 741 quamvis
965 659 1062 723 aliter
1085 647 1159 740 per·

36 759 211 843 'spexerint
234 761 604 843 comprehenderinique
629 781 709 838 reru,
735 762 775 824 de
790 778 853 841 qua
879 761 1048 841 agebatur.
1071 759 1161 838 Qua-

52 864 201 939 mobrem,
216 865 287 928 sive
302 862 498 941 Palladium,
520 875 557 929 nt
571 874 620 929 est
636 865 918 937 verisimillimum,
936 871 995 928 aui
1017 865 1160 928 alterum

52 983 284 1045 quemcumque
306 964 506 1047 salisbujus
527 963 653 1046 oratori
673 967 879 1047 scriptorem,
904 965 983 1030 tales
1005 967 1071 1046 ipse
1090 968 1159 1031 sive

52 1084 104 1144 per
114 1085 160 1142 se,
176 1085 236 1132 seu
254 1084 313 1148 per
332 1066 414 1131 alios
436 1066 564 1148 proieri
574 1066 884 1140 sinceritatisnotas,
900 1073 936 1128 ut
950 1069 1159 1130 temerarium

51 1168 88 1230 sit
105 1168 178 1231 inuio
199 1168 436 1243 contradicere,
458 1177 518 1232 ant
537 1168 578 1231 de
598 1168 659 1232 bac
679 1169 864 1232 narratione
885 1168 1058 1249 ambigere.

121 1266 177 1333 iia
198 1269 382 1350 pmcmbaie
396 1269 437 1333 de
451 1268 576 1349 buioei
596 1277 743 1347 auctore,
759 1269 903 1350 ejusdem
918 1285 1159 1349 prosequamur

56 1370 236 1446 testimonia,
252 1389 338 1452 qnae
358 1371 485 1438 initium
507 1371 896 1440 mauiiestantsimnllaiia
917 1369 1089 1453 Theophili
1104 1372 1160 1435 ad·

55 1489 156 1536 sersus
168 1471 461 1558 chrysostomum
475 1482 509 1536 et
522 1473 608 1538 unde
622 1473 870 1554 consequentiae
881 1481 995 1554 sponte
1009 1471 1161 1538 diffluunt

53 1571 80 1634 io
97 1573 242 1654 (ingenis
254 1579 290 1636 et
300 1574 548 1652 origenistarum
562 1574 797 1637 monachornm
816 1569 930 1649 cansa,
951 1574 1061 1654 quoad
1083 1574 1160 1636 isto·

55 1691 119 1738 rnm
132 1675 366 1756 iniquissimam
386 1676 694 1742 condemnationem.
711 1671 758 1737 lbi
780 1675 892 1754 itaque
907 1671 1049 1738 Diacono
1070 1683 1103 1738 ei
1116 1672 1162 1738 li·

55 1773 174 1854 pbcopo
193 1775 236 1838 ad
258 1775 396 1839 insicum
417 1775 646 1840 disserentibus
666 1775 708 1839 de
729 1773 962 1838 monachornm
983 1771 1164 1840 ῦοιιιιιιιί-

55 1874 185 1954 nopolim
205 1875 351 1940 adventu
372 1875 457 1942 etdo
470 1874 677 1958 Olympiade,
693 1891 777 1956 quaa
792 1878 869 1940 istos
889 1882 1089 1956 susceperat,
1108 1875 1163 1938 be·

55 1975 202 2056 decenne
219 1978 357 2042 istorum
373 1976 616 2042 neceuitatibnc
635 1977 813 2053 eoneoinit,
830 1977 909 2040 iraee
924 1976 1016 2057 ajunt
1029 1995 1058 2042 o.
1070 1971 1159 2050 xiii.

126 2073 341 2157 elpircopru.
358 2074 516 2142 berebus
528 2087 637 2142 autem
649 2077 1002 2156 mesumtnopoiiteats
1016 2075 1093 2157 qnid
1115 2083 1164 2141 at·

60 2175 128 2241 tuat
144 2177 283 2242 dicere'l
296 2175 426 2254 Quanta
447 2179 624 2244 multitudo
644 2179 687 2243 ab
706 2177 852 2244 saneta
874 2175 1069 2243 recesserit?
1081 2175 1165 2242 Gon·
1237 2225 1243 2240 .

60 2278 176 2343 veniens
195 2281 259 2348 snb
281 2279 347 2354 din,
369 2287 406 2344 nt
425 2281 580 2361 superins
599 2279 753 2357 diximus,
776 2281 818 2344 ita
841 2285 880 2344 nt
900 2279 957 2360 qui
979 2297 1091 2344 rerum
1111 2295 1165 2342 eo·

59 2378 302 2448 elesiariicernm
324 2384 516 2462 potiuntur,
538 2399 602 2446 non
624 2382 762 2446 babeant
784 2382 917 2446 totidem
937 2382 1103 2448 auditores
1123 2383 1164 2448 si·

61 2481 140 2547 lentii
158 2485 232 2549 sul:
256 2501 416 2564 nusquam
438 2485 522 2548 onim
544 2484 631 2565 apud
653 2501 709 2548 eos
728 2503 846 2549 sermo.
1188 2489 1193 2498 '

128 2581 302 2650 mama.
324 2584 463 2650 linbia·
485 2594 518 2650 et
537 2601 724 2665 suspensam
746 2595 886 2650 mentem
907 2602 1036 2663 meam,
1059 2591 1164 2669 pater,

63 2686 206 2766 liberasti,
229 2690 286 2771 qui
308 2687 413 2754 oculis
434 2689 513 2753 meis
537 2707 588 2753 res
610 2691 694 2770 ipsas
722 2689 912 2769 subjeceris.
946 2686 1029 2753 Nam
1051 2689 1168 2753 verbn-

61 2803 125 2850 rnm
144 2790 364 2864 consedentis,
379 2796 410 2852 et
432 2805 495 2853 non
517 2788 591 2853 fleta
612 2791 758 2854 narratio
773 2790 947 2856 certiorem
967 2805 1018 2854 me
1033 2787 1109 2853 iecit
1128 2788 1168 2854 de

61 2889 185 2954 rrritate
202 2907 318 2956 rernm
339 2899 519 2971 gestarum.
540 2887 627 2956 Fieri
648 2886 732 2956 enim
754 2907 818 2956 non
835 2895 953 2972 potest,
969 2896 1008 2954 nt
1028 2888 1108 2953 iaisa
1132 2907 1168 2954 o·

61 2989 133 3054 ratio
151 2991 211 3054 sibi
232 2991 357 3074 ubique
376 2999 540 3058 consonet.
566 2991 622 3083 lle
642 2993 747 3074 igitur
766 2995 926 3074 graveris,
947 2991 1052 3074 siquid
1071 2992 1166 3070 nosti,

62 3105 94 3152 ea
111 3089 198 3158 nobis
218 3108 369 3169 narrare,
390 3110 476 3173 qaae
497 3090 725 3178 Olympiadem
747 3099 902 3175 spectant.

130 3189 218 3274 lipia.
241 3191 357 3270 omits
379 3211 418 3258 ea
439 3192 517 3258 eat?
538 3209 611 3258 nam
632 3194 745 3276 plnres
765 3213 805 3260 eo
825 3193 964 3259 nomine.

130 3290 222 3358 ntae.
259 3293 633 3375 Constantinopolitanae
661 3295 820 3361 eeclesiae
848 3296 1049 3375 diaconissa,
1083 3312 1168 3377 qnae

62 3407 165 3470 mensa
184 3394 362 3476 ritqnaado
383 3395 448 3460 luit
467 3393 613 3464 Nebridii
637 3397 847 3479 expraeieeti.

134 3493 221 3576 Epir.
245 3494 342 3560 liisru
363 3495 494 3576 quidem
515 3497 636 3577 optime
657 3497 743 3562 noti.

132 3594 225 3660 nne.
248 3593 364 3676 Qualis
382 3597 439 3662 iiia
460 3598 582 3662 mulier
602 3597 678 3663 esti
795 3637 797 3644 ·

134 3693 225 3777 spis.
247 3695 298 3762 Ne
318 3697 553 3779 permodicas,
569 3700 676 3778 qualia
698 3699 831 3777 mulier,
854 3699 908 3764 sed
931 3697 1037 3779 qualis
1058 3698 1166 3761 bomo.

68 3789 119 3858 Vir
137 3801 221 3862 esim
241 3807 291 3864 est
311 3808 443 3880 macter
463 3799 612 3880 corporis
634 3796 790 3866 babilam.

135 3895 225 3962 Dine.
250 3899 287 3962 ln
305 3899 401 3981 qno?
694 3957 698 3965 .

137 3997 223 4080 Epir.
246 4001 283 4066 ln
305 4003 370 4067 rita
390 4009 424 4068 et
442 4001 633 4081 laboribus,
665 4001 701 4076 in
718 4001 849 4068 scientia
870 4009 904 4066 ci
925 4000 1170 4071 tribnletionum

70 4096 220 4172 patientia.
628 4159 636 4166 .

141 4195 229 4266 Dior.
253 4199 322 4270 Cur
345 4219 422 4286 crgo
444 4202 492 4268 iiii
512 4204 712 4272 conviciatus
735 4210 782 4268 est
802 4197 1031 4282 lbeopbiins?
