3028 4942
1092 429 1152 498 tta

489 528 628 598 estut
648 529 704 596 xl.

65 737 99 804 is
116 737 212 801 eodem
231 734 424 818 pacatione,
446 733 621 816 Theophili,
642 733 832 816 Hieronymi
850 741 880 800 et
902 733 1078 818 Epiphnnii
1097 735 1157 803 m·

94 839 242 904 niseum
261 839 458 904 auctoritas:
487 849 516 901 et
535 845 575 901 en'
594 839 725 902 odoerm
744 835 864 919 Μαι·
883 846 913 900 et
931 835 1066 902 ioannis
1086 838 1150 902 tte·

94 939 303 1022 recommisceri
314 940 470 1006 renuntio
481 939 720 1022 roborotsrpro
732 937 913 1020 intepritote
933 938 1094 1010 doetrinae
1110 935 1152 1006 0·

94 1059 213 1125 repense.

66 1285 146 1411 Post
161 1348 238 1411 haec
250 1353 421 1428 pergentes
434 1347 467 1410 in
481 1347 703 1429 praefatorum
719 1347 867 1412 risurum
879 1347 1150 1414 contestatinuurn

66 1467 199 1527 esaum,
221 1467 261 1514 en
288 1449 480 1526 incidimus,
508 1450 564 1514 ubi
584 1467 626 1514 ex
647 1449 860 1532 praesumptis
880 1451 1049 1514 erroribus
1070 1447 1152 1518 nur-

67 1551 143 1616 iuun
163 1551 370 1633 reprehendit
391 1549 609 1636 Hieronymus
622 1553 655 1614 in
669 1549 766 1614 Libro
788 1551 830 1614 lt.
853 1565 884 1614 n.
907 1547 967 1618 15:
991 1569 1009 1610 s
1029 1549 1150 1626 Quem·

68 1655 113 1730 ris,
130 1655 239 1736 inquit,
261 1655 304 1717 de
318 1653 449 1718 Eusebii
478 1654 564 1716 libro
578 1655 680 1720 multa
701 1653 914 1728 subtraxerit,
936 1654 1012 1717 etin
1032 1652 1150 1718 bonam

70 1765 165 1834 partem
186 1757 226 1820 dc
247 1755 334 1819 Filio
355 1764 388 1819 nt
408 1756 447 1820 de
468 1755 590 1834 Spiritu
619 1756 735 1821 Sancto
756 1757 844 1820 nisus
862 1753 904 1818 sit
924 1763 1149 1832 commutares

69 1857 149 1919 nutts
169 1866 275 1922 tamen
298 1861 329 1922 in
350 1859 406 1922 itta
429 1857 614 1938 (nonroges
634 1875 749 1937 nempe
768 1874 794 1922 s.
817 1855 976 1936 Pamphili
997 1869 1057 1936 pro
1078 1853 1153 1920 Ori·

67 1959 146 2034 penei
166 1960 267 2023 multa
291 1961 324 2023 in
341 1959 395 2021 itls
412 1961 623 2039 reperiuntur
635 1957 785 2022 scandala
800 1963 833 2022 et
846 1957 1066 2036 apertissimae
1084 1955 1153 2022 etse

65 2057 213 2135 sphenise.
229 2059 317 2124 Dicit
331 2059 502 2136 Eusebius,
518 2062 616 2123 tmmo
635 2067 674 2124 ut
695 2068 731 2124 tu
753 2062 812 2132 ris,
825 2057 1016 2139 Pamphilus
1036 2059 1071 2122 iu
1089 2058 1152 2128 isto

64 2159 224 2239 volumine,
248 2161 324 2226 Filii
346 2172 378 2227 et
399 2161 503 2226 Patris
523 2164 706 2226 ministrnm
734 2162 889 2244 Spiritum
909 2161 1064 2226 Sanctum
1086 2177 1150 2226 nou

63 2257 93 2323 de
105 2263 205 2327 eadem
222 2263 342 2340 Patris,
359 2263 499 2343 Filiiqne
514 2264 691 2328 substantie
704 2283 715 2343 ;
730 2265 851 2328 animas
864 2263 1031 2328 huminum
1043 2262 1150 2342 lapsas

63 2379 117 2425 esse
133 2364 169 2428 de
188 2367 298 2443 coeto,
321 2374 413 2430 ete.»
432 2365 526 2442 Quae
539 2365 724 2430 desiderata
740 2366 772 2428 in
793 2367 941 2428 versione
963 2363 1085 2428 sutum
1105 2365 1153 2429 di.-

63 2461 97 2525 cit
109 2463 333 2553 Hieronymus,
351 2473 475 2531 mutata
490 2467 672 2542 abeodem,
692 2467 895 2531 senonissn.
916 2463 991 2541 Sed,
1006 2477 1081 2531 eum
1100 2483 1155 2530 re·

61 2565 101 2627 nia
118 2587 141 2631 s.
161 2567 334 2644 bnatoris,
362 2570 526 2652 quomodo
547 2570 627 2634 haec
655 2568 726 2633 deri
747 2567 941 2650 potuerint?
969 2567 1053 2633 Nota
1074 2573 1152 2634 sunt

62 2667 168 2744 primo,
188 2689 277 2752 quse
298 2671 462 2753 praemisit
482 2669 633 2736 ltnffinns
653 2670 752 2752 hujus
773 2669 975 2750 Apologetict
998 2671 1150 2746 versioni,

61 2785 195 2850 wreus,
210 2793 248 2838 se
263 2773 343 2836 nihit
357 2774 396 2838 de
418 2789 536 2852 graeco
552 2771 708 2856 Martyris
728 2772 908 2853 exemplari
930 2771 1153 2838 remanebo·

60 2873 160 2950 cundo,
180 2893 246 2957 qua
269 2876 394 2938 ratione
414 2874 485 2937 fieri
509 2875 678 2954 potuisset,
701 2880 740 2937 ut
769 2873 920 2938 Ruiduus
947 2874 1096 2955 Origenis
1118 2875 1151 2938 in

62 2969 197 3050 Spiritum
218 2975 374 3041 Sanctum
394 2977 643 3058 blasphemantis
657 2976 758 3039 rerba
780 2975 914 3038 mutarit
934 2976 975 3038 ab
990 2995 1041 3052 eo,
1063 2976 1153 3056 quod

61 3069 86 3135 in
101 3095 153 3140 sun
175 3079 336 3161 Apologia
357 3097 383 3142 s.
409 3077 596 3158 Pamphilus
617 3097 659 3140 ex
676 3077 842 3140 volumine
863 3076 908 3140 De
924 3076 1102 3159 Principiis
1122 3085 1155 3144 et

63 3191 94 3252 tt,
107 3183 222 3257 graecis
243 3181 408 3244 codicibus
423 3181 559 3261 pennice
579 3177 791 3260 obsignnrnt?
805 3177 897 3244 Tunc
917 3183 1046 3244 enims.
1066 3180 1155 3244 Mar·

64 3277 213 3350 ¹irddem
245 3279 400 3347 ductoris
424 3281 618 3346 catholicam
649 3299 855 3363 propugnans
886 3281 926 3346 de
957 3283 1154 3346 sanctissima

65 3365 212 3454 Trinitatis,
234 3383 334 3464 ipsius
346 3402 458 3448 sensus
479 3384 673 3459 haereticos,
695 3384 876 3463 impiosque
897 3383 937 3448 de
957 3383 1069 3448 eodem
1087 3402 1157 3468 my·

14 3537 15 3544 ,
65 3477 146 3538 iterio
165 3477 335 3558 obiecisset
353 3485 597 3550 accusatoribus
617 3484 768 3564 Originis
778 3504 789 3564 ς
807 3486 918 3565 eisquc
939 3486 1152 3560 convenisset,

64 3579 192 3642 eumdem
214 3577 387 3660 Origenem
410 3601 486 3648 vere
507 3589 539 3650 in
561 3586 664 3649 Deum
686 3588 888 3667 impietates,
910 3592 945 3650 et
964 3587 1154 3668 praesertim

64 3673 90 3736 in
105 3675 253 3758 Spiritum
274 3679 427 3745 Sanctum
447 3685 641 3762 admisisse,
660 3689 777 3751 ceteris
797 3686 942 3767 ejusdem
966 3687 1156 3766 comprom-

66 3775 97 3839 tis
113 3783 285 3846 erroribus.
308 3781 416 3859 Quum
436 3803 506 3850 rem
527 3788 640 3868 abnuit
659 3807 772 3852 sensus
791 3789 927 3869 logicus.

129 3879 235 3949 Tertio
248 3887 281 3946 in
296 3885 378 3950 hanc
399 3890 630 3954 emendationis
652 3891 868 3972 hypothesim,
883 3909 901 3954 a
917 3888 1050 3956 flotano
1070 3889 1156 3954 scili·

66 3985 106 4041 cet
130 3994 319 4064 expunctum
342 3988 440 4052 tuisse
461 3991 552 4053 istam
574 3991 606 4053 in
637 3989 794 4072 Spiritum
825 3987 993 4054 Sanctum·
1009 3991 1158 4072 blasphe·

65 4081 156 4158 miam,
178 4085 254 4150 teuit
285 4089 371 4167 quod
396 4090 494 4155 tradit
527 4089 662 4156 Photins
681 4091 722 4156 de
745 4091 915 4174 huonymo
936 4107 1077 4172 gracum
1100 4091 1157 4172 qni

66 4174 176 4248 Eusebii
195 4196 230 4251 et
249 4187 409 4271 Pamphili
430 4194 619 4258 auctoritati
640 4194 792 4269 innixus,
815 4192 896 4254 nihil
916 4194 960 4256 att
981 4193 1155 4276 Origennm

67 4295 169 4352 tuisse
185 4289 219 4351 in
239 4307 293 4362 eo,
313 4293 400 4376 qnod
420 4295 534 4364 attinet
553 4295 595 4362 nd
619 4294 735 4376 dogma
759 4295 798 4360 de
824 4291 991 4362 Trinitnta.
1014 4293 1048 4360 Si
1070 4293 1156 4358 hun-
1271 4382 1272 4390 ἵ

171 4382 234 4452 tot.
256 4388 321 4455 111.
1016 4393 1037 4460 8
