3042 4940
106 517 198 570 causa
220 505 389 587 respondet
397 527 408 588 3
428 525 568 590 eumque
589 505 758 571 condrmat
780 506 818 570 de
833 501 1015 570 omntnods
1037 521 1150 568 esrum
1166 523 1218 568 ec·

103 604 272 669 clesiarom
293 608 462 672 concordia
480 611 511 672 in
532 615 676 690 quatuor
690 607 894 691 synodorum
917 607 1137 684 acceptatione
1144 623 1155 684 ;
1172 603 1219 666 nl·

104 705 145 767 hil
168 707 299 787 insuper
321 709 358 772 iis
382 709 510 796 synodo
532 709 775 773 chalcedonensi
798 727 856 772 nec
876 708 1088 782 addentibus,
1111 724 1218 787 neque

101 805 308 872 dementibus.
327 809 375 872 Ac
391 811 526 889 proinde
541 811 646 891 ipsum
661 809 880 876 Secundinum
891 811 1042 871 hortatur
1057 816 1092 871 ut
1105 807 1218 872 Conci·

99 903 142 968 lio
169 903 206 968 V.
235 909 409 972 adhaereat
431 916 543 991 utpote
558 911 760 991 praecedeuti
782 909 910 992 synodo
927 910 958 972 in
980 909 1127 973 omnihus
1142 925 1217 971 oon·

98 1007 240 1087 sonanti;
263 1025 369 1090 neque
393 1011 464 1074 ideo
487 1011 553 1074 ulle
577 1012 700 1074 rationo
720 1011 998 1075 schismaticorum
1021 1009 1138 1086 (etita
1160 1026 1216 1089 ap·

99 1105 196 1186 pelini
217 1108 317 1173 trium
339 1109 565 1194 Capitulurum
587 1111 789 1187 defensores)
806 1119 964 1192 sequetur
984 1112 1214 1174 aberrationes.

173 1207 309 1274 «Valde
330 1218 451 1289 autem,
475 1215 531 1290 ait,
547 1213 686 1278 libenter
706 1216 814 1293 accepi
836 1213 922 1293 quod
946 1219 999 1276 tua
1024 1213 1214 1275 meraritas
1284 1243 1289 1248 ·

97 1305 134 1370 de
153 1325 210 1372 sua
233 1309 433 1376 dubitatione
449 1315 633 1395 requisivit,
656 1333 696 1376 an
711 1313 851 1377 Orientis
883 1314 1037 1378 ecclesiae
1052 1313 1146 1376 tidem
1169 1319 1218 1376 at'·
1280 1333 1283 1340 ’

99 1425 159 1488 que
179 1409 359 1476 doctrinam
380 1423 509 1480 sanctae
529 1419 704 1480 memoriae
738 1415 851 1479 Leonis
884 1414 990 1496 Papae
1011 1422 1213 1496 sequantur:

96 1525 133 1573 ne
153 1509 290 1578 sortasse
306 1531 419 1579 carum
444 1535 555 1581 sensus
571 1519 655 1582 inter
675 1519 860 1598 semetipsas
881 1533 941 1597 pro
965 1519 1063 1580 trium
1079 1515 1213 1597 Capitu-

94 1611 199 1677 lorum
221 1615 406 1680 defensione
428 1618 549 1683 divisus
569 1623 620 1684 sit.
633 1617 724 1684 Unde
746 1627 869 1683 certam
888 1617 1093 1682 dilectionem
1120 1625 1210 1681 tuam

96 1729 160 1779 esse
174 1717 336 1798 desidero,
358 1723 432 1801 quia
449 1721 632 1801 praedictae
652 1721 868 1784 sanctissimae
883 1719 1023 1784 Orientis
1054 1717 1210 1782 ccclesiae

95 1833 157 1880 uuo
176 1837 295 1896 seusu,
320 1839 382 1885 oua
414 1823 559 1886 doctrina
582 1823 677 1886 iidem
710 1822 854 1904 eiusdem
884 1831 1013 1884 sanctae
1033 1821 1213 1886 memoriae
1253 1871 1255 1878 ,

98 1913 207 1983 Leonis
230 1927 358 2001 tenent3
376 1933 584 2004 sanctamque
605 1922 890 1988 chalcedonensem
906 1921 1070 2007 Synodum
1091 1921 1135 1984 tto
1157 1939 1214 1984 no·

95 2015 212 2084 hiscum
234 2025 421 2087 custodiunt
442 2031 540 2105 atque
563 2033 783 2100 venerentur,
807 2031 844 2088 ut
868 2025 980 2089 nullus
1001 2041 1069 2088 esse
1090 2023 1213 2102 episco-

96 2137 151 2198 pus
167 2132 352 2204 reputetur,
374 2127 429 2205 qui
446 2126 588 2208 ejusdem
605 2127 724 2211 synodi
745 2125 909 2199 defensor,
923 2131 1128 2205 sectatorque
1148 2141 1213 2187 nou

95 2218 197 2286 luerit.
221 2223 305 2289 Hinc
320 2233 366 2288 est
387 2227 484 2302 enim,
506 2233 543 2290 ut
558 2229 684 2308 quoties
705 2228 736 2290 in
758 2233 903 2308 quatuor
927 2227 1109 2308 praecipuis
1128 2225 1213 2289 sedi·

95 2317 149 2385 hus
163 2325 318 2389 antistites
340 2327 547 2404 ordinantur,
564 2328 733 2414 synodales
747 2329 805 2391 sihi
819 2328 970 2409 epistolas
987 2328 1124 2390 vicissim
1139 2328 1213 2390 mit·

97 2427 177 2488 tant:
210 2427 242 2489 in
264 2427 383 2508 quibus
403 2445 438 2490 se
459 2436 600 2491 sanctam
632 2428 917 2494 chalcedonensem
946 2427 1112 2516 synodum
1134 2445 1211 2494 cum

94 2523 158 2587 aliis
179 2528 384 2606 generalibus
417 2525 551 2612 Synodir
582 2529 745 2594 custodire
772 2529 954 2594 fateantur:
988 2532 1073 2595 sicut
1095 2539 1127 2594 et
1149 2549 1208 2596 uos

94 2641 299 2705 aversamur,
323 2639 420 2709 atque
442 2633 644 2695 anathemato
665 2631 850 2713 plectendos
874 2631 1040 2709 ducimus,
1063 2633 1147 2714 siqui
1169 2633 1210 2698 do

95 2724 151 2789 lide
171 2731 316 2811 ejusdem
338 2731 455 2816 Synodi
471 2733 592 2813 aliquid
616 2734 818 2809 imminuere,
836 2734 887 2798 rel
902 2733 1026 2814 aliquid
1042 2735 1074 2797 lu
1094 2751 1132 2797 oa
1153 2734 1210 2796 ad·

94 2825 163 2892 dore
183 2841 408 2911 praesumunt.
433 2832 515 2899 Nam
539 2833 699 2918 synodus,
722 2853 807 2916 quae
828 2843 901 2916 post
922 2853 992 2900 eam
1014 2835 1210 2915 generaliter

94 2927 169 2992 lacta
190 2941 251 3010 est,
275 2934 396 2998 idcirco
418 2954 434 2998 a
457 2936 546 2999 nohis
570 2935 747 3015 recipitur,
770 2938 846 3018 quia
868 2936 1012 3018 ejusdem
1033 2933 1152 3018 Synodi
1174 2935 1208 2998 in

92 3033 231 3098 omnibus
252 3051 400 3117 sequax,
434 3039 588 3100 honorem
612 3037 702 3102 illius
728 3039 1022 3116 auctoritatemque
1053 3035 1205 3100 custodit.

92 3124 174 3196 Unde
188 3154 318 3200 necesse
331 3146 391 3215 est,
415 3145 452 3202 ut
467 3139 650 3204 dulcissima
667 3139 743 3201 mihi
760 3139 891 3209 dileetio
905 3145 958 3201 tna
974 3139 1006 3200 ie
1018 3139 1093 3214 hoc,
1115 3140 1205 3219 qnod

92 3237 259 3318 praecipue
281 3239 311 3302 iu
333 3241 423 3304 honis
445 3240 590 3306 rhuriltns
615 3241 715 3318 sirit,
739 3241 826 3321 quod
846 3259 881 3304 se
903 3257 961 3319 per
981 3240 1205 3304 abstinentiam

90 3331 203 3416 adlipit,
226 3339 315 3420 qnod
338 3341 503 3406 doctrinae
525 3343 587 3406 Dei
611 3341 830 3408 vehementior
852 3341 978 3415 insistit,
999 3340 1063 3404 hoo
1081 3339 1205 3406 studio·

87 3433 150 3499 rius
172 3441 309 3521 cogitet,
332 3461 372 3506 ne
402 3461 549 3507 errorem
572 3443 852 3510 schismaticorum
872 3457 1031 3522 sequeus,
1053 3459 1071 3503 a
1092 3449 1202 3506 sancta

92 3538 259 3606 ontrorsatt
282 3541 426 3608 Ecclesia
451 3544 552 3610 divisa
575 3544 673 3625 possit
695 3545 844 3610 inveniri.

165 3643 235 3708 elit
257 3645 334 3726 quid
352 3652 398 3710 tot
412 3645 540 3711 labores
560 3647 751 3725 proderunt,
767 3646 793 3709 si
808 3646 839 3707 in
854 3645 976 3708 unitate
998 3643 1071 3707 lidai
1092 3645 1202 3709 iuven·

92 3739 110 3802 ti
131 3759 189 3805 non
211 3743 345 3819 luerint,
362 3763 446 3824 quac
467 3753 540 3808 aute
556 3727 614 3809 tlot
630 3744 855 3824 omnipotentis
875 3743 988 3808 oeulos
1010 3745 1041 3804 in
1063 3743 1153 3807 bonis
1166 3763 1201 3807 a·

90 3841 184 3906 ctibus
211 3847 349 3907 animam
371 3849 544 3925 praecipue
566 3845 736 3911 custoditi
754 3845 836 3936 Hinc
861 3843 946 3908 enim
966 3841 1108 3908 dicitura
1131 3861 1201 3908 unu

90 3950 127 4002 est
145 3943 284 4007 columba
304 3964 383 4022 meo,
403 3947 542 4027 perfectu
563 3965 639 4010 mro.
656 3943 739 4010 ilinc
759 3945 797 4008 ud
822 3943 957 4030 Moysen
977 3943 1133 4008 Dominus
1152 3944 1200 4006 di·

91 4041 147 4104 cit:
167 4054 210 4107 est
230 4047 319 4109 torua
329 4065 422 4127 penes
440 4065 503 4122 me,
522 4055 551 4110 et
571 4049 774 4128 archirattprr
791 4053 924 4127 petrem.
941 4045 1022 4122 Quis
1043 4051 1091 4108 est
1104 4043 1197 4108 locus

90 4145 140 4219 qui
159 4161 219 4210 non
239 4147 280 4210 sit
302 4145 444 4225 iudico,
467 4150 545 4214 dum
566 4157 682 4215 cuncta
703 4151 743 4215 ah
765 4149 856 4230 ipso,
887 4165 1062 4229 perquem
1085 4155 1196 4212 creata

89 4251 165 4325 aunt,
187 4235 419 4316 continentur?
439 4249 501 4318 Sed
524 4257 630 4318 tamen
644 4257 692 4317 ost
712 4251 805 4317 locus
825 4249 911 4334 apud
933 4267 1022 4328 eum,
1046 4249 1196 4315 videlieet
