3066 4950
105 521 359 587 circumstantiam
381 523 422 587 ab
444 523 513 604 ipso
535 501 690 586 liberato
723 524 866 585 nulalam
890 519 1034 602 lrauslgil
1055 518 1199 594 omnino,

14 629 22 670 ²
106 628 134 685 et
152 623 318 706 quidquam
335 627 411 689 buio
432 627 629 689 contrarium
652 621 782 686 indicat.
800 619 831 686 ls
849 623 935 686 enim
948 639 1062 686 causas
1078 620 1200 700 disqui-

103 741 167 786 rens
193 725 286 805 bujus
307 725 397 800 belli,
430 727 541 805 eisque
568 725 742 802 compertis
763 724 795 786 in
826 725 924 788 caede
947 722 1202 788 bmalasuntbas

101 825 220 904 reginae
239 823 394 891 Theodati
418 827 542 900 uxoris,
567 825 661 908 cujus
682 825 750 905 ipse
772 842 830 889 rex
853 825 1033 908 putubatur
1055 843 1144 901 rens,
1167 823 1199 887 in

13 937 21 976 t
50 956 54 964 ·
102 941 126 988 c.
148 924 201 988 ΙΙΙ.
225 925 311 994 Libri
334 927 357 991 l.
379 929 505 1009 inquit:
524 949 540 988 u
557 925 720 1004 Quocirca
742 927 859 992 Petrus
874 929 1022 1008 (legatus
1046 926 1201 992 lestinis·

13 1037 22 1080 r
101 1023 146 1102 nil
166 1023 327 1092 Theodoto
349 1030 535 1108 gotthisque
557 1032 672 1094 ceteris
687 1037 798 1110 aperte
820 1029 1034 1105 denuntiarit,
1057 1028 1203 1110 quandu-

16 1143 20 1153 ’
101 1127 220 1206 quidem
235 1129 295 1194 boe
313 1131 436 1195 lacinus
458 1131 671 1206 admisissent,
691 1129 898 1209 imperatoris
922 1129 1044 1193 bellom
1065 1146 1140 1193 cuns
1163 1131 1200 1193 iis

14 1245 20 1282 ι
101 1228 164 1291 iore
183 1232 383 1312 inexpiabile.
410 1234 456 1296 bc
476 1233 593 1295 stolide
616 1232 742 1312 ineptus
756 1230 955 1307 Theodotus,
979 1249 1053 1296 cnm
1071 1229 1202 1294 Amala-

98 1333 225 1396 suuthae
237 1333 500 1398 interlectoribus
517 1333 695 1414 plurimum
712 1333 843 1396 honoris
860 1335 1033 1408 tribueret,
1059 1331 1156 1397 Petro
1171 1339 1205 1396 at

96 1423 281 1511 imperatori
304 1436 501 1516 persuadere
524 1435 665 1511 volebat,
680 1453 715 1497 se
737 1436 866 1499 minime
887 1435 1099 1518 approbante,
1122 1436 1202 1516 quin

98 1535 197 1611 potins
217 1538 419 1614 invitissimo,
440 1537 569 1617 gotthos
590 1537 652 1599 boc
667 1536 832 1617 piaculum
852 1535 1151 1619 perpetrassenllt
1173 1522 1206 1602 ni

13 1653 20 1694 ε
97 1654 182 1717 cupp-
201 1641 409 1717 soquentibus
429 1639 592 1711 subditur,
618 1637 865 1718 lrnpcralorem,
896 1646 933 1702 ut
954 1639 1076 1704 certior
1098 1631 1205 1704 lacius

96 1745 138 1798 cst
167 1739 204 1801 de
238 1739 491 1804 amalasunthae
523 1749 641 1815 morte,
664 1740 787 1802 bellom
816 1741 995 1822 suscepisse
1026 1740 1204 1806 adversum

96 1834 310 1906 Tbeuslnturn:
335 1844 419 1906 nnuc
435 1841 528 1905 valle
545 1842 639 1905 vuldo
660 1843 719 1906 iste
741 1859 860 1920 pareus
881 1833 1007 1907 studuit
1021 1845 1136 1924 quasis
1152 1861 1205 1906 ra·

13 1963 17 2000 t
97 1939 174 2004 tiene
195 1961 269 2006 cunr
294 1943 477 2008 iustiniaoo
498 1943 685 2019 convenire,
708 1945 811 2007 missis
826 1940 1138 2023 Constantinopolim
1160 1942 1207 2008 le·

13 2041 17 2104 1
95 2045 181 2120 gatis,
196 2047 253 2126 qni
276 2049 335 2108 istu
360 2045 604 2125 componerent,
621 2061 658 2109 ao
677 2044 879 2126 supplicibus
900 2044 982 2109 datis
1005 2041 1148 2127 epistolis
1163 2045 1204 2110 ad

95 2145 238 2208 eumdem
261 2165 323 2228 pre
344 2156 458 2211 mutua
481 2163 560 2226 pecu
580 2134 751 2210 serrantia.

171 2245 281 2330 Hujus
296 2268 396 2329 porro
410 2250 579 2329 legationis
593 2249 820 2342 princepsluit
841 2250 1008 2332 Agapetus
1025 2248 1125 2333 Papa,
1148 2269 1205 2315 cu·

13 2373 15 2410 t
92 2346 142 2426 ies
171 2347 385 2415 Cassiodorus
406 2351 438 2413 in
460 2349 602 2431 epistolis
634 2347 769 2414 dirersis
795 2353 987 2416 mentionem
1010 2354 1087 2432 agit,
1108 2351 1205 2416 siculi

94 2449 131 2512 de
150 2451 295 2516 sensibus
318 2453 448 2516 mitibus
469 2461 502 2515 el
521 2451 676 2531 pacificis,
699 2471 782 2533 quos
803 2447 989 2517 Theodatus
1013 2472 1123 2518 coram
1144 2453 1206 2517 Ju-

13 2589 14 2592 =
93 2552 224 2617 stiniano
241 2555 403 2635 expressit
423 2551 571 2616 edistius
593 2553 764 2617 sedandam
777 2555 1027 2632 indignationem
1050 2553 1092 2618 ob
1107 2539 1206 2620 dmuss

93 2651 260 2718 lusuotbae
276 2672 396 2718 necem.
415 2651 604 2733 inepistola
620 2658 717 2733 enim,
734 2673 833 2736 quam
851 2659 918 2738 ipse
930 2655 1141 2721 Cassiodorus
1158 2655 1208 2720 Li·

92 2753 149 2819 bro
168 2753 210 2820 X.
236 2757 384 2820 inscribit
406 2773 436 2818 u.
461 2753 510 2824 19.
534 2753 720 2821 Theodalus
742 2759 785 2820 lta
810 2757 1043 2839 imperatorem
1066 2759 1207 2840 ulloqui·

93 2863 166 2921 tur:
180 2879 196 2919 r
212 2857 377 2922 Praestare
392 2860 493 2938 igitur
508 2859 628 2923 muodo
645 2869 770 2922 nestrae
785 2859 988 2941 benignitatis
1003 2861 1204 2942 exemplum,

95 2965 128 3021 nt
147 2958 246 3024 detur
269 2957 424 3040 intelligi·
451 2970 611 3042 quantum
632 2969 880 3041 promoveatur,
911 2963 1023 3044 quise
1045 2981 1126 3042 pure
1151 2983 1207 3026 so·

93 3057 138 3123 bis
158 3059 332 3125 affectione
354 3059 795 3146 commendat....0portet
816 3081 907 3142 ergo,
930 3072 1072 3127 nostram
1095 3081 1206 3144 pacem

90 3163 227 3240 serrari,
251 3181 336 3246 quae
359 3163 448 3228 vobis
469 3163 609 3228 contulit
629 3163 770 3242 gloriosa
802 3162 937 3226 exordia
961 3163 1122 3228 vocabuli.
1144 3163 1205 3229 Sed

92 3273 128 3325 nt
146 3265 250 3328 saeris
271 3261 422 3327 nllatibus
443 3265 557 3328 urdine
589 3263 785 3342 respondere
809 3262 991 3340 videamur,
1014 3265 1208 3327 reverentis·

90 3366 167 3427 sima
189 3365 388 3428 salutatione
417 3364 567 3440 decursa,
591 3365 649 3442 piis
671 3363 816 3426 sensibus
842 3363 1033 3439 indicemus,
1064 3364 1208 3428 beatissi-

90 3479 179 3530 mum
201 3466 325 3545 Papam
357 3462 603 3539 erheuenne,
629 3465 679 3527 vel
711 3466 944 3542 amplissimum
976 3463 1129 3554 Senatum
1152 3483 1209 3528 uo·

89 3575 154 3630 stra
178 3569 407 3649 praeceptione
428 3568 653 3642 commonitos,
672 3573 707 3630 ut
725 3569 775 3631 sir
788 3567 1073 3647 eloquentissimus
1089 3565 1205 3632 Petrus

89 3669 220 3749 legatus
241 3669 422 3735 serenitatis
447 3678 595 3733 restrae.
611 3714 618 3730 .
633 3670 889 3748 .‘.competentia
914 3687 1064 3748 response
1087 3661 1210 3750 recipe·
1339 3737 1343 3746 ,

91 3781 138 3833 ret
143 3815 248 3834 .....
258 3770 397 3851 ‘qnando
417 3777 450 3835 et
470 3763 622 3850 pietatem
647 3779 785 3832 nestram
810 3771 871 3832 boc
892 3771 1024 3834 studere
1045 3772 1209 3852 cognosci-

90 3893 174 3944 mus,
212 3871 301 3952 quod
324 3873 413 3935 nobis
436 3889 493 3950 pur
518 3871 623 3932 omnia
652 3866 803 3948 prodesse
824 3872 989 3934 sentimus.
1014 3868 1074 3934 Cui
1091 3872 1209 3960 ¹virum

74 3975 313 4037 senmbtlem
336 3975 429 4038 illem
451 3956 677 4054 (Agapetnml'
700 3971 843 4050 legatum
866 3978 1013 4035 nostrum
1036 3971 1211 4053 adjungen-

87 4071 166 4135 dum
191 4093 262 4135 esse
284 4073 480 4137 credidimus
493 4091 504 4150 ;
528 4084 647 4135 utnon
670 4089 729 4150 per
749 4073 951 4137 occasionum
967 4073 1135 4152 legationis
1161 4094 1212 4135 ve·

87 4183 189 4250 strae,
223 4176 433 4255 sed'propria
464 4175 570 4254 potius
592 4163 826 4254 deminutiones
844 4173 952 4240 nostra
977 4177 1102 4256 possitis
1137 4183 1210 4239 sota

88 4293 340 4354 cognoscere.»

223 4371 285 4436 l'ot.
311 4372 364 4438 ll'.
1055 4373 1095 4441 18
