2982 4934
329 497 474 562 'enuntia
493 489 681 579 simpliciter
700 493 891 572 sinentibus,
905 491 1038 558 Librum
1059 501 1181 556 mtrem
1201 487 1424 556 intentasse

334 615 393 680 per
412 599 552 680 oapitula
573 599 752 680 digestum,
773 605 807 662 et
827 597 961 663 eruditis
981 605 1014 662 et
1032 595 1181 660 studiosis
1201 592 1425 679 quinquaqinta

333 697 579 781 sententiarum
599 719 696 782 queso
716 718 777 781 ego
796 699 932 764 tatinum
953 698 1076 780 primus
1097 696 1169 761 iani.
1190 696 1272 762 Nam
1293 696 1426 779 superio

335 818 406 864 rem
426 799 507 864 olim
531 802 731 878 translatum,
746 802 821 882 quia
837 801 983 864 vitiatum
1002 807 1036 863 et
1049 819 1108 880 per
1130 809 1254 880 tempus
1268 797 1426 862 eoniusum

338 902 413 978 ridi,
426 905 542 982 partim
558 902 847 982 reinterpretando,
863 901 979 983 partim
993 900 1204 980 emendando,
1219 899 1371 964 Auctoris
1384 914 1427 960 ra·

336 1005 423 1068 ritsti
444 1005 580 1069 restitui.
611 1003 799 1084 Composuit
827 1012 859 1067 et
880 1004 1053 1068 coenobitis
1082 1011 1114 1067 et
1141 1000 1295 1084 synoditis
1319 999 1427 1064 doetri-

338 1123 408 1168 nam
431 1113 538 1188 aptam
561 1107 645 1170 ritae
665 1106 864 1186 communis.;
885 1115 919 1170 at
939 1106 977 1168 ad
997 1107 1138 1185 uirgines
1153 1103 1220 1168 Deo
1240 1109 1381 1166 sacratas
1396 1099 1428 1161 li·

336 1208 458 1272 bellum
472 1217 706 1289 competentem
722 1207 866 1288 reiigioni
888 1216 920 1270 et
940 1210 1045 1272 sexui.
1062 1204 1171 1270 Edidit
1183 1212 1216 1270 et
1230 1223 1350 1286 paneas
1367 1219 1426 1267 sen·

337 1311 485 1374 tentioIas
506 1311 600 1374 vaide
620 1310 786 1386 obscuras,
809 1319 841 1372 et
863 1309 921 1388 (ut
941 1311 1007 1388 ipse
1027 1309 1058 1370 in
1081 1309 1129 1370 isis
1150 1307 1217 1383 ait)
1233 1306 1310 1370 sniis
1330 1320 1427 1368 mour·

338 1410 475 1473 enorum
497 1410 647 1474 sordibus
667 1409 919 1490 cognoscibilem
935 1427 1016 1492 quas
1037 1427 1097 1489 ego
1109 1409 1257 1472 similiter
1276 1408 1427 1472 iatinsse-

336 1510 412 1574 didi.
436 1508 523 1576 Vixit
542 1512 636 1592 longa
657 1517 762 1575 aetate
781 1512 878 1592 signis
898 1519 931 1574 et
952 1511 1125 1574 virtutibus
1146 1510 1310 1589 potiens.»

415 1609 505 1676 Haeo
525 1620 596 1694 post
616 1620 744 1678 uentum
768 1612 835 1677 iare
855 1617 953 1675 annos
973 1611 1013 1676 de
1027 1609 1169 1692 Evagrio
1188 1611 1338 1691 loquitur
1357 1607 1428 1674 Gen·

337 1713 463 1790 nudius,
478 1731 516 1778 ao
530 1715 573 1776 ita
588 1714 726 1791 disserit,
741 1715 861 1796 qnippe
875 1715 918 1778 ob
932 1713 1045 1778 oeulos
1057 1715 1157 1795 ipsius
1171 1714 1290 1792 scripta
1306 1711 1424 1783 habeus,

335 1831 478 1894 suaeque
492 1817 524 1880 in
543 1815 685 1880 aoeiesits
701 1811 804 1880 iama'e
819 1815 861 1878 ob
881 1814 1058 1896 singulares
1078 1814 1148 1896 eius
1164 1815 1300 1878 virtutes
1314 1830 1352 1876 ae
1364 1827 1428 1894 por·

338 1924 424 1980 tenta
444 1919 628 1998 conspicua,
650 1915 797 1994 auditur,
819 1914 1012 1998 nullumque
1034 1935 1074 1980 ex
1095 1915 1262 1980 catholicis
1284 1914 1359 1978 viris
1381 1911 1428 1974 ad·

338 2033 451 2082 versus
472 2015 648 2098 Esagn'nnt
668 2015 806 2098 sinque
824 2017 971 2097 dogmata
993 2018 1207 2098 insurgentem
1228 2023 1351 2080 notans.
1370 2012 1427 2078 Neo

337 2116 475 2197 amptius
496 2117 673 2198 putandum
694 2127 755 2193 eat,
770 2115 969 2184 Gennadium
990 2117 1036 2182 sio
1054 2117 1217 2198 scripsisse
1237 2117 1278 2182 de
1298 2113 1426 2195 Evagrio

336 2217 432 2282 aienti
452 2225 485 2282 et
504 2217 544 2282 de
563 2217 714 2295 liutduo,
734 2219 827 2299 quasi
847 2219 906 2300 ipsi
925 2237 1034 2283 seeum
1054 2218 1221 2282 erroribus
1241 2217 1361 2298 Pelagii
1378 2222 1426 2278 ast

335 2317 494 2384 stmttinus
513 2319 694 2384 adhaesisse
713 2319 914 2396 riderentur,
938 2318 986 2382 uti
1005 2317 1150 2382 nonnulli
1172 2312 1365 2383 s'eeeuttores
1380 2332 1426 2380 su·

336 2417 450 2498 spineti
462 2427 549 2482 sunt.
570 2416 673 2483 Nemo
688 2421 783 2498 enirn,
804 2437 865 2484 nee
884 2418 1038 2499 Origenes
1053 2419 1189 2500 primus,-
1211 2437 1270 2483 neo
1290 2415 1425 2482 nonnos

338 2518 464 2597 deinde,
487 2537 545 2584 uee
565 2507 725 2601 Euagrius
745 2523 776 2584 in
799 2520 984 2603 hujusmodi
1005 2521 1086 2600 iapsi
1106 2527 1181 2584 sunt
1208 2537 1357 2584 errores:
1377 2531 1425 2580 nea

338 2619 442 2682 multo
463 2620 567 2684 miuus
587 2617 782 2697 Gennadius,
803 2624 860 2704 qui
880 2621 1046 2701 Pelagium
1067 2621 1171 2702 ipsum
1192 2627 1226 2684 et
1244 2619 1424 2686 Conlatinus

229 2754 231 2760 .
338 2717 573 2783 honestaretur
590 2721 736 2802 appellat
754 2731 788 2784 et
801 2720 935 2805 irapinas
956 2739 1036 2786 suas
1058 2721 1195 2802 denique
1216 2721 1289 2786 tidei
1315 2718 1424 2786 eanim-

336 2821 458 2884 sionem
478 2821 635 2886 sinceram
656 2826 782 2888 mittens
803 2823 843 2887 ad
866 2823 1051 2887 Pontificem
1065 2821 1259 2887 Romanum.

232 3000 237 3006 ¹
417 2919 546 2986 Cunctis
572 2921 620 2985 iris
648 2922 796 2986 diseuasis
821 2923 861 2987 de
884 2921 1038 3003 Evagrio,
1062 2923 1134 2987 vide
1153 2924 1333 2988 antithesim
1353 2921 1425 2982 inter

337 3015 526 3104 Hieronymi
545 3029 579 3086 at
599 3022 738 3086 aliorum
758 3021 893 3086 Petrum
911 3025 1068 3106 iudicium
1093 3026 1178 3090 eirea
1210 3025 1300 3089 istius
1319 3020 1424 3086 doetri-

338 3137 412 3184 nam
434 3123 476 3182 ita
499 3129 557 3200 nt,
578 3123 604 3186 si
626 3140 728 3187 unum
748 3124 888 3204 excipias
909 3123 1165 3212 Hieronymum,
1195 3127 1294 3192 aeteri
1319 3123 1423 3189 audra-

339 3223 456 3300 geotur
474 3221 639 3289 doetrinae
659 3223 803 3306 ejusdem
823 3225 1026 3292 orthodoxae
1046 3236 1079 3292 et
1097 3228 1266 3294 sancitati.
