3138 4950
98 523 127 578 et
145 529 216 580 curn
233 511 463 578 recitatoribus
485 510 727 592 tragoediarum
742 527 948 580 annumerer.
962 511 1005 575 at
1021 529 1135 576 rursus
1157 530 1208 575 nae

98 614 369 692 illudconlrrnot,
394 621 548 694 rotatque
569 613 744 676 absterreri
766 613 926 692 grarime
939 615 1107 690 materiae,
1120 613 1209 694 quod

99 733 156 778 nou
184 717 242 780 nisi
266 721 381 778 testata
409 730 518 778 narro.
542 712 623 778 Nam
645 715 703 794 qui
724 714 819 779 bodie
842 714 957 778 vivunt
985 713 1154 779 certissimi
1176 731 1210 776 a·

96 821 218 878 ctorem
241 821 349 891 testes,
370 813 448 877 satis
469 813 588 877 babent
608 814 827 888 auctoritatis,
849 821 886 876 ut
907 812 1015 892 ddum,
1030 830 1129 894 qnam
1151 814 1208 877 illa

98 915 219 990 babent,
247 917 501 995 inconsequens
521 931 639 980 aarum
661 915 844 995 producant
863 920 924 980 etc.
949 935 965 973 s

170 1013 228 1081 tta
241 1035 281 1080 ex
299 1016 459 1096 Procopio
482 1017 626 1081 brevitor
647 1018 842 1098 praemissis,
858 1017 989 1097 speciali
1003 1018 1112 1082 studio
1132 1037 1209 1084 con·

96 1119 239 1182 terantur
257 1117 446 1198 singillatim
469 1118 510 1181 ab
530 1135 570 1182 co
593 1124 744 1193 tractata,
767 1119 841 1182 binc
867 1117 951 1192 inde,
974 1118 1056 1182 idest
1081 1127 1145 1183 tom
1167 1120 1207 1184 de

95 1217 232 1284 ilistoria
248 1218 377 1284 Arcana
391 1236 490 1300 quarn
506 1217 546 1280 de
567 1219 639 1282 aliis
653 1220 756 1294 libris,
779 1220 907 1283 selectis
922 1219 1146 1302 expeditisque
1163 1229 1208 1286 te·

93 1319 255 1384 sti-ontis.
279 1320 328 1384 Ac
348 1322 439 1401 prins
459 1319 575 1396 adsint,
598 1338 684 1401 quae
704 1321 785 1384 inc.
814 1318 903 1384 vttt.
932 1320 1077 1402 ejmdem
1101 1320 1209 1388 ilisto-

95 1421 158 1482 riso
177 1423 300 1484 comsit
313 1420 354 1484 de
367 1418 542 1486 iustiniani
560 1419 749 1484 stoliditate:
766 1442 783 1480 a
798 1418 893 1496 Nam,
906 1422 1022 1502 iuquit,
1040 1425 1121 1487 mire
1141 1433 1206 1487 sto·

93 1517 174 1584 lidus
194 1519 256 1585 luit
275 1531 308 1584 et
329 1521 418 1584 leuto
438 1537 537 1601 qnam
551 1522 736 1586 simillimus
750 1523 852 1595 asino,
869 1524 1011 1602 capistro
1031 1523 1126 1587 iacila
1142 1533 1207 1586 tra·

94 1621 226 1696 bandus,
249 1625 302 1686 cui
323 1631 356 1686 et
376 1641 473 1688 auree
494 1624 629 1688 subinde
650 1625 865 1704 agitarentur.
888 1623 978 1690 llaec
1005 1625 1083 1690 dum
1105 1624 1207 1692 lusti·

95 1723 204 1786 uiscus
226 1722 417 1804 negligeret,
440 1722 567 1803 relique
588 1725 696 1788 omnia
729 1724 985 1804 perturbavit.»
1016 1722 1137 1789 Deinde
1157 1745 1208 1789 aa·
1298 1735 1306 1744 “

96 1823 215 1887 similat
240 1824 391 1888 eumden
421 1823 623 1889 Domitiano:
649 1824 810 1906 «Species
841 1826 972 1906 quidem
1003 1827 1083 1890 baec
1106 1825 1208 1891 lusti·

95 1926 188 1988 nisuo
210 1924 293 1990 iuitr
317 1927 373 2006 qui
394 1933 505 1992 autem
528 1925 633 1990 eidem
654 1943 774 2000 mores,
798 1925 917 1990 trustra
940 1928 1038 2002 nitar,
1053 1929 1078 1990 si
1100 1928 1208 1992 dicere

96 2025 190 2088 velim
211 2025 382 2106 exquisite.
410 2025 491 2090 lirst
512 2026 563 2090 bic
593 2029 691 2091 bomo
711 2028 806 2108 juxta
836 2028 994 2107 malignus
1014 2035 1048 2090 ct
1067 2026 1204 2109 deceptu

94 2125 215 2204 tacilis5
236 2128 419 2208 cuiusmodi
440 2129 603 2208 ingenium
621 2129 747 2194 iatunm
769 2146 973 2210 pravumque
987 2129 1200 2210 appellamus.

95 2226 177 2292 Nan
197 2229 392 2295 adeuntibus
406 2233 511 2296 ononis
535 2239 641 2296 mente
662 2232 761 2305 mals,
784 2231 863 2294 nibil
883 2240 941 2294 aut
960 2248 1009 2306 rc,
1025 2239 1083 2295 eut
1099 2233 1204 2296 serbis

95 2328 300 2407 praelerebat
315 2334 400 2410 veri;
423 2331 490 2412 ipse
508 2333 716 2397 nibilominus
731 2330 901 2396 troadibus
922 2331 1038 2412 passim
1060 2333 1203 2396 omnium

96 2433 275 2510 expositus.
300 2428 459 2496 insciente
480 2433 542 2497 boo
568 2433 677 2498 ietuac
699 2434 908 2514 perditaeque
939 2433 1052 2497 mentis
1084 2441 1204 2512 tempe·

96 2539 245 2596 ramento
267 2533 293 2594 is
313 2533 517 2598 succinit.»

172 2629 262 2696 llaec
290 2645 514 2714 perscrutatus
535 2635 701 2703 liicbelius
723 2641 755 2702 in
776 2640 876 2702 citato
898 2637 986 2701 libro
1005 2655 1036 2719 p.
1057 2635 1108 2703 bl.
1132 2641 1210 2701 scri-

89 2735 156 2798 bit:
172 2733 235 2800 aSi
256 2745 380 2815 spectes
401 2739 472 2819 cius
493 2755 607 2802 curam
629 2747 662 2803 et
683 2741 910 2804 dexteritatem
935 2739 966 2801 in
987 2737 1113 2819 legibus
1136 2755 1210 2802 con-

73 2837 215 2912 denota,
242 2839 345 2919 iisqne
368 2842 480 2916 statui,
502 2843 559 2920 qni
590 2851 658 2906 tum
681 2841 855 2914 obtinebat,
878 2841 1019 2904 solerter
1046 2838 1209 2920 applican-

88 2937 151 3012 dis,
175 2939 262 3018 quod
286 2941 443 3019 peculiari
464 2942 572 3020 Opere
595 2941 771 3021 aliquando
793 2939 1038 3014 monstrabitur,
1055 2939 1210 3002 facillime

92 3055 171 3100 caua
187 3040 336 3116 opinione
356 3040 515 3104 stultitiae
529 3040 692 3104 liberabis.
716 3039 840 3103 ilerum
854 3031 933 3103 verb
949 3041 1206 3119 theologicarum

85 3139 173 3202 adeo
191 3140 253 3204 luit
274 3145 411 3220 peritus,
428 3151 465 3206 ut
486 3159 549 3205 non
573 3149 695 3206 tautum
717 3144 785 3222 ipse
806 3142 906 3204 libros
927 3159 993 3204 asc
1008 3141 1207 3220 conscriptos

87 3241 244 3317 ediderit,
267 3244 322 3306 sed
353 3263 428 3308 cum
460 3247 619 3324 episcopis
648 3264 689 3307 ex
722 3243 941 3305 remotissimis
965 3241 1147 3320 regionibus
1169 3241 1207 3302 ad

84 3363 122 3406 se
144 3343 270 3419 accitis,
292 3347 403 3425 siquos
424 3345 569 3410 celebres
590 3354 622 3409 et
647 3347 759 3409 doctos
781 3342 945 3418 audiebat,
968 3359 1077 3404 coram
1100 3341 1208 3404 crudi-

86 3455 121 3510 te
143 3445 370 3525 disputaverit.
394 3446 470 3510 Post
490 3447 690 3510 consolatam
710 3442 862 3508 Belisorii
881 3460 968 3506 cano
995 3443 1141 3514 secando,
1163 3445 1208 3505 ait

83 3545 191 3628 buius
221 3548 427 3614 adversarius
449 3547 563 3612 Victor
583 3547 783 3621 tununensis,
811 3541 1016 3608 lastinianus
1038 3541 1209 3620 imperator

81 3647 187 3711 libros
214 3650 251 3712 ds
275 3647 499 3714 incarnatione
523 3648 685 3712 dominico
714 3645 822 3710 edidit.
853 3645 939 3708 idem
972 3643 1083 3709 Victor
1115 3653 1208 3707 testa-

81 3759 156 3828 tur,
180 3769 215 3814 se
235 3753 417 3832 quindecim
439 3752 506 3815 dies
534 3751 676 3830 integros
690 3765 765 3812 curn
788 3747 987 3828 imperatore
1014 3746 1054 3810 dc
1078 3755 1208 3810 contro-

80 3853 206 3915 versiis
226 3849 429 3932 Tbeologicis
450 3859 673 3916 concertasse:
700 3847 803 3912 Victor
816 3857 844 3914 et
868 3847 1055 3911 licentiosius
1074 3847 1208 3925 antelati

78 3947 227 4030 episcopi
257 3951 399 4031 africani
419 3953 455 4014 de
475 3969 598 4016 corone
627 3949 814 4034 eiiciantur,
837 3957 956 4029 etpost
979 3946 1207 4028 dr'sputotiones

75 4053 118 4114 in
135 4055 304 4133 practorio
324 4053 493 4120 continuos
514 4052 637 4118 dieram
659 4050 728 4118 XV.
750 4053 792 4114 cd
812 4052 911 4114 oliam
942 4047 1115 4113 custodiam
1136 4049 1208 4111 mit·

71 4165 210 4218 tantur.
228 4153 297 4220 Nec
314 4156 517 4221 dissimulant
541 4158 620 4222 baec
635 4153 805 4227 Anecdoto,
829 4155 976 4233 quamvis
991 4152 1032 4216 ob
1055 4150 1204 4230 idipsum

74 4258 211 4322 bouum
229 4257 404 4340 principem
421 4258 671 4340 reprehendant,
684 4273 743 4335 pro
764 4275 824 4336 qno
839 4255 944 4318 stadio
957 4253 1049 4335 ajunt
1063 4255 1106 4333 (n.
1121 4249 1204 4328 272.)
