3066 4950
315 407 378 480 306

317 533 390 580 rum
412 517 614 594 promovent.
636 515 799 583 Piisstnans
819 519 928 584 antem
943 519 1053 584 noster
1075 516 1259 616 imperatur
1279 522 1348 585 inm
1362 515 1426 584 lin·

316 619 477 686 stuehium
499 621 717 701 patriarcham
739 621 809 685 beri
830 623 948 699 sanxit,
971 627 1041 686 tum
1065 623 1309 687 uenumenieasn
1329 623 1426 707 Synn-

315 721 393 784 dnm
415 721 465 802 agi
487 721 660 786 mandavit.
685 723 794 810 Atque
814 726 933 789 citatus
961 723 1060 790 abbas
1075 721 1193 789 ·Cunon
1214 723 1427 790 Eustochium

315 821 578 908 Hierosolymam
608 825 774 901 mittendo,
809 827 958 890 hortatus
979 836 1028 890 est
1056 834 1094 891 nt
1121 823 1300 908 Eulogium
1320 843 1428 890 mona·

312 926 402 988 sterii
425 925 508 988 beati
530 923 702 991 Theodosii
724 928 945 1008 praepositum
968 928 1124 1002 mitteret,
1141 947 1209 1010 qun
1229 929 1257 991 is
1277 928 1376 993 etiam
1394 928 1426 991 in

313 1025 456 1111 Synudo,
478 1045 564 1108 quae
591 1028 852 1108 congregabatur
871 1029 1009 1093 adesset.
1033 1028 1063 1094 ls
1091 1027 1292 1094 Eustochius
1311 1029 1343 1092 in
1373 1045 1428 1110 pa·

314 1129 496 1192 triarebntn
510 1130 717 1206 constitutus,
733 1138 799 1194 tres
820 1131 990 1213 episeopus
1010 1133 1109 1210 misit,
1125 1132 1183 1213 qni
1204 1130 1315 1197 lonnm
1329 1131 1427 1212 ipsius

312 1233 345 1295 in
366 1227 511 1296 Consilio
533 1239 689 1307 tenerent,
712 1240 948 1313 praetereaque
976 1231 1126 1298 abbatem
1154 1231 1332 1315 Eulogium
1351 1251 1426 1300 enm

245 1328 248 1336 ’
314 1333 387 1397 aliis
408 1332 536 1398 dnobus
559 1335 831 1399 monasteriorum
854 1335 1056 1418 praepositis.

396 1433 545 1515 altaque
567 1453 640 1498 oum
657 1442 767 1498 saneta
789 1441 820 1498 et
843 1435 1037 1500 universalis
1051 1436 1164 1518 quinta
1178 1435 1328 1522 synodus
1347 1435 1429 1503 Con·

313 1534 522 1615 sinntinupoli
548 1542 631 1598 esset
651 1545 859 1615 congregata,
892 1537 1058 1600 cummuni
1079 1542 1112 1602 et
1132 1537 1276 1618 generali
1296 1539 1428 1601 anathe-

315 1637 393 1699 mati
407 1635 554 1698 submissi
569 1641 644 1699 sunt
665 1637 821 1718 Origenes
837 1645 869 1700 et
884 1634 1077 1702 Theodorus
1091 1645 1339 1720 mopsuestenus
1353 1656 1427 1704 enus

315 1737 366 1812 iis,
388 1755 475 1817 quae
495 1737 534 1799 de
559 1736 811 1802 Prosenistentia
830 1748 859 1800 et
880 1735 1089 1801 nassiternas
1107 1738 1194 1803 dieta
1215 1746 1293 1803 sunt
1319 1739 1362 1803 ab
1389 1737 1431 1803 E·

316 1841 429 1919 rugrin
449 1846 482 1903 et
512 1837 662 1924 Didymo,
694 1839 916 1920 praesentibus
942 1848 1088 1920 qnntunr
1115 1841 1312 1921 patriarebis
1331 1847 1428 1924 atque

315 1939 445 2006 denseta
468 1942 763 2023 comprobantibus.
789 1939 892 2007 Porro
913 1952 1085 2022 postquam
1107 1942 1334 2008 nosteralleo
1354 1961 1427 2025 pru·

316 2050 421 2107 tectus
437 2042 618 2122 imperator
635 2043 713 2106 heta
729 2041 849 2129 Synodi
865 2042 1125 2128 Hierusolymam
1141 2045 1292 2128 misisset,
1306 2063 1428 2111 omnes·

316 2163 381 2224 que
402 2160 462 2225 per
482 2143 695 2209 Palaestinam
711 2147 852 2226 episcopi
875 2163 972 2209 manu
993 2155 1025 2210 et
1040 2164 1098 2209 nre
1120 2147 1365 2212 euntirmassent
1383 2156 1429 2213 at·

316 2264 381 2326 que
403 2246 622 2322 roborassent,
645 2254 776 2327 praeter
799 2247 1023 2312 Alexandrum
1056 2245 1193 2334 hbylae
1217 2249 1274 2329 qni
1296 2249 1370 2314 iden
1389 2249 1427 2312 ab

316 2349 507 2428 episcopatu
528 2347 674 2429 dejeetns
695 2357 756 2425 est,
778 2367 817 2412 ae
840 2348 985 2435 Byzantii
1007 2368 1024 2412 a
1049 2357 1157 2414 terrae
1179 2359 1271 2415 mutu
1292 2351 1427 2415 obrutus

317 2451 391 2526 luit,
415 2448 629 2515 Neelanritae
648 2469 666 2514 a
688 2451 848 2515 catholiea
870 2453 1097 2516 communione
1125 2460 1364 2535 separaverunt
1382 2471 1424 2516 ea.

317 2552 360 2616 ut
377 2553 560 2634 patriarcha
581 2551 777 2617 Eustochiae
791 2554 926 2618 dirersis
941 2556 1043 2618 modis
1060 2551 1115 2620 ¹eos
1129 2573 1313 2637 aggressus,
1327 2563 1359 2619 at
1372 2571 1428 2637 per

317 2663 393 2719 neto
415 2673 538 2720 menses
554 2655 771 2723 admonitione
787 2664 818 2719 et
839 2655 1067 2721 adhortatione
1090 2675 1168 2738 erga
1188 2657 1265 2721 illos
1279 2675 1369 2732 usus,
1393 2673 1428 2720 a·

317 2757 349 2818 hi
372 2775 434 2820 nnn
449 2760 622 2839 persuasil,
640 2763 676 2820 ut
697 2775 772 2821 unm
788 2755 955 2822 Catholieu
980 2759 1259 2823 communicarent
1274 2757 1425 2832 Ecclesia,

321 2856 529 2940 imperatoris
544 2860 695 2927 adhibitis
706 2860 920 2942 jussionibus,
935 2877 995 2939 per
1011 2857 1216 2923 tlnastasium
1231 2857 1349 2924 dnuem
1363 2876 1426 2922 eos·

319 2963 392 3025 dem
409 2983 426 3026 e
441 2961 533 3028 Nora
550 2961 656 3027 Laura
671 2963 811 3046 expolit,
828 2969 994 3044 tutamque
1012 2963 1212 3044 proriueism
1231 2961 1276 3027 ab
1290 2961 1424 3045 ipsorum

317 3075 408 3147 peste
428 3065 592 3130 liberarit.

400 3169 528 3247 «Quod
552 3187 630 3234 vern
647 3170 769 3234 nollent
793 3171 903 3238 lunum
923 3169 1045 3250 absque
1071 3169 1311 3235 habitatoribus
1335 3167 1424 3232 relin-

320 3291 436 3355 quere,
458 3278 587 3337 eentum
611 3273 722 3352 viginti
745 3273 919 3336 monachos
941 3271 1109 3347 enitentes,
1127 3272 1197 3336 illie
1220 3270 1426 3352 transplanta·

321 3377 389 3455 rit3
412 3374 578 3455 sexaginta
600 3373 754 3438 nimirum
776 3391 794 3438 e
824 3371 966 3437 Maxima
992 3371 1111 3450 Laura,
1133 3391 1175 3437 ex
1199 3373 1318 3454 quibus
1336 3369 1426 3437 loan-

318 3495 391 3540 nem
413 3474 599 3558 quemdam,
621 3475 677 3555 qni
698 3475 858 3539 anularius
889 3475 1010 3549 luerat,
1028 3475 1252 3556 praepositum
1274 3469 1425 3539 ordinarit

317 3589 348 3642 et
370 3577 548 3657 constituit3
570 3577 651 3640 aiios
675 3595 753 3640 vero
774 3577 937 3656 sexaginta
956 3597 973 3640 e
990 3576 1125 3658 reliquis
1147 3575 1260 3640 Eremi
1280 3573 1425 3640 urtbndn·

320 3681 370 3744 xis
392 3679 601 3744 monasteriis.
619 3677 770 3756 Quorum
794 3697 878 3742 unus
900 3679 968 3757 ipse
988 3697 1074 3754 snm,
1091 3695 1149 3757 per
1165 3677 1330 3742 Maximae
1349 3674 1426 3740 Lau·

322 3801 377 3846 rae
398 3791 505 3864 patres
519 3801 536 3846 e
552 3777 747 3844 monasterio
768 3781 869 3844 suncti
893 3777 1060 3864 Enthymii
1077 3780 1117 3843 de
1138 3781 1295 3844 sententia
1317 3787 1347 3842 et
1360 3793 1425 3857 per·

323 3885 473 3950 missione
489 3883 587 3948 divini
609 3881 743 3946 loannis
768 3881 910 3961 episcopi
927 3898 965 3944 ae
976 3879 1121 3944 Solitarii
1135 3888 1304 3945 eaonatns.
1321 3879 1424 3956 tunna

319 3985 351 4049 ln
371 3993 479 4051 sancta
502 3985 631 4049 civitate
653 3983 851 4064 congregati,
873 3983 993 4064 egressi
1019 4001 1132 4046 sumus
1153 4001 1228 4048 enm
1249 3977 1422 4062 patriarcba

324 4107 475 4168 novoque
497 4088 680 4170 praeposito
696 4087 727 4150 in
745 4083 910 4150 Tbecoam
933 4085 1062 4165 rinnm3
1083 4091 1184 4165 utque
1204 4090 1277 4167 post
1297 4077 1422 4162 ongen-

320 4198 385 4254 stas
401 4192 441 4255 ab
458 4191 626 4255 Anastasio
641 4188 725 4254 duee
745 4189 870 4273 pulsus,
886 4187 1012 4254 Noram
1029 4186 1169 4252 Laurum
1192 4186 1367 4266 recepimus
1381 4177 1420 4238 ai·

321 4295 442 4374 gesimo
465 4295 594 4359 teatina
619 4291 733 4359 mortis
753 4291 839 4360 beati
861 4289 985 4360 Sabbas
1007 4306 1100 4356 anun.
1124 4285 1166 4355 Et
1186 4287 1281 4354 iubis
1302 4281 1419 4367 quide!
