<?xml version="1.0" encoding="UTF-8"?>
<!DOCTYPE html PUBLIC "-//W3C//DTD XHTML 1.0 Transitional//EN"
    "http://www.w3.org/TR/xhtml1/DTD/xhtml1-transitional.dtd">
<html xmlns="http://www.w3.org/1999/xhtml" xml:lang="en" lang="en">
 <head>
  <title>
</title>
<meta http-equiv="Content-Type" content="text/html;charset=utf-8" />
  <meta name='ocr-system' content='tesseract 3.04.00' />
  <meta name='ocr-capabilities' content='ocr_page ocr_carea ocr_par ocr_line ocrx_word'/>
</head>
<body>
  <div class='ocr_page' id='page_1' title='image "./insgregoriinyss01vincgoog/insgregoriinyss01vincgoog_0591.png"; bbox 0 0 3048 4946; ppageno 0'>
   <div class='ocr_carea' id='block_1_1' title="bbox 243 410 395 522">
    <p class='ocr_par' dir='ltr' id='par_1_1' title="bbox 243 410 395 522">
     <span class='ocr_line' id='line_1_1' title="bbox 243 410 395 522; baseline 0 -42"><span class='ocrx_word' id='word_1_1' title='bbox 243 511 248 522; x_wconf 26' lang='grc' dir='ltr'>ι</span> <span class='ocrx_word' id='word_1_2' title='bbox 334 410 395 480; x_wconf 74' lang='lat'><strong>228</strong></span> 
     </span>
    </p>
   </div>
   <div class='ocr_carea' id='block_1_2' title="bbox 771 513 1020 584">
    <p class='ocr_par' dir='ltr' id='par_1_2' title="bbox 771 513 1020 584">
     <span class='ocr_line' id='line_1_2' title="bbox 771 513 1020 584; baseline -0.016 0"><span class='ocrx_word' id='word_1_3' title='bbox 771 513 910 584; x_wconf 83' lang='lat' dir='ltr'>CAPUT</span> <span class='ocrx_word' id='word_1_4' title='bbox 933 515 1020 584; x_wconf 80' lang='lat' dir='ltr'>xlx.</span> 
     </span>
    </p>
   </div>
   <div class='ocr_carea' id='block_1_3' title="bbox 334 697 1454 1005">
    <p class='ocr_par' dir='ltr' id='par_1_3' title="bbox 334 697 1454 1005">
     <span class='ocr_line' id='line_1_3' title="bbox 334 697 1454 806; baseline -0.002 -22"><span class='ocrx_word' id='word_1_5' title='bbox 334 717 470 800; x_wconf 80' lang='lat' dir='ltr'><strong>dictique</strong></span> <span class='ocrx_word' id='word_1_6' title='bbox 491 719 714 806; x_wconf 76' lang='lat' dir='ltr'><strong>expenduntur</strong></span> <span class='ocrx_word' id='word_1_7' title='bbox 734 716 843 800; x_wconf 76' lang='lat' dir='ltr'><strong>Vipiiii</strong></span> <span class='ocrx_word' id='word_1_8' title='bbox 866 719 974 800; x_wconf 84' lang='lat' dir='ltr'><strong>Popce</strong></span> <span class='ocrx_word' id='word_1_9' title='bbox 995 729 1024 784; x_wconf 87' lang='lat' dir='ltr'><strong>et</strong></span> <span class='ocrx_word' id='word_1_10' title='bbox 1043 697 1231 784; x_wconf 73' lang='lat' dir='ltr'><strong>Iustiniani</strong></span> <span class='ocrx_word' id='word_1_11' title='bbox 1250 720 1376 784; x_wconf 60' lang='lat' dir='ltr'><strong>&amp;crete</strong></span> <span class='ocrx_word' id='word_1_12' title='bbox 1397 717 1454 782; x_wconf 81' lang='lat' dir='ltr'><strong>aire</strong></span> 
     </span>
     <span class='ocr_line' id='line_1_4' title="bbox 377 819 1453 903; baseline -0.001 -19"><span class='ocrx_word' id='word_1_13' title='bbox 377 821 556 902; x_wconf 77' lang='lat' dir='ltr'><strong>apocrypho</strong></span> <span class='ocrx_word' id='word_1_14' title='bbox 576 819 641 886; x_wconf 86' lang='lat' dir='ltr'><strong>eine</strong></span> <span class='ocrx_word' id='word_1_15' title='bbox 661 819 866 903; x_wconf 79' lang='lat' dir='ltr'><strong>interpolato,</strong></span> <span class='ocrx_word' id='word_1_16' title='bbox 890 821 976 886; x_wconf 77' lang='lat' dir='ltr'><strong>Actis</strong></span> <span class='ocrx_word' id='word_1_17' title='bbox 999 831 1144 886; x_wconf 81' lang='lat' dir='ltr'><strong>conserto</strong></span> <span class='ocrx_word' id='word_1_18' title='bbox 1169 819 1292 902; x_wconf 73' lang='lat' dir='ltr'><strong>Synodt&#39;</strong></span> <span class='ocrx_word' id='word_1_19' title='bbox 1320 839 1453 884; x_wconf 69' lang='lat' dir='ltr'><strong>neem</strong></span> 
     </span>
     <span class='ocr_line' id='line_1_5' title="bbox 377 920 1178 1005; baseline 0 -17"><span class='ocrx_word' id='word_1_20' title='bbox 377 921 467 988; x_wconf 78' lang='lat' dir='ltr'><strong>niens</strong></span> <span class='ocrx_word' id='word_1_21' title='bbox 494 920 524 986; x_wconf 85' lang='lat' dir='ltr'><strong>V.</strong></span> <span class='ocrx_word' id='word_1_22' title='bbox 547 943 568 986; x_wconf 85' lang='lat' dir='ltr'><strong><em>a</em></strong></span> <span class='ocrx_word' id='word_1_23' title='bbox 588 923 689 988; x_wconf 78' lang='lat' dir='ltr'><strong>trium</strong></span> <span class='ocrx_word' id='word_1_24' title='bbox 713 922 934 1004; x_wconf 67' lang='lat' dir='ltr'><strong>capitulorum</strong></span> <span class='ocrx_word' id='word_1_25' title='bbox 954 923 1178 1005; x_wconf 73' lang='lat' dir='ltr'><strong>defemoribus.</strong></span> 
     </span>
    </p>
   </div>
   <div class='ocr_carea' id='block_1_4' title="bbox 275 1167 1456 3444">
    <p class='ocr_par' dir='ltr' id='par_1_4' title="bbox 275 1167 1456 3444">
     <span class='ocr_line' id='line_1_6' title="bbox 338 1167 1454 1317; baseline -0.002 -24"><span class='ocrx_word' id='word_1_26' title='bbox 338 1167 520 1317; x_wconf 84' lang='lat' dir='ltr'><strong>Quotidie</strong></span> <span class='ocrx_word' id='word_1_27' title='bbox 542 1231 574 1294; x_wconf 93' lang='lat' dir='ltr'><strong>in</strong></span> <span class='ocrx_word' id='word_1_28' title='bbox 594 1245 655 1292; x_wconf 85' lang='lat' dir='ltr'><strong>sua</strong></span> <span class='ocrx_word' id='word_1_29' title='bbox 676 1227 810 1309; x_wconf 84' lang='lat' dir='ltr'><strong>pertidia</strong></span> <span class='ocrx_word' id='word_1_30' title='bbox 841 1227 995 1292; x_wconf 75' lang='lat' dir='ltr'><strong>instantes</strong></span> <span class='ocrx_word' id='word_1_31' title='bbox 1017 1228 1118 1292; x_wconf 88' lang='lat' dir='ltr'><strong>trium</strong></span> <span class='ocrx_word' id='word_1_32' title='bbox 1138 1225 1370 1309; x_wconf 76' lang='lat' dir='ltr'><strong>capitulorum</strong></span> <span class='ocrx_word' id='word_1_33' title='bbox 1392 1230 1454 1292; x_wconf 84' lang='lat' dir='ltr'><strong>rin·</strong></span> 
     </span>
     <span class='ocr_line' id='line_1_7' title="bbox 339 1325 1452 1409; baseline -0.002 -15"><span class='ocrx_word' id='word_1_34' title='bbox 339 1332 426 1394; x_wconf 90' lang='lat' dir='ltr'><strong>dices</strong></span> <span class='ocrx_word' id='word_1_35' title='bbox 449 1325 614 1409; x_wconf 88' lang='lat' dir='ltr'><strong>quomodo</strong></span> <span class='ocrx_word' id='word_1_36' title='bbox 636 1328 764 1395; x_wconf 85' lang='lat' dir='ltr'><strong>insidias</strong></span> <span class='ocrx_word' id='word_1_37' title='bbox 788 1328 955 1396; x_wconf 88' lang='lat' dir='ltr'><strong>tenderent</strong></span> <span class='ocrx_word' id='word_1_38' title='bbox 974 1329 1085 1394; x_wconf 89' lang='lat' dir='ltr'><strong>decori</strong></span> <span class='ocrx_word' id='word_1_39' title='bbox 1107 1328 1318 1394; x_wconf 83' lang='lat' dir='ltr'><strong>Pontificatne</strong></span> <span class='ocrx_word' id='word_1_40' title='bbox 1340 1329 1452 1394; x_wconf 74' lang='lat' dir='ltr'><strong>linua-</strong></span> 
     </span>
     <span class='ocr_line' id='line_1_8' title="bbox 339 1428 1453 1511; baseline -0.001 -16"><span class='ocrx_word' id='word_1_41' title='bbox 339 1432 384 1508; x_wconf 83' lang='lat' dir='ltr'><strong>ni,</strong></span> <span class='ocrx_word' id='word_1_42' title='bbox 400 1431 489 1494; x_wconf 88' lang='lat' dir='ltr'><strong>alind</strong></span> <span class='ocrx_word' id='word_1_43' title='bbox 507 1432 764 1497; x_wconf 86' lang='lat' dir='ltr'><strong>commentitium</strong></span> <span class='ocrx_word' id='word_1_44' title='bbox 779 1430 948 1496; x_wconf 84' lang='lat' dir='ltr'><strong>decretum</strong></span> <span class='ocrx_word' id='word_1_45' title='bbox 962 1428 1144 1495; x_wconf 86' lang='lat' dir='ltr'><strong>Justiuinnn</strong></span> <span class='ocrx_word' id='word_1_46' title='bbox 1166 1431 1363 1511; x_wconf 69' lang='lat' dir='ltr'><strong>inscripsere</strong></span> <span class='ocrx_word' id='word_1_47' title='bbox 1375 1448 1453 1494; x_wconf 86' lang='lat' dir='ltr'><strong>anno</strong></span> 
     </span>
     <span class='ocr_line' id='line_1_9' title="bbox 337 1529 1454 1614; baseline -0.003 -15"><span class='ocrx_word' id='word_1_48' title='bbox 337 1530 389 1599; x_wconf 77' lang='lat' dir='ltr'><strong>et.</strong></span> <span class='ocrx_word' id='word_1_49' title='bbox 412 1532 550 1614; x_wconf 89' lang='lat' dir='ltr'><strong>imperii.</strong></span> <span class='ocrx_word' id='word_1_50' title='bbox 570 1529 721 1610; x_wconf 85' lang='lat' dir='ltr'><strong>Quocum</strong></span> <span class='ocrx_word' id='word_1_51' title='bbox 742 1533 811 1614; x_wconf 88' lang='lat' dir='ltr'><strong>ipse</strong></span> <span class='ocrx_word' id='word_1_52' title='bbox 829 1530 978 1596; x_wconf 85' lang='lat' dir='ltr'><strong>Patribus</strong></span> <span class='ocrx_word' id='word_1_53' title='bbox 998 1533 1031 1594; x_wconf 88' lang='lat' dir='ltr'><strong>in</strong></span> <span class='ocrx_word' id='word_1_54' title='bbox 1050 1531 1193 1598; x_wconf 86' lang='lat' dir='ltr'><strong>Concilio</strong></span> <span class='ocrx_word' id='word_1_55' title='bbox 1208 1532 1360 1596; x_wconf 78' lang='lat' dir='ltr'><strong>adnuntio</strong></span> <span class='ocrx_word' id='word_1_56' title='bbox 1379 1550 1454 1596; x_wconf 88' lang='lat' dir='ltr'><strong>nun·</strong></span> 
     </span>
     <span class='ocr_line' id='line_1_10' title="bbox 340 1631 1453 1714; baseline -0.002 -17"><span class='ocrx_word' id='word_1_57' title='bbox 340 1635 423 1698; x_wconf 87' lang='lat' dir='ltr'><strong>tiare</strong></span> <span class='ocrx_word' id='word_1_58' title='bbox 443 1633 576 1712; x_wconf 87' lang='lat' dir='ltr'><strong>dicitur,</strong></span> <span class='ocrx_word' id='word_1_59' title='bbox 593 1631 750 1713; x_wconf 78' lang='lat' dir='ltr'><strong>vigilium</strong></span> <span class='ocrx_word' id='word_1_60' title='bbox 772 1632 892 1714; x_wconf 86' lang='lat' dir='ltr'><strong>Papam</strong></span> <span class='ocrx_word' id='word_1_61' title='bbox 907 1634 1011 1698; x_wconf 88' lang='lat' dir='ltr'><strong>relate</strong></span> <span class='ocrx_word' id='word_1_62' title='bbox 1024 1632 1065 1696; x_wconf 86' lang='lat' dir='ltr'><strong>ed</strong></span> <span class='ocrx_word' id='word_1_63' title='bbox 1085 1634 1145 1697; x_wconf 86' lang='lat' dir='ltr'><strong>trie</strong></span> <span class='ocrx_word' id='word_1_64' title='bbox 1170 1632 1336 1714; x_wconf 83' lang='lat' dir='ltr'><strong>anitnla,</strong></span> <span class='ocrx_word' id='word_1_65' title='bbox 1358 1633 1453 1698; x_wconf 86' lang='lat' dir='ltr'><strong>alian</strong></span> 
     </span>
     <span class='ocr_line' id='line_1_11' title="bbox 339 1734 1456 1817; baseline -0.004 -16"><span class='ocrx_word' id='word_1_66' title='bbox 339 1735 463 1802; x_wconf 80' lang='lat' dir='ltr'><strong>iactum</strong></span> <span class='ocrx_word' id='word_1_67' title='bbox 480 1755 561 1812; x_wconf 87' lang='lat' dir='ltr'><strong>csse,</strong></span> <span class='ocrx_word' id='word_1_68' title='bbox 581 1754 685 1817; x_wconf 84' lang='lat' dir='ltr'><strong>eaque</strong></span> <span class='ocrx_word' id='word_1_69' title='bbox 701 1743 907 1812; x_wconf 67' lang='lat' dir='ltr'><strong>retractasse,</strong></span> <span class='ocrx_word' id='word_1_70' title='bbox 930 1753 1015 1816; x_wconf 84' lang='lat' dir='ltr'><strong>quoe</strong></span> <span class='ocrx_word' id='word_1_71' title='bbox 1030 1734 1153 1814; x_wconf 79' lang='lat' dir='ltr'><strong>pridem</strong></span> <span class='ocrx_word' id='word_1_72' title='bbox 1173 1735 1384 1800; x_wconf 79' lang='lat' dir='ltr'><strong>statuentia</strong></span> <span class='ocrx_word' id='word_1_73' title='bbox 1406 1736 1456 1796; x_wconf 82' lang='lat' dir='ltr'><strong>ho</strong></span> 
     </span>
     <span class='ocr_line' id='line_1_12' title="bbox 340 1833 1452 1918; baseline -0.002 -18"><span class='ocrx_word' id='word_1_74' title='bbox 340 1856 415 1902; x_wconf 87' lang='lat' dir='ltr'><strong>rum</strong></span> <span class='ocrx_word' id='word_1_75' title='bbox 436 1834 665 1918; x_wconf 74' lang='lat' dir='ltr'><strong>capitulorum</strong></span> <span class='ocrx_word' id='word_1_76' title='bbox 687 1837 890 1902; x_wconf 77' lang='lat' dir='ltr'><strong>damnatione</strong></span> <span class='ocrx_word' id='word_1_77' title='bbox 902 1856 914 1916; x_wconf 79' lang='lat'>3</span> <span class='ocrx_word' id='word_1_78' title='bbox 943 1836 1119 1900; x_wconf 87' lang='lat' dir='ltr'><strong>decernens</strong></span> <span class='ocrx_word' id='word_1_79' title='bbox 1139 1835 1225 1912; x_wconf 89' lang='lat' dir='ltr'><strong>ideo,</strong></span> <span class='ocrx_word' id='word_1_80' title='bbox 1248 1837 1352 1918; x_wconf 83' lang='lat' dir='ltr'><strong>ipsius</strong></span> <span class='ocrx_word' id='word_1_81' title='bbox 1374 1833 1452 1916; x_wconf 71' lang='lat' dir='ltr'><strong>Vigi-</strong></span> 
     </span>
     <span class='ocr_line' id='line_1_13' title="bbox 338 1935 1451 2022; baseline -0.001 -25"><span class='ocrx_word' id='word_1_82' title='bbox 338 1935 374 2004; x_wconf 86' lang='lat' dir='ltr'><strong>lii</strong></span> <span class='ocrx_word' id='word_1_83' title='bbox 397 1956 513 2003; x_wconf 90' lang='lat' dir='ltr'><strong>nomen</strong></span> <span class='ocrx_word' id='word_1_84' title='bbox 534 1936 707 2002; x_wconf 87' lang='lat' dir='ltr'><strong>delendum</strong></span> <span class='ocrx_word' id='word_1_85' title='bbox 733 1955 803 2004; x_wconf 86' lang='lat' dir='ltr'><strong>esse</strong></span> <span class='ocrx_word' id='word_1_86' title='bbox 822 1957 842 2000; x_wconf 85' lang='lat' dir='ltr'><strong>a</strong></span> <span class='ocrx_word' id='word_1_87' title='bbox 862 1939 961 2004; x_wconf 86' lang='lat' dir='ltr'><strong>sacris</strong></span> <span class='ocrx_word' id='word_1_88' title='bbox 990 1936 1162 2022; x_wconf 72' lang='lat' dir='ltr'><strong>diptychis.</strong></span> <span class='ocrx_word' id='word_1_89' title='bbox 1193 1938 1242 2000; x_wconf 78' lang='lat' dir='ltr'><strong>hc</strong></span> <span class='ocrx_word' id='word_1_90' title='bbox 1265 1956 1331 2002; x_wconf 86' lang='lat' dir='ltr'><strong>nna</strong></span> <span class='ocrx_word' id='word_1_91' title='bbox 1353 1947 1451 2017; x_wconf 73' lang='lat' dir='ltr'><strong>rugat,</strong></span> 
     </span>
     <span class='ocr_line' id='line_1_14' title="bbox 340 2039 1451 2121; baseline -0.004 -17"><span class='ocrx_word' id='word_1_92' title='bbox 340 2040 551 2121; x_wconf 70' lang='lat' dir='ltr'><strong>mandatque,</strong></span> <span class='ocrx_word' id='word_1_93' title='bbox 585 2047 693 2106; x_wconf 87' lang='lat' dir='ltr'><strong>retum</strong></span> <span class='ocrx_word' id='word_1_94' title='bbox 716 2040 779 2106; x_wconf 89' lang='lat' dir='ltr'><strong>hoo</strong></span> <span class='ocrx_word' id='word_1_95' title='bbox 798 2059 896 2107; x_wconf 86' lang='lat' dir='ltr'><strong>tunm</strong></span> <span class='ocrx_word' id='word_1_96' title='bbox 925 2039 1094 2106; x_wconf 87' lang='lat' dir='ltr'><strong>decretum</strong></span> <span class='ocrx_word' id='word_1_97' title='bbox 1125 2039 1237 2106; x_wconf 86' lang='lat' dir='ltr'><strong>haheri</strong></span> <span class='ocrx_word' id='word_1_98' title='bbox 1258 2057 1279 2104; x_wconf 87' lang='lat' dir='ltr'><strong>n</strong></span> <span class='ocrx_word' id='word_1_99' title='bbox 1301 2039 1451 2106; x_wconf 83' lang='lat' dir='ltr'><strong>Concilio.</strong></span> 
     </span>
     <span class='ocr_line' id='line_1_15' title="bbox 343 2141 1452 2225; baseline -0.004 -17"><span class='ocrx_word' id='word_1_100' title='bbox 343 2143 392 2208; x_wconf 86' lang='lat' dir='ltr'><strong>lte</strong></span> <span class='ocrx_word' id='word_1_101' title='bbox 414 2161 515 2224; x_wconf 87' lang='lat' dir='ltr'><strong>porro</strong></span> <span class='ocrx_word' id='word_1_102' title='bbox 535 2151 628 2216; x_wconf 81' lang='lat' dir='ltr'><strong>sonat</strong></span> <span class='ocrx_word' id='word_1_103' title='bbox 649 2151 894 2225; x_wconf 89' lang='lat' dir='ltr'><strong>praesumptum</strong></span> <span class='ocrx_word' id='word_1_104' title='bbox 910 2142 1121 2222; x_wconf 84' lang='lat' dir='ltr'><strong>imperatoris</strong></span> <span class='ocrx_word' id='word_1_105' title='bbox 1142 2142 1332 2206; x_wconf 84' lang='lat' dir='ltr'><strong>mandatnm</strong></span> <span class='ocrx_word' id='word_1_106' title='bbox 1345 2163 1357 2222; x_wconf 76' lang='lat'><em>3</em></span> <span class='ocrx_word' id='word_1_107' title='bbox 1372 2141 1452 2222; x_wconf 80' lang='lat' dir='ltr'><strong>qnod</strong></span> 
     </span>
     <span class='ocr_line' id='line_1_16' title="bbox 342 2243 1453 2326; baseline -0.001 -17"><span class='ocrx_word' id='word_1_108' title='bbox 342 2263 385 2316; x_wconf 79' lang='lat' dir='ltr'><strong>er</strong></span> <span class='ocrx_word' id='word_1_109' title='bbox 409 2243 503 2309; x_wconf 70' lang='lat' dir='ltr'><strong>Actis</strong></span> <span class='ocrx_word' id='word_1_110' title='bbox 525 2245 624 2326; x_wconf 87' lang='lat' dir='ltr'><strong>hujus</strong></span> <span class='ocrx_word' id='word_1_111' title='bbox 644 2243 779 2310; x_wconf 85' lang='lat' dir='ltr'><strong>Concilii</strong></span> <span class='ocrx_word' id='word_1_112' title='bbox 801 2243 983 2310; x_wconf 86' lang='lat' dir='ltr'><strong>transcribo</strong></span> <span class='ocrx_word' id='word_1_113' title='bbox 1006 2244 1102 2325; x_wconf 76' lang='lat' dir='ltr'><strong>iuxta</strong></span> <span class='ocrx_word' id='word_1_114' title='bbox 1126 2243 1311 2310; x_wconf 85' lang='lat' dir='ltr'><strong>Editinnem</strong></span> <span class='ocrx_word' id='word_1_115' title='bbox 1332 2245 1453 2308; x_wconf 78' lang='lat' dir='ltr'><strong>lahhea·</strong></span> 
     </span>
     <span class='ocr_line' id='line_1_17' title="bbox 342 2343 1452 2427; baseline -0.004 -15"><span class='ocrx_word' id='word_1_116' title='bbox 342 2363 430 2424; x_wconf 86' lang='lat' dir='ltr'><strong>nam,</strong></span> <span class='ocrx_word' id='word_1_117' title='bbox 448 2345 502 2410; x_wconf 92' lang='lat' dir='ltr'><strong>uhi</strong></span> <span class='ocrx_word' id='word_1_118' title='bbox 520 2346 551 2408; x_wconf 89' lang='lat' dir='ltr'><strong>in</strong></span> <span class='ocrx_word' id='word_1_119' title='bbox 566 2345 627 2408; x_wconf 88' lang='lat' dir='ltr'><strong>tine</strong></span> <span class='ocrx_word' id='word_1_120' title='bbox 643 2345 832 2412; x_wconf 78' lang='lat' dir='ltr'><strong>eottnttonts</strong></span> <span class='ocrx_word' id='word_1_121' title='bbox 846 2343 919 2412; x_wconf 82' lang='lat' dir='ltr'><strong>vlt.</strong></span> <span class='ocrx_word' id='word_1_122' title='bbox 932 2347 1091 2427; x_wconf 87' lang='lat' dir='ltr'><strong>scriptum</strong></span> <span class='ocrx_word' id='word_1_123' title='bbox 1111 2355 1182 2410; x_wconf 78' lang='lat' dir='ltr'><strong>este</strong></span> <span class='ocrx_word' id='word_1_124' title='bbox 1198 2367 1215 2408; x_wconf 82' lang='lat' dir='ltr'><strong>u</strong></span> <span class='ocrx_word' id='word_1_125' title='bbox 1231 2345 1452 2411; x_wconf 83' lang='lat' dir='ltr'><strong>Constantium</strong></span> 
     </span>
     <span class='ocr_line' id='line_1_18' title="bbox 343 2443 1453 2529; baseline 0.001 -19"><span class='ocrx_word' id='word_1_126' title='bbox 343 2443 593 2528; x_wconf 73' lang='lat' dir='ltr'><strong>gloriosissimus</strong></span> <span class='ocrx_word' id='word_1_127' title='bbox 622 2456 778 2529; x_wconf 83' lang='lat' dir='ltr'><strong>quaestor</strong></span> <span class='ocrx_word' id='word_1_128' title='bbox 798 2448 901 2520; x_wconf 80' lang='lat' dir='ltr'><strong>dixit:</strong></span> <span class='ocrx_word' id='word_1_129' title='bbox 932 2447 1010 2513; x_wconf 91' lang='lat' dir='ltr'><strong>dnm</strong></span> <span class='ocrx_word' id='word_1_130' title='bbox 1032 2449 1188 2512; x_wconf 85' lang='lat' dir='ltr'><strong>intersum</strong></span> <span class='ocrx_word' id='word_1_131' title='bbox 1208 2455 1323 2512; x_wconf 81' lang='lat' dir='ltr'><strong>nuncto</strong></span> <span class='ocrx_word' id='word_1_132' title='bbox 1355 2453 1453 2511; x_wconf 82' lang='lat' dir='ltr'><strong>vestro</strong></span> 
     </span>
     <span class='ocr_line' id='line_1_19' title="bbox 344 2546 1451 2636; baseline -0.004 -22"><span class='ocrx_word' id='word_1_133' title='bbox 344 2546 490 2636; x_wconf 81' lang='lat' dir='ltr'><strong>Concilio</strong></span> <span class='ocrx_word' id='word_1_134' title='bbox 513 2558 646 2629; x_wconf 92' lang='lat' dir='ltr'><strong>propter</strong></span> <span class='ocrx_word' id='word_1_135' title='bbox 661 2550 884 2614; x_wconf 88' lang='lat' dir='ltr'><strong>recitationem</strong></span> <span class='ocrx_word' id='word_1_136' title='bbox 906 2551 1108 2625; x_wconf 74' lang='lat' dir='ltr'><strong>chartarum,</strong></span> <span class='ocrx_word' id='word_1_137' title='bbox 1123 2565 1210 2629; x_wconf 88' lang='lat' dir='ltr'><strong>qnae</strong></span> <span class='ocrx_word' id='word_1_138' title='bbox 1231 2548 1319 2628; x_wconf 90' lang='lat' dir='ltr'><strong>apud</strong></span> <span class='ocrx_word' id='word_1_139' title='bbox 1335 2567 1391 2612; x_wconf 82' lang='lat' dir='ltr'><strong>roe</strong></span> <span class='ocrx_word' id='word_1_140' title='bbox 1411 2548 1451 2610; x_wconf 91' lang='lat' dir='ltr'><strong>ia·</strong></span> 
     </span>
     <span class='ocr_line' id='line_1_20' title="bbox 339 2649 1452 2731; baseline -0.004 -15"><span class='ocrx_word' id='word_1_141' title='bbox 339 2650 488 2716; x_wconf 82' lang='lat' dir='ltr'><strong>sinuatos</strong></span> <span class='ocrx_word' id='word_1_142' title='bbox 511 2659 599 2727; x_wconf 90' lang='lat' dir='ltr'><strong>snut,</strong></span> <span class='ocrx_word' id='word_1_143' title='bbox 617 2652 776 2731; x_wconf 86' lang='lat' dir='ltr'><strong>piissimus</strong></span> <span class='ocrx_word' id='word_1_144' title='bbox 792 2649 975 2731; x_wconf 87' lang='lat' dir='ltr'><strong>imperator</strong></span> <span class='ocrx_word' id='word_1_145' title='bbox 994 2649 1140 2716; x_wconf 81' lang='lat' dir='ltr'><strong>Formam</strong></span> <span class='ocrx_word' id='word_1_146' title='bbox 1161 2651 1336 2718; x_wconf 80' lang='lat' dir='ltr'><strong>destinarit</strong></span> <span class='ocrx_word' id='word_1_147' title='bbox 1352 2651 1391 2713; x_wconf 89' lang='lat' dir='ltr'><strong>ad</strong></span> <span class='ocrx_word' id='word_1_148' title='bbox 1406 2667 1452 2713; x_wconf 88' lang='lat' dir='ltr'><strong>re·</strong></span> 
     </span>
     <span class='ocr_line' id='line_1_21' title="bbox 275 2749 1452 2835; baseline -0.001 -20"><span class='ocrx_word' id='word_1_149' title='bbox 275 2789 278 2794; x_wconf 94' lang='lat'>-</span> <span class='ocrx_word' id='word_1_150' title='bbox 339 2757 441 2816; x_wconf 79' lang='lat' dir='ltr'><strong>stram</strong></span> <span class='ocrx_word' id='word_1_151' title='bbox 462 2761 606 2816; x_wconf 87' lang='lat' dir='ltr'><strong>sanctem</strong></span> <span class='ocrx_word' id='word_1_152' title='bbox 625 2751 792 2835; x_wconf 76' lang='lat' dir='ltr'><strong>synodum</strong></span> <span class='ocrx_word' id='word_1_153' title='bbox 813 2753 852 2816; x_wconf 91' lang='lat' dir='ltr'><strong>de</strong></span> <span class='ocrx_word' id='word_1_154' title='bbox 870 2749 977 2832; x_wconf 77' lang='lat' dir='ltr'><strong>Vigiiii</strong></span> <span class='ocrx_word' id='word_1_155' title='bbox 999 2753 1139 2826; x_wconf 83' lang='lat' dir='ltr'><strong>nomine,</strong></span> <span class='ocrx_word' id='word_1_156' title='bbox 1155 2770 1195 2815; x_wconf 90' lang='lat' dir='ltr'><strong>ne</strong></span> <span class='ocrx_word' id='word_1_157' title='bbox 1212 2751 1282 2833; x_wconf 86' lang='lat' dir='ltr'><strong>jam</strong></span> <span class='ocrx_word' id='word_1_158' title='bbox 1297 2751 1398 2816; x_wconf 80' lang='lat' dir='ltr'><strong>sacris</strong></span> <span class='ocrx_word' id='word_1_159' title='bbox 1411 2751 1452 2814; x_wconf 93' lang='lat' dir='ltr'><strong>di·</strong></span> 
     </span>
     <span class='ocr_line' id='line_1_22' title="bbox 341 2853 1450 2936; baseline -0.002 -20"><span class='ocrx_word' id='word_1_160' title='bbox 341 2854 471 2936; x_wconf 75' lang='lat' dir='ltr'><strong>ptyehis</strong></span> <span class='ocrx_word' id='word_1_161' title='bbox 493 2854 662 2920; x_wconf 79' lang='lat' dir='ltr'><strong>inferetur</strong></span> <span class='ocrx_word' id='word_1_162' title='bbox 683 2863 818 2934; x_wconf 88' lang='lat' dir='ltr'><strong>propter</strong></span> <span class='ocrx_word' id='word_1_163' title='bbox 838 2853 1046 2934; x_wconf 84' lang='lat' dir='ltr'><strong>impietatem,</strong></span> <span class='ocrx_word' id='word_1_164' title='bbox 1060 2871 1158 2933; x_wconf 87' lang='lat' dir='ltr'><strong>qnam</strong></span> <span class='ocrx_word' id='word_1_165' title='bbox 1180 2853 1356 2918; x_wconf 78' lang='lat' dir='ltr'><strong>vindicarit</strong></span> <span class='ocrx_word' id='word_1_166' title='bbox 1368 2873 1379 2931; x_wconf 67' lang='grc' dir='ltr'><strong><em>ς</em></strong></span> <span class='ocrx_word' id='word_1_167' title='bbox 1399 2869 1450 2914; x_wconf 82' lang='lat' dir='ltr'><strong>nee</strong></span> 
     </span>
     <span class='ocr_line' id='line_1_23' title="bbox 342 2955 1449 3037; baseline -0.002 -19"><span class='ocrx_word' id='word_1_168' title='bbox 342 2962 375 3018; x_wconf 89' lang='lat' dir='ltr'><strong>et</strong></span> <span class='ocrx_word' id='word_1_169' title='bbox 397 2955 556 3019; x_wconf 87' lang='lat' dir='ltr'><strong>recitetur</strong></span> <span class='ocrx_word' id='word_1_170' title='bbox 581 2955 685 3034; x_wconf 88' lang='lat' dir='ltr'><strong>vohis,</strong></span> <span class='ocrx_word' id='word_1_171' title='bbox 702 2963 733 3020; x_wconf 90' lang='lat' dir='ltr'><strong>et</strong></span> <span class='ocrx_word' id='word_1_172' title='bbox 754 2965 967 3021; x_wconf 81' lang='lat' dir='ltr'><strong>conservetur</strong></span> <span class='ocrx_word' id='word_1_173' title='bbox 989 2963 1052 3018; x_wconf 90' lang='lat' dir='ltr'><strong>tam</strong></span> <span class='ocrx_word' id='word_1_174' title='bbox 1074 2956 1106 3017; x_wconf 92' lang='lat' dir='ltr'><strong>in</strong></span> <span class='ocrx_word' id='word_1_175' title='bbox 1127 2955 1262 3018; x_wconf 86' lang='lat' dir='ltr'><strong>ecclesie</strong></span> <span class='ocrx_word' id='word_1_176' title='bbox 1286 2956 1385 3037; x_wconf 74' lang='lat' dir='ltr'><strong>huius</strong></span> <span class='ocrx_word' id='word_1_177' title='bbox 1406 2973 1449 3016; x_wconf 80' lang='lat' dir='ltr'><strong>re·</strong></span> 
     </span>
     <span class='ocr_line' id='line_1_24' title="bbox 341 3056 1449 3137; baseline 0 -19"><span class='ocrx_word' id='word_1_178' title='bbox 341 3056 414 3136; x_wconf 74' lang='lat' dir='ltr'><strong>gine</strong></span> <span class='ocrx_word' id='word_1_179' title='bbox 435 3056 587 3134; x_wconf 75' lang='lat' dir='ltr'><strong>civitatis,</strong></span> <span class='ocrx_word' id='word_1_180' title='bbox 605 3073 704 3136; x_wconf 82' lang='lat' dir='ltr'><strong>qnam</strong></span> <span class='ocrx_word' id='word_1_181' title='bbox 725 3057 757 3118; x_wconf 95' lang='lat' dir='ltr'><strong>in</strong></span> <span class='ocrx_word' id='word_1_182' title='bbox 773 3058 889 3122; x_wconf 87' lang='lat' dir='ltr'><strong>ceteris</strong></span> <span class='ocrx_word' id='word_1_183' title='bbox 910 3058 1067 3130; x_wconf 88' lang='lat' dir='ltr'><strong>ecclesiis,</strong></span> <span class='ocrx_word' id='word_1_184' title='bbox 1090 3073 1174 3137; x_wconf 85' lang='lat' dir='ltr'><strong>quae</strong></span> <span class='ocrx_word' id='word_1_185' title='bbox 1196 3065 1229 3122; x_wconf 89' lang='lat' dir='ltr'><strong>et</strong></span> <span class='ocrx_word' id='word_1_186' title='bbox 1244 3057 1336 3122; x_wconf 81' lang='lat' dir='ltr'><strong>vohis</strong></span> <span class='ocrx_word' id='word_1_187' title='bbox 1357 3068 1387 3123; x_wconf 90' lang='lat' dir='ltr'><strong>et</strong></span> <span class='ocrx_word' id='word_1_188' title='bbox 1407 3075 1449 3118; x_wconf 82' lang='lat' dir='ltr'><strong>re·</strong></span> 
     </span>
     <span class='ocr_line' id='line_1_25' title="bbox 343 3155 1449 3238; baseline 0 -18"><span class='ocrx_word' id='word_1_189' title='bbox 343 3155 445 3238; x_wconf 84' lang='lat' dir='ltr'><strong>liquis</strong></span> <span class='ocrx_word' id='word_1_190' title='bbox 467 3159 624 3238; x_wconf 88' lang='lat' dir='ltr'><strong>episeopis</strong></span> <span class='ocrx_word' id='word_1_191' title='bbox 646 3158 788 3222; x_wconf 86' lang='lat' dir='ltr'><strong>creditne</strong></span> <span class='ocrx_word' id='word_1_192' title='bbox 808 3167 884 3224; x_wconf 89' lang='lat' dir='ltr'><strong>sunt</strong></span> <span class='ocrx_word' id='word_1_193' title='bbox 907 3160 937 3222; x_wconf 91' lang='lat' dir='ltr'><strong>in</strong></span> <span class='ocrx_word' id='word_1_194' title='bbox 953 3159 1121 3238; x_wconf 78' lang='lat' dir='ltr'><strong>republica</strong></span> <span class='ocrx_word' id='word_1_195' title='bbox 1142 3160 1172 3222; x_wconf 89' lang='lat' dir='ltr'><strong>ei</strong></span> <span class='ocrx_word' id='word_1_196' title='bbox 1187 3177 1204 3221; x_wconf 85' lang='lat' dir='ltr'><strong>a</strong></span> <span class='ocrx_word' id='word_1_197' title='bbox 1221 3155 1292 3223; x_wconf 83' lang='lat' dir='ltr'><strong>Deo</strong></span> <span class='ocrx_word' id='word_1_198' title='bbox 1312 3159 1449 3224; x_wconf 75' lang='lat' dir='ltr'><strong>conns·</strong></span> 
     </span>
     <span class='ocr_line' id='line_1_26' title="bbox 344 3257 1448 3341; baseline -0.002 -17"><span class='ocrx_word' id='word_1_199' title='bbox 344 3277 391 3324; x_wconf 86' lang='lat' dir='ltr'><strong>se.</strong></span> <span class='ocrx_word' id='word_1_200' title='bbox 414 3259 592 3324; x_wconf 77' lang='lat' dir='ltr'><strong>Audientes</strong></span> <span class='ocrx_word' id='word_1_201' title='bbox 623 3267 731 3326; x_wconf 87' lang='lat' dir='ltr'><strong>eutem</strong></span> <span class='ocrx_word' id='word_1_202' title='bbox 753 3257 913 3336; x_wconf 80' lang='lat' dir='ltr'><strong>Formam,</strong></span> <span class='ocrx_word' id='word_1_203' title='bbox 946 3263 1065 3325; x_wconf 90' lang='lat' dir='ltr'><strong>iterum</strong></span> <span class='ocrx_word' id='word_1_204' title='bbox 1087 3262 1286 3341; x_wconf 75' lang='lat' dir='ltr'><strong>cognoscetis</strong></span> <span class='ocrx_word' id='word_1_205' title='bbox 1311 3279 1370 3341; x_wconf 91' lang='lat' dir='ltr'><strong>per</strong></span> <span class='ocrx_word' id='word_1_206' title='bbox 1387 3278 1448 3324; x_wconf 85' lang='lat' dir='ltr'><strong>ean</strong></span> 
     </span>
     <span class='ocr_line' id='line_1_27' title="bbox 345 3360 1448 3444; baseline -0.001 -18"><span class='ocrx_word' id='word_1_207' title='bbox 345 3367 506 3440; x_wconf 83' lang='lat' dir='ltr'><strong>quantum</strong></span> <span class='ocrx_word' id='word_1_208' title='bbox 527 3362 750 3430; x_wconf 78' lang='lat' dir='ltr'><strong>serenissimus</strong></span> <span class='ocrx_word' id='word_1_209' title='bbox 773 3360 956 3444; x_wconf 85' lang='lat' dir='ltr'><strong>imperator</strong></span> <span class='ocrx_word' id='word_1_210' title='bbox 970 3363 1125 3428; x_wconf 80' lang='lat' dir='ltr'><strong>unitatem</strong></span> <span class='ocrx_word' id='word_1_211' title='bbox 1146 3373 1337 3430; x_wconf 87' lang='lat' dir='ltr'><strong>sanctarum</strong></span> <span class='ocrx_word' id='word_1_212' title='bbox 1357 3362 1448 3428; x_wconf 82' lang='lat' dir='ltr'><strong>ecclc·</strong></span> 
     </span>
    </p>
   </div>
   <div class='ocr_carea' id='block_1_5' title="bbox 248 3463 1377 3546">
    <p class='ocr_par' dir='ltr' id='par_1_5' title="bbox 248 3463 1377 3546">
     <span class='ocr_line' id='line_1_28' title="bbox 248 3463 1377 3546; baseline 0.005 -22"><span class='ocrx_word' id='word_1_213' title='bbox 248 3521 250 3524; x_wconf 83' lang='lat'>.</span> <span class='ocrx_word' id='word_1_214' title='bbox 342 3463 480 3540; x_wconf 82' lang='lat' dir='ltr'><strong>siarum,</strong></span> <span class='ocrx_word' id='word_1_215' title='bbox 503 3471 536 3527; x_wconf 90' lang='lat' dir='ltr'><strong>et</strong></span> <span class='ocrx_word' id='word_1_216' title='bbox 556 3467 732 3544; x_wconf 90' lang='lat' dir='ltr'><strong>puritatem</strong></span> <span class='ocrx_word' id='word_1_217' title='bbox 752 3472 940 3530; x_wconf 87' lang='lat' dir='ltr'><strong>sanctornm</strong></span> <span class='ocrx_word' id='word_1_218' title='bbox 963 3470 1192 3546; x_wconf 78' lang='lat' dir='ltr'><strong>mysteriorum</strong></span> <span class='ocrx_word' id='word_1_219' title='bbox 1208 3474 1377 3545; x_wconf 83' lang='lat' dir='ltr'><strong>procurat.</strong></span> 
     </span>
    </p>
   </div>
   <div class='ocr_carea' id='block_1_6' title="bbox 345 3563 1448 4366">
    <p class='ocr_par' dir='ltr' id='par_1_6' title="bbox 345 3563 1448 4366">
     <span class='ocr_line' id='line_1_29' title="bbox 428 3563 1448 3649; baseline 0.008 -23"><span class='ocrx_word' id='word_1_220' title='bbox 428 3563 574 3632; x_wconf 74' lang='lat' dir='ltr'><strong>«Sancta</strong></span> <span class='ocrx_word' id='word_1_221' title='bbox 596 3564 744 3649; x_wconf 79' lang='lat' dir='ltr'><strong>Synodns</strong></span> <span class='ocrx_word' id='word_1_222' title='bbox 764 3567 858 3632; x_wconf 84' lang='lat' dir='ltr'><strong>dixit:</strong></span> <span class='ocrx_word' id='word_1_223' title='bbox 877 3585 968 3632; x_wconf 88' lang='lat' dir='ltr'><strong>sacre</strong></span> <span class='ocrx_word' id='word_1_224' title='bbox 980 3567 1101 3632; x_wconf 76' lang='lat' dir='ltr'><strong>Forma</strong></span> <span class='ocrx_word' id='word_1_225' title='bbox 1120 3577 1448 3648; x_wconf 80' lang='lat' dir='ltr'><strong>competenteransee·</strong></span> 
     </span>
     <span class='ocr_line' id='line_1_30' title="bbox 347 3667 1447 3752; baseline 0.004 -20"><span class='ocrx_word' id='word_1_226' title='bbox 347 3671 402 3746; x_wconf 84' lang='lat' dir='ltr'><strong>pta</strong></span> <span class='ocrx_word' id='word_1_227' title='bbox 424 3669 591 3736; x_wconf 86' lang='lat' dir='ltr'><strong>recitetur.</strong></span> <span class='ocrx_word' id='word_1_228' title='bbox 614 3668 657 3734; x_wconf 85' lang='lat' dir='ltr'><strong>Et</strong></span> <span class='ocrx_word' id='word_1_229' title='bbox 678 3687 753 3733; x_wconf 91' lang='lat' dir='ltr'><strong>cum</strong></span> <span class='ocrx_word' id='word_1_230' title='bbox 774 3671 967 3748; x_wconf 76' lang='lat' dir='ltr'><strong>suscepisset</strong></span> <span class='ocrx_word' id='word_1_231' title='bbox 992 3667 1173 3752; x_wconf 81' lang='lat' dir='ltr'><strong>Stephanus</strong></span> <span class='ocrx_word' id='word_1_232' title='bbox 1194 3672 1351 3738; x_wconf 79' lang='lat' dir='ltr'><strong>diaconus</strong></span> <span class='ocrx_word' id='word_1_233' title='bbox 1369 3679 1447 3736; x_wconf 79' lang='lat' dir='ltr'><strong>nota·</strong></span> 
     </span>
     <span class='ocr_line' id='line_1_31' title="bbox 348 3767 1446 3868; baseline 0.004 -38"><span class='ocrx_word' id='word_1_234' title='bbox 348 3767 418 3831; x_wconf 88' lang='lat' dir='ltr'><strong>rins</strong></span> <span class='ocrx_word' id='word_1_235' title='bbox 439 3775 472 3832; x_wconf 91' lang='lat' dir='ltr'><strong>et</strong></span> <span class='ocrx_word' id='word_1_236' title='bbox 495 3769 779 3868; x_wconf 70' lang='lat' dir='ltr'><strong>instrumentarius</strong></span> <span class='ocrx_word' id='word_1_237' title='bbox 800 3771 961 3836; x_wconf 81' lang='lat' dir='ltr'><strong>recitavit.</strong></span> <span class='ocrx_word' id='word_1_238' title='bbox 993 3772 1029 3836; x_wconf 89' lang='lat' dir='ltr'><strong>io</strong></span> <span class='ocrx_word' id='word_1_239' title='bbox 1054 3774 1183 3836; x_wconf 89' lang='lat' dir='ltr'><strong>nomine</strong></span> <span class='ocrx_word' id='word_1_240' title='bbox 1204 3771 1333 3839; x_wconf 83' lang='lat' dir='ltr'><strong>Domini</strong></span> <span class='ocrx_word' id='word_1_241' title='bbox 1361 3773 1446 3838; x_wconf 82' lang='lat' dir='ltr'><strong>nostri</strong></span> 
     </span>
     <span class='ocr_line' id='line_1_32' title="bbox 345 3865 1445 3949; baseline 0.005 -17"><span class='ocrx_word' id='word_1_242' title='bbox 345 3866 427 3932; x_wconf 82' lang='lat' dir='ltr'><strong>iesu</strong></span> <span class='ocrx_word' id='word_1_243' title='bbox 448 3865 567 3933; x_wconf 85' lang='lat' dir='ltr'><strong>Christi</strong></span> <span class='ocrx_word' id='word_1_244' title='bbox 588 3869 773 3949; x_wconf 84' lang='lat' dir='ltr'><strong>imperator</strong></span> <span class='ocrx_word' id='word_1_245' title='bbox 794 3871 913 3938; x_wconf 87' lang='lat' dir='ltr'><strong>Caesar</strong></span> <span class='ocrx_word' id='word_1_246' title='bbox 934 3871 1070 3938; x_wconf 79' lang='lat' dir='ltr'><strong>Flavius</strong></span> <span class='ocrx_word' id='word_1_247' title='bbox 1089 3874 1293 3940; x_wconf 77' lang='lat' dir='ltr'><strong>instinionnr</strong></span> <span class='ocrx_word' id='word_1_248' title='bbox 1313 3885 1374 3940; x_wconf 87' lang='lat' dir='ltr'><strong>etc</strong></span> <span class='ocrx_word' id='word_1_249' title='bbox 1388 3871 1445 3938; x_wconf 77' lang='lat' dir='ltr'><strong>ttu</strong></span> 
     </span>
     <span class='ocr_line' id='line_1_33' title="bbox 346 3969 1443 4052; baseline 0.005 -20"><span class='ocrx_word' id='word_1_250' title='bbox 346 3969 529 4034; x_wconf 83' lang='lat' dir='ltr'><strong>christianis</strong></span> <span class='ocrx_word' id='word_1_251' title='bbox 549 3973 638 4038; x_wconf 87' lang='lat' dir='ltr'><strong>salus</strong></span> <span class='ocrx_word' id='word_1_252' title='bbox 659 3980 708 4036; x_wconf 85' lang='lat' dir='ltr'><strong>eet</strong></span> <span class='ocrx_word' id='word_1_253' title='bbox 727 3991 813 4052; x_wconf 89' lang='lat' dir='ltr'><strong>pure</strong></span> <span class='ocrx_word' id='word_1_254' title='bbox 843 3975 943 4038; x_wconf 87' lang='lat' dir='ltr'><strong>corde</strong></span> <span class='ocrx_word' id='word_1_255' title='bbox 964 3984 998 4040; x_wconf 89' lang='lat' dir='ltr'><strong>et</strong></span> <span class='ocrx_word' id='word_1_256' title='bbox 1017 3975 1102 4040; x_wconf 89' lang='lat' dir='ltr'><strong>hona</strong></span> <span class='ocrx_word' id='word_1_257' title='bbox 1132 3977 1325 4042; x_wconf 85' lang='lat' dir='ltr'><strong>conscientia</strong></span> <span class='ocrx_word' id='word_1_258' title='bbox 1344 3983 1373 4040; x_wconf 88' lang='lat' dir='ltr'><strong>et</strong></span> <span class='ocrx_word' id='word_1_259' title='bbox 1391 3973 1443 4036; x_wconf 86' lang='lat' dir='ltr'><strong>ide</strong></span> 
     </span>
     <span class='ocr_line' id='line_1_34' title="bbox 347 4070 1444 4144; baseline 0.004 -12"><span class='ocrx_word' id='word_1_260' title='bbox 347 4087 410 4134; x_wconf 90' lang='lat' dir='ltr'><strong>non</strong></span> <span class='ocrx_word' id='word_1_261' title='bbox 433 4070 505 4136; x_wconf 88' lang='lat' dir='ltr'><strong>tictn</strong></span> <span class='ocrx_word' id='word_1_262' title='bbox 528 4074 684 4140; x_wconf 83' lang='lat' dir='ltr'><strong>accedere</strong></span> <span class='ocrx_word' id='word_1_263' title='bbox 708 4077 748 4140; x_wconf 90' lang='lat' dir='ltr'><strong>ad</strong></span> <span class='ocrx_word' id='word_1_264' title='bbox 761 4077 1019 4142; x_wconf 86' lang='lat' dir='ltr'><strong>communionem</strong></span> <span class='ocrx_word' id='word_1_265' title='bbox 1038 4084 1226 4144; x_wconf 81' lang='lat' dir='ltr'><strong>sauctorum</strong></span> <span class='ocrx_word' id='word_1_266' title='bbox 1244 4081 1444 4143; x_wconf 73' lang='lat' dir='ltr'><strong>meromonte-</strong></span> 
     </span>
     <span class='ocr_line' id='line_1_35' title="bbox 346 4171 1444 4262; baseline 0.008 -30"><span class='ocrx_word' id='word_1_267' title='bbox 346 4189 430 4236; x_wconf 86' lang='lat' dir='ltr'><strong>rnm.</strong></span> <span class='ocrx_word' id='word_1_268' title='bbox 457 4171 507 4238; x_wconf 80' lang='grc' dir='ltr'><strong>Ει</strong></span> <span class='ocrx_word' id='word_1_269' title='bbox 530 4175 589 4238; x_wconf 92' lang='lat' dir='ltr'><strong>hac</strong></span> <span class='ocrx_word' id='word_1_270' title='bbox 620 4177 738 4240; x_wconf 87' lang='lat' dir='ltr'><strong>etenim</strong></span> <span class='ocrx_word' id='word_1_271' title='bbox 761 4178 986 4258; x_wconf 81' lang='lat' dir='ltr'><strong>unusquisqne</strong></span> <span class='ocrx_word' id='word_1_272' title='bbox 1018 4180 1237 4245; x_wconf 80' lang='lat' dir='ltr'><strong>remissionem</strong></span> <span class='ocrx_word' id='word_1_273' title='bbox 1259 4187 1364 4262; x_wconf 84' lang='lat' dir='ltr'><strong>sperat</strong></span> <span class='ocrx_word' id='word_1_274' title='bbox 1383 4191 1444 4256; x_wconf 82' lang='lat' dir='ltr'><strong>poe·</strong></span> 
     </span>
     <span class='ocr_line' id='line_1_36' title="bbox 345 4275 1440 4366; baseline 0.006 -30"><span class='ocrx_word' id='word_1_275' title='bbox 345 4280 508 4351; x_wconf 86' lang='lat' dir='ltr'><strong>catorum,</strong></span> <span class='ocrx_word' id='word_1_276' title='bbox 531 4277 813 4360; x_wconf 85' lang='lat' dir='ltr'><strong>participationem</strong></span> <span class='ocrx_word' id='word_1_277' title='bbox 835 4282 1064 4366; x_wconf 74' lang='lat' dir='ltr'><strong>mysteriorum</strong></span> <span class='ocrx_word' id='word_1_278' title='bbox 1085 4280 1234 4362; x_wconf 80' lang='lat' dir='ltr'><strong>dignatus</strong></span> <span class='ocrx_word' id='word_1_279' title='bbox 1255 4275 1440 4347; x_wconf 83' lang='lat' dir='ltr'><strong>aeacerdoti·</strong></span> 
     </span>
    </p>
   </div>
   <div class='ocr_carea' id='block_1_7' title="bbox 0 0 1528 4946">
    <p class='ocr_par' dir='ltr' id='par_1_7' title="bbox 0 0 1528 4946">
     <span class='ocr_line' id='line_1_37' title="bbox 0 0 1528 4946; baseline 0 0"><span class='ocrx_word' id='word_1_280' title='bbox 0 0 1528 4946; x_wconf 95' lang='lat' dir='ltr'><strong> </strong></span> 
     </span>
    </p>
   </div>
  </div>
 </body>
</html>
