3066 4950
149 487 250 571 Siquis
271 492 379 554 autent
411 485 526 552 andire
553 487 663 571 cupiat
693 505 867 572 quousque
897 385 1178 554 schismaticucffl

81 588 291 671 triallapitola
314 586 553 653 defendentium
575 589 746 670 pertigerit
761 588 897 671 pertidia
919 591 950 652 in
973 589 1177 654 mutilatione

80 688 209 756 detonat
224 690 358 756 Gonnilti
372 685 489 770 quinti,
504 708 543 756 ac
556 690 739 755 omnimoda
755 690 925 756 falsatione
950 709 1078 767 eorum,
1093 709 1179 774 qoan

79 792 187 856 sanum
217 792 348 857 fueraut
368 793 399 854 is
429 809 467 856 ea
488 789 638 877 syuodo,
659 793 704 856 ita
735 799 774 856 ut
799 790 971 855 rideretur
1001 792 1080 855 ulhil
1101 790 1178 856 defl-

79 892 171 956 uitum
192 891 290 957 inisse
309 891 465 956 advorsos
488 893 548 956 trin
566 891 732 973 capitula,
750 893 805 956 aed
827 892 908 955 alios
929 893 1178 956 anathematisa-

79 1000 123 1057 tos
140 1009 279 1070 errores,
301 991 602 1073 chronographiam
633 993 728 1058 adeat
750 985 956 1074 Theophanis
981 995 1109 1057 ineunte
1130 1012 1180 1057 se·

78 1092 147 1156 culo
166 1089 254 1156 titt.
276 1093 375 1157 ritant
395 1093 550 1174 degentis.
579 1093 641 1158 lste
663 1112 820 1158 enarrans
841 1111 926 1176 qnae
945 1112 965 1158 a
987 1092 1123 1158 Menneu
1144 1113 1180 1156 o·

78 1191 139 1257 hitn
159 1194 189 1257 in
209 1193 354 1259 Ecclesia
377 1201 454 1257 tono
486 1212 708 1275 supervenere
728 1194 790 1259 suh
811 1193 977 1282 Eutychio
997 1194 1086 1258 illius
1106 1211 1180 1260 suo·

78 1309 208 1370 ommno,
227 1295 362 1360 scribit:
379 1315 396 1354 a
412 1293 484 1360 Hoc
497 1312 581 1358 anno
601 1303 749 1359 nennium
771 1304 804 1360 et
824 1298 1070 1362 oecumenicum
1085 1293 1179 1375 quio·

78 1400 141 1460 tout
160 1395 341 1462 Concilium
362 1396 519 1460 advorsus
539 1395 720 1460 domantem
741 1395 927 1477 origenem,
949 1393 1123 1482 Didpmnm
1144 1414 1181 1461 o·

76 1497 219 1562 culorum
239 1499 363 1562 lumino
383 1499 559 1577 privatum,
583 1495 772 1577 dianium,
798 1514 981 1578 eorumque
1010 1496 1125 1561 deliria
1147 1497 1179 1559 in

77 1599 235 1678 gentilium
252 1607 392 1664 mentem
412 1599 617 1676 declinantia,
630 1608 663 1662 et
682 1599 816 1678 insuper
830 1598 987 1662 adversus
1008 1599 1180 1681 acephalo·

77 1716 143 1764 rom
163 1701 268 1783 capita
283 1699 484 1764 celebratum
504 1708 563 1763 est.
579 1697 788 1778 cougregatis
811 1717 888 1770 tero
913 1698 1074 1776 l’atrihus‚
1091 1699 1179 1762 haud

76 1801 165 1866 simol
183 1801 331 1882 consedit
350 1800 501 1873 Pontifex
519 1799 683 1864 llomauus
698 1798 848 1882 Vigilinss
868 1800 923 1864 sod
945 1802 986 1864 ah
1001 1801 1181 1881 lmperato·

77 1918 122 1979 re,
145 1903 256 1968 nuliis
278 1903 564 1978 tumultuantibus,
588 1901 749 1978 dimissos,
774 1902 848 1979 iter,
863 1919 930 1983 quo
947 1901 1083 1966 Romam
1107 1919 1181 1982 por·

76 2003 168 2082 nitur,
181 2022 292 2086 agens,
314 2005 346 2068 iu
365 2002 496 2090 illyrico
518 2003 601 2068 diem
623 2011 810 2068 extremum
825 2005 915 2068 ohiit.
933 2022 951 2062 s
967 2003 1003 2066 lu
1017 2021 1082 2085 qua
1105 2019 1179 2068 oar-

74 2106 191 2170 ratione
212 2122 254 2171 ne
275 2104 411 2171 ucrhnm
431 2106 561 2186 quidem
590 2110 744 2172 consonat
766 2105 920 2172 historice
947 2107 1103 2187 qeuoiuac
1123 2105 1183 2191 Sp·

77 2206 145 2270 nodi
166 2205 205 2273 V.

148 2307 293 2393 ldeoqus
309 2309 336 2375 sl
349 2308 390 2376 sd
411 2309 474 2376 hoo
494 2311 556 2376 tris
570 2309 719 2392 capituto
732 2309 972 2377 deicodeutium
1001 2307 1097 2374 dolos
1110 2323 1184 2391 per-

76 2414 207 2490 sonarit,
225 2421 265 2479 nt
285 2413 453 2495 paullatim
468 2431 507 2479 ae
521 2413 643 2479 tortian
655 2421 785 2495 squntcs
806 2412 1015 2478 abolitionem
1035 2410 1184 2476 ohtioue·

75 2512 136 2577 rint
156 2532 387 2597 eorumquae
406 2513 555 2601 synodos
580 2515 691 2596 quinta
711 2516 826 2578 statuit
846 2529 960 2594 reapse
982 2521 1014 2577 ct
1033 2503 1187 2576 inculco?

76 2613 191 2680 tissime
203 2619 237 2682 iu
249 2616 384 2682 illorum
396 2615 624 2698 capitutnrum
637 2611 918 2692 anathematismo,
936 2619 969 2678 et
982 2610 1073 2678 alind
1088 2628 1183 2693 pror·

74 2730 127 2778 sna
145 2717 223 2797 qnid
241 2717 316 2781 ooai
337 2717 543 2783 commentati
563 2719 628 2781 aiot
647 2715 688 2780 do
708 2719 776 2796 ipsa
797 2713 928 2800 synodo
938 2732 951 2794 3
972 2712 1050 2794 quid
1070 2711 1112 2776 de
1132 2729 1185 2777 on·

73 2818 148 2880 teris
162 2817 367 2899 arguendum
379 2817 443 2881 erit
462 2815 767 2892 insimulationibus,
784 2814 903 2896 quihus
927 2823 992 2878 tota
1006 2811 1126 2896 Synodi
1142 2808 1182 2874 li.

73 2921 299 3001 conspergitur
313 2918 445 2983 historin
459 2917 701 2997 aepraesertim
717 2914 825 2998 vigilii
837 2911 1074 2980 Pontificatus?
1086 2911 1183 2976 Prae·

73 3016 134 3082 iata
155 3018 293 3106 concilii
321 3019 406 3084 sexti
426 3036 465 3083 ae
485 3016 689 3100 Theophanis
715 3017 814 3082 recha
834 3017 918 3081 notis
939 3023 1004 3081 tam
1024 3013 1182 3094 amplissi-

72 3122 130 3184 mis
149 3122 312 3203 axposita‚
339 3121 509 3202 spondent,
537 3136 712 3202 quousque
731 3118 1011 3183 schismaticorum
1036 3117 1184 3182 intslua·

75 3222 116 3286 rit
136 3223 272 3303 pertidia
294 3226 327 3288 in
350 3223 449 3288 trium
469 3219 698 3306 Capitulorom
722 3222 922 3301 quaestionis
943 3218 1096 3284 talsaudis
1117 3237 1185 3284 uno·

72 3325 244 3390 numeratis.
267 3321 380 3400 Quare
410 3323 554 3405 diligenti
573 3321 833 3404 perscrutatione
862 3320 967 3384 lihero
990 3321 1067 3383 mihi
1088 3319 1185 3383 liceat

72 3437 155 3490 nunc
170 3425 281 3490 denuo
296 3442 492 3507 percurrero
511 3429 547 3489 at
558 3431 765 3506 prosternere
786 3420 867 3502 pedo
889 3437 1067 3500 pravorum
1083 3421 1186 3484 homi·

72 3541 148 3589 num
170 3535 322 3605 conatos,
354 3525 411 3607 qui
434 3527 511 3590 tanti
537 3522 698 3588 Pontificio
720 3523 814 3591 tantis
838 3521 1010 3586 calomniis
1030 3520 1186 3601 deturpa-

70 3632 147 3691 runt
161 3625 259 3692 hdem
280 3633 314 3692 ot
332 3625 500 3692 ministerii
519 3624 571 3692 sni
591 3623 724 3689 deonna
745 3620 955 3688 Pontidcatos
974 3621 1026 3686 sui
1047 3619 1184 3687 exordio

72 3725 111 3790 ad
130 3729 260 3796 exitum
281 3745 397 3810 usque.
