3186 4946
1204 423 1260 478 ann

170 549 315 627 semper
352 529 390 604 in
425 528 581 604 lectione
615 537 687 612 est,
719 537 817 609 totus
853 497 893 602 in
928 524 1046 628 libris,
1079 549 1150 603 non
1194 529 1268 618 die,

170 679 243 732 non
279 669 388 756 nocte
408 655 615 755 requiescit.
636 658 710 732 Aut
745 655 834 754 legit
861 655 995 754 aliquid
1022 679 1185 755 semper,
1201 673 1266 735 aut

171 783 313 860 scribit.
342 781 446 874 Quod
483 784 552 858 nisi
586 783 675 858 mihi
703 782 834 860 fuisset
868 783 982 859 hxum
1018 785 1055 859 in
1083 785 1205 862 enimc
1228 800 1267 862 et

171 913 409 1010 promissum,
441 911 517 986 Dec
548 923 663 998 teste,
692 914 917 1011 propositam
949 935 1111 990 cremum
1151 914 1265 1002 adire,

171 1038 230 1116 rei
249 1041 371 1138 exigui
400 1041 579 1141 temporis
606 1055 822 1141 punctuate
845 1053 949 1118 tanto
976 1043 1054 1118 viro
1081 1042 1265 1120 discedere

173 1166 430 1245 noluissem.»

281 1295 439 1394 Ideoque
471 1318 555 1372 cam
587 1295 623 1372 in
658 1297 818 1390 eiusdem
857 1296 1115 1394 investigandis
1145 1293 1267 1373 Hiero·

174 1422 277 1520 nymi
305 1423 463 1522 scriptis,
483 1423 550 1522 (uti
574 1448 718 1525 quoque
745 1449 795 1500 ex
821 1449 885 1503 sua
906 1421 1144 1524 confessione)
1160 1445 1267 1523 sper·

175 1565 214 1626 ιε
231 1563 377 1627 constet
396 1552 474 1628 siro
493 1553 744 1640 contradictio,
763 1553 840 1629 eive
872 1559 950 1648 eius
977 1553 1213 1636 instabilitas,
1229 1551 1267 1627 in

174 1701 286 1777 qnam
306 1677 431 1777 lapsus
457 1693 528 1766 cst,
546 1679 642 1755 hanc
661 1693 888 1778 pertractans
915 1680 959 1753 de
977 1680 1133 1776 Origene
1150 1703 1266 1777 quae·

176 1807 333 1882 etioncm
361 1803 410 1881 cb
443 1805 649 1904 Theophili,
677 1808 733 1882 cui
763 1829 804 1882 se
830 1819 947 1882 totum
980 1806 1128 1893 dicarit,
1150 1805 1268 1880 ambi-

176 1947 281 2010 tum:
308 1935 345 2009 in
363 1934 588 2022 hoctemen,
617 1935 784 2034 quamtis
814 1935 905 2010 tanti
930 1933 996 2010 viri
1016 1933 1135 2008 minus
1159 1933 1195 2010 id
1212 1931 1269 2008 ia·

175 2083 259 2137 snae
292 2061 471 2149 conferat,
498 2064 725 2160 ceteroquin,
741 2086 869 2138 eruere
896 2063 983 2138 licet
1011 2073 1266 2159 argumentum

175 2189 409 2293 perspicuum
433 2190 478 2265 de
505 2189 619 2265 enimi
644 2191 701 2266 sni
738 2191 948 2288 integritate
982 2214 1003 2267 a
1030 2191 1159 2288 quavis
1191 2211 1270 2262 ma·

176 2315 256 2392 litia
282 2316 404 2394 alieni.
419 2317 537 2394 Causa
557 2341 646 2395 vero
670 2318 728 2394 vei
754 2319 947 2416 antilogiae
965 2317 1190 2417 Hieronymi,
1210 2313 1267 2392 rei

177 2444 444 2520 incertitudinis
468 2447 504 2520 in
529 2446 587 2521 hie
619 2445 725 2521 facile
751 2446 945 2542 reperitur.
974 2446 1067 2520 Cum
1096 2444 1195 2520 enim
1222 2441 1269 2516 oh

177 2573 304 2650 oculos
332 2574 500 2651 habuerit
531 2575 707 2672 genuinos
735 2573 901 2672 Origenis
919 2585 1097 2650 tractatus
1124 2586 1163 2647 ct
1190 2571 1270 2670 qui·

178 2701 262 2778 dem
281 2702 519 2789 orthodoxos,
538 2714 626 2778 tunc
644 2702 797 2800 ingenue
816 2701 1004 2778 cociessue
1023 2715 1081 2777 est
1100 2699 1268 2777 Auctoris

177 2829 449 2904 orthodoxiam.
468 2829 561 2906 Cum
580 2843 705 2904 autem
725 2829 976 2928 interpolatos,
997 2841 1063 2904 out
1085 2825 1267 2928 apochry-

179 2957 272 3056 phos
300 2956 369 3032 suh
391 2957 505 3056 ipsius
533 2958 698 3056 Origenis
718 2957 824 3034 titulo
855 2957 1037 3056 vulgatos,
1055 2970 1095 3032 et
1121 2957 1267 3057 quidem
1388 2989 1391 2994 Δ

180 3083 344 3160 doctrina
377 3095 561 3160 scatentes
587 3083 794 3172 haeretica,
833 3097 919 3160 tanc
950 3084 1078 3159 cadem
1107 3083 1271 3183 ingenui·

179 3225 257 3288 tate
276 3210 475 3288 Auctorem
500 3211 708 3311 reprobarit
730 3211 967 3286 haereticum.
996 3208 1072 3286 Nisi
1089 3211 1200 3309 quod,
1229 3223 1270 3286 ut

177 3337 271 3413 inira
306 3337 480 3437 patefiet,
514 3361 599 3412 cum
630 3338 664 3412 is
695 3338 731 3412 in
764 3339 833 3413 hac
865 3338 1121 3416 incertitudine
1153 3339 1269 3437 magis

178 3466 375 3544 crediderit
389 3465 603 3564 Theophilo,
628 3465 748 3553 istius,
767 3489 885 3567 neque
909 3467 1097 3567 proprium
1123 3479 1271 3542 scantin

173 3593 366 3688 judicium,
396 3595 433 3668 in
470 3595 540 3669 hoc
572 3595 828 3694 perseverarit,
860 3595 1058 3698 arbitratus
1085 3593 1210 3693 potius
1231 3593 1269 3668 in

178 3719 337 3818 Origene
368 3721 649 3797 inconstantiam
681 3743 835 3821 eamque
867 3723 1127 3807 condemnans,
1162 3741 1272 3818 qnam

179 3871 309 3924 severo
342 3849 503 3924 examini
535 3849 713 3944 subjicere
746 3850 906 3949 episcopi
943 3848 1170 3926 alexandrini
1196 3847 1275 3946 epi-

178 3975 298 4051 stolas
326 3999 371 4050 ac
398 3974 533 4066 fontes,
551 3976 647 4052 unde
675 3977 745 4054 istc
779 3975 944 4056 hauserit
970 3989 1204 4078 praetextum
1223 3984 1274 4048 ta·

181 4101 254 4178 iem
290 4101 509 4203 reprobandi
534 4104 665 4180 virum.
