2994 4938
344 381 443 548 ffdo
458 484 675 564 quorumdam
696 485 796 566 ipsius
817 483 991 563 librorum,
1013 484 1095 550 idest
1111 483 1307 552 Per-iareim
1323 485 1439 551 latimn

345 602 388 649 ex
401 581 522 650 Rulllni
535 603 637 667 opera
654 587 895 652 translationem
914 588 1124 669 (etquidem,
1139 591 1271 670 inquam
1290 605 1363 670 ego,
1376 587 1439 654 alie·

348 703 392 750 no
406 686 533 752 calamo
553 687 801 769 interpolatam)
822 689 1096 754 anathematizare
1114 708 1150 755 se
1168 691 1257 754 dicit.

425 787 617 853 llecautsm
637 791 693 853 rix
706 789 885 871 putandam
908 798 956 855 est
975 791 1140 856 admisisse
1155 790 1368 856 Anastasinm.
1388 791 1441 856 hat

343 888 472 966 saltem,
484 885 510 952 si
522 888 562 952 ad
577 889 660 953 hane
674 889 867 970 palinodiam
879 898 1011 956 coactns
1023 891 1148 968 inisset,
1161 891 1260 972 panio
1272 897 1345 974 post
1357 910 1440 973 quan

342 990 451 1068 primo
466 989 656 1072 subscripsit
670 991 815 1068 decreto,
837 1011 900 1058 non
914 993 1073 1058 omisisset
1085 994 1117 1056 in
1139 994 1201 1057 boo
1216 994 1359 1058 secundo
1378 1011 1441 1058 can·

341 1107 393 1153 sas
413 1090 593 1170 significare
613 1091 713 1174 hujus
733 1093 993 1171 reluctationis,
1016 1107 1055 1156 ne
1075 1111 1186 1158 secum
1213 1095 1284 1174 ipso
1310 1111 1440 1176 pugnare

342 1193 525 1270 rideretur,
540 1201 599 1258 ant
619 1194 716 1258 animi
737 1195 788 1258 sui
803 1195 973 1259 ostendere
994 1195 1245 1260 instabilitatem.
1262 1193 1401 1276 ideoque
1416 1199 1442 1257 et

343 1292 385 1356 ab
406 1294 469 1360 hoc
488 1295 592 1359 latere
613 1295 815 1376 supposititia
837 1296 1017 1377 reputanda
1038 1305 1097 1374 est,
1120 1313 1218 1377 quam
1239 1297 1389 1378 praemisi
1407 1295 1440 1358 l·

340 1396 471 1462 nastaaii
492 1395 662 1477 epistolam
682 1398 722 1460 ad
744 1395 986 1480 simplicianum
1007 1395 1047 1462 de
1068 1397 1216 1488 Origanis
1237 1398 1439 1475 anathemis

339 1497 374 1560 in
392 1514 454 1562 sno
475 1503 587 1562 tenore
606 1498 820 1575 manentibus,
838 1517 920 1580 quaa
938 1497 979 1561 ad
993 1494 1151 1562 lucanam
1173 1497 1262 1562 dedit
1280 1499 1409 1562 litteras.

425 1594 622 1674 Praetores,
648 1598 791 1680 probatis
818 1615 904 1680 qnae
929 1597 969 1662 de
993 1598 1056 1663 hae
1079 1595 1119 1660 ad
1141 1595 1303 1663 loannem
1319 1597 1440 1679 epistole

338 1696 515 1764 statuimus
536 1695 623 1761 circa
645 1706 771 1780 tempus
791 1705 826 1764 et
845 1699 932 1764 circa
954 1699 1055 1780 ipsius
1076 1701 1234 1777 teneram,
1248 1715 1317 1780 qno
1336 1697 1440 1777 scripti

339 1801 408 1874 eat,
430 1797 513 1862 idest
540 1815 623 1862 anno
643 1795 713 1868 ton.
734 1819 794 1865 sen
815 1808 960 1882 quatuor
983 1817 1107 1866 memes
1137 1801 1330 1882 prinsquam
1351 1801 1441 1862 obiret

339 1895 551 1978 Anastasius,
572 1901 723 1982 sequitur
744 1919 877 1984 quoqne
896 1921 922 1966 s.
945 1900 1179 1986 Hieronymum
1200 1901 1337 1966 illosum
1358 1899 1441 1964 inisse

338 1999 381 2076 ab
401 2000 523 2079 amicis,
544 2008 604 2066 aut
624 2003 752 2084 vulgari
774 1993 871 2081 lama,
891 2021 969 2068 com
989 2005 1104 2070 asserit
1122 2004 1155 2082 in
1177 2001 1276 2068 Libro
1292 2001 1335 2068 ll.
1352 2021 1382 2064 n.
1398 1997 1438 2066 ab

337 2101 496 2167 adversus
509 2101 693 2192 linffinum:
705 2103 821 2188 ullrgo
834 2106 919 2172 beati
932 2105 1073 2187 episcopi
1088 2105 1290 2181 Anastasius,
1305 2109 1338 2168 et
1352 2101 1440 2166 'lheo-

337 2204 471 2284 philos,
495 2208 527 2270 el
555 2203 735 2285 Venerius,
756 2218 791 2272 el
818 2205 1024 2294 Chromatius
1050 2213 1083 2272 ct
1109 2219 1219 2272 omnes
1245 2213 1312 2272 tam
1338 2205 1438 2272 Oricu-

335 2307 393 2382 tis,
408 2323 506 2387 qnam
527 2307 711 2374 Occidentis
725 2308 963 2374 catholicorum
983 2307 1143 2395 Synodus,
1158 2308 1215 2390 qni
1236 2311 1309 2388 pari
1330 2315 1439 2372 senten

337 2406 394 2484 tia,
417 2409 474 2489 qui
489 2409 560 2489 pari
581 2409 742 2494 etspirltu
763 2412 857 2476 illum
873 2411 884 2489 t
895 2409 1089 2502 Oripanami
1104 2409 1308 2474 haereticum
1329 2411 1436 2474 denna·

336 2507 423 2573 ciant
437 2511 566 2591 populis
580 2517 642 2577 eto.
659 2529 677 2572 a
694 2511 789 2589 Quod
805 2512 837 2575 in
852 2511 950 2576 libro
966 2509 991 2574 l.
1007 2511 1174 2593 praelatus
1187 2518 1272 2588 mat,
1285 2513 1436 2594 iuquiens:

336 2627 356 2668 s
370 2606 456 2685 Quid
479 2609 598 2676 iscieat
617 2611 773 2694 epistolae
793 2610 987 2694 Theophilis
1011 2614 1089 2694 quid
1113 2613 1271 2678 dosassis
1292 2611 1437 2696 Pepaein

337 2714 406 2772 toto
426 2711 506 2775 orbe
522 2713 721 2778 haereticum
743 2711 999 2795 persequentes?
1020 2713 1063 2778 lit
1081 2713 1157 2780 alibi
1177 2713 1310 2780 subdite
1327 2713 1437 2796 «Ejus

334 2826 400 2889 qne
422 2809 605 2890 (donatarii)
619 2811 748 2876 litterae
768 2813 905 2878 doceant
924 2813 1110 2878 damnatam
1125 2817 1158 2881 in
1172 2813 1350 2881 Oecidente
1362 2813 1436 2896 qnod

335 2911 367 2974 in
388 2909 522 2978 Oriente
543 2913 729 2980 damnatum
750 2920 808 2979 est.
830 2931 847 2974 s

414 3011 448 3078 Si
469 3033 597 3096 reapse,
620 3021 657 3081 ut
678 3025 771 3098 putat
792 3016 1025 3105 Hieronymus,
1047 3015 1196 3100 Oripenis
1215 3019 1293 3082 libri
1313 3020 1437 3102 ejusque

336 3121 553 3196 personatam
573 3118 605 3180 in
626 3119 773 3196 Oriente,
798 3127 863 3183 tam
888 3123 920 3184 in
944 3120 1119 3186 Occidente
1138 3121 1374 3186 damnationem
1392 3139 1435 3183 sn

335 3215 489 3298 biissent;
511 3222 545 3283 et
563 3218 591 3283 si
611 3219 742 3300 publico
758 3218 888 3284 decreto
903 3224 1072 3286 anathema
1087 3224 1244 3288 sensisset
1263 3223 1436 3288 hmstasins

333 3321 379 3383 ite
399 3337 439 3384 ne
454 3319 514 3384 cui
533 3320 650 3385 liceret
675 3321 814 3402 amplius
836 3323 887 3385 aei
908 3322 1017 3403 legere
1046 3324 1099 3388 rel
1119 3323 1240 3388 hahere
1271 3331 1327 3388 eoi
1347 3323 1435 3387 libros

331 3421 549 3504 praesumptis
565 3419 708 3499 salerios
729 3422 969 3503 impietatibus:
992 3439 1054 3488 cur
1073 3425 1174 3505 paulo
1193 3429 1267 3506 post
1287 3431 1321 3488 et
1341 3421 1435 3504 praed

332 3527 368 3589 et
384 3522 475 3587 latini
504 3523 679 3588 orthodoxi
702 3525 877 3606 scriptores
900 3525 1107 3589 ecclesiastici
1132 3539 1212 3589 snae
1233 3527 1348 3589 aetatis
1371 3541 1434 3605 pre

329 3621 456 3706 pinqui,
474 3617 530 3705 qni
552 3623 629 3688 hnic
648 3623 803 3688 dicuntur
822 3624 1048 3704 subscripsisse
1065 3625 1260 3688 damnationi
1270 3644 1283 3705 3
1307 3641 1378 3702 cnr,
1397 3621 1435 3685 iu·

328 3737 443 3805 quam,
459 3724 510 3789 isti
535 3724 599 3789 tale
623 3725 836 3806 neglexerunt
857 3723 1024 3790 decretum
1036 3721 1054 3789 i
1068 3741 1126 3790 nee
1146 3727 1373 3809 episcoporum
1387 3743 1432 3792 oe·

331 3825 540 3891 cidentalimn
562 3843 619 3890 nee
638 3825 774 3891 Concilii
795 3819 1017 3904 alexandrini,
1040 3845 1098 3892 nec
1117 3825 1290 3909 Theophili
1311 3827 1432 3915 Synodi-

328 3941 402 4003 cae,
420 3944 525 4008 neque
538 3927 698 3994 Anastasii
719 3926 825 4010 Puppe
847 3929 941 3992 veriti
963 3929 1205 4008 auctoritatem,
1228 3928 1376 4011 Origents
1394 3929 1432 3992 di·

326 4036 514 4092 scurreutes
535 4026 664 4092 libros'i
683 4027 739 4094 alii
762 4028 857 4093 ualde
875 4029 1080 4105 dubitantes,
1102 4045 1179 4093 nam
1203 4031 1362 4095 haeretica
1382 4029 1430 4092 dc·

325 4128 449 4193 coisset
470 4145 594 4209 reapse,
616 4125 768 4210 suspicati
796 4129 835 4195 ds
855 4143 992 4196 snorum
1014 4149 1151 4212 operum
1172 4131 1411 4211 interpolatione
1418 4151 1427 4208 i

325 4234 359 4295 et
379 4229 435 4293 alii
456 4229 617 4311 impavide
646 4231 746 4313 ipsias
767 4231 851 4298 dieta
877 4235 1136 4316 comprobantes,
1158 4235 1199 4297 ah
1221 4234 1428 4298 hereticorum

328 4347 467 4400 numere
488 4340 645 4412 amotum,
669 4334 753 4400 inter
772 4333 937 4404 Ecclesiae
959 4334 1115 4405 Doctores
1136 4331 1369 4405 celebrarunt?
