2982 4934
51 463 203 546 aegypto,
223 460 392 543 topaeerat
421 459 642 550 Theopnllusl
670 477 791 543 eosque
824 359 1151 528 ooolomua'seotrffl

48 583 117 630 eum
137 583 269 645 persona
283 571 317 628 ot
336 563 464 643 scriptia
483 562 644 644 Oripeuis,
661 563 826 628 touo'iree
847 571 956 628 aestus
976 565 1152 646 quievisset
1241 559 1249 572 '

47 669 75 729 iu
88 664 277 748 Theopbiio,
298 683 357 730 nee
370 683 405 730 se
426 666 485 728 lste
506 672 724 746 comparesset
742 664 780 726 ati
798 671 883 728 tante
898 657 1080 728 execranda
1106 664 1152 729 ia·

47 767 157 832 onore.
189 766 252 834 Ast
277 767 451 848 aequitatis
471 773 505 830 et
535 767 735 831 inocentiae
758 766 874 830 rintlen
899 765 1151 853 chrysostomus

47 867 216 934 nullimode
246 885 358 948 pasena
377 875 426 932 eat
446 868 662 950 improbitatis
689 875 723 932 et
743 867 925 932 calumniae
946 870 1149 962 triumphurn

48 985 113 1032 runt
132 969 326 1034 detrimento
354 976 541 1034 sauctorum
568 969 734 1044 uirorum,
767 973 800 1032 et
819 969 1020 1048 potissimum
1041 971 1148 1046 illius,

47 1070 95 1147 qui
115 1069 288 1132 universim
308 1065 376 1130 uiri
398 1067 586 1148 apostolici,
607 1066 802 1147 etenopr’etri
827 1067 1031 1134 eeeiniurtme
1050 1070 1152 1133 norni-

48 1187 82 1232 ne
105 1169 271 1248 insignitus
298 1168 419 1244 iuerat,
440 1167 599 1250 Origeoie.
630 1167 671 1232 Et
697 1170 770 1233 leion
791 1169 835 1232 uit
867 1171 1008 1247 mirum,
1031 1170 1057 1234 si
1081 1178 1148 1235 tnu-

48 1279 74 1332 te
93 1270 183 1332 enimi
203 1270 381 1334 securitate
401 1270 635 1347 atelenensis,
657 1270 840 1334 adamantii
862 1271 1076 1354 patrocinium
1097 1291 1151 1336 su·

46 1373 171 1450 eoeperit
194 1369 358 1449 Joeuuee,
383 1371 465 1436 adeo
485 1378 523 1436 ut
543 1370 649 1453 potius
670 1371 857 1450 grauissime
880 1373 964 1436 male
986 1372 1150 1447 tolerarit,
1216 1413 1231 1440 e

47 1489 131 1551 quan
152 1472 391 1553 iniquissimum
413 1473 584 1555 complenti
599 1483 632 1538 et
647 1475 787 1553 probare
808 1471 976 1538 deerrluur
990 1471 1150 1536 adsersus

47 1571 205 1654 oannem
230 1580 265 1636 et
287 1573 461 1638 monachos
483 1575 574 1640 letius
599 1575 784 1640 deteusoroe
806 1591 826 1638 a
850 1571 1031 1655 Theophilo
1049 1575 1151 1640 eenei-

48 1681 260 1750 tumeliam
282 1675 501 1738 inhumaniter
520 1685 684 1738 enectum.
759 1754 760 1757 Ἴ
890 1739 892 1744 .

115 1773 250 1840 [lenm
272 1774 489 1840 eonelntlame
507 1775 605 1856 hujus
627 1775 790 1842 tumultus
805 1773 966 1857 priueepe,
981 1777 1150 1840 tantorum

47 1875 194 1943 maiorum
217 1882 402 1956 promotor,
425 1881 590 1944 tantorum
610 1876 839 1942 wandalorum
859 1891 977 1952 erosa,
999 1875 1153 1941 eeniena·
1274 1903 1280 1912 ·
1310 1913 1317 1920 -

49 1983 171 2058 tumque
192 1976 412 2040 auotoriuter
431 1976 610 2058 episcopos,
627 1978 785 2044 eooleeiee
805 1975 1038 2060 proieoetiouis
1055 1983 1089 2050 et
1108 1977 1153 2040 oi·

48 2076 125 2140 rium
145 2075 253 2141 matie
274 2082 486 2155 provocator,
507 2078 745 2144 calumniarum
767 2077 979 2143 uelandarum
1001 2073 1152 2161 incorp-

49 2184 213 2244 aoetomom
236 2182 448 2256 architectus,
464 2179 556 2243 tettus
566 2179 774 2260 relegationis
794 2178 975 2257 instigator,
991 2175 1152 2257 ejusdem·

47 2295 102 2356 que
121 2282 232 2346 mortis
249 2280 465 2356 eruderator,
481 2281 567 2344 illem
589 2281 656 2361 ipse
675 2287 724 2346 est
737 2278 950 2359 Theophilus,
971 2277 1029 2358 qui
1050 2276 1152 2359 paulo

47 2387 110 2444 tute
129 2381 338 2464 inaegyptn
362 2383 464 2448 ueluti
481 2401 523 2446 ex
539 2381 692 2461 praelatis
706 2379 907 2446 documentis
928 2381 1072 2457 eruitur,
1088 2379 1153 2444 ori·

48 2481 173 2550 minatus
192 2492 256 2561 est,
271 2479 442 2564 iudicarit,
464 2483 694 2564 tonueritque
715 2479 934 2562 Origenemet
949 2479 1049 2562 ltujue
1068 2481 1150 2544 sori·

49 2587 107 2658 pta,
125 2583 321 2664 expulitque
343 2582 517 2668 monachos
531 2581 630 2664 troius
652 2589 816 2663 patronos.
838 2579 881 2646 Et
900 2580 985 2646 idem
1001 2583 1070 2660 ipae
1089 2588 1152 2658 est,

49 2681 94 2743 oui
113 2689 215 2746 tutum
236 2701 273 2746 ae
294 2683 415 2748 oleant
437 2701 463 2746 s.
480 2681 710 2766 Hieronymus:
727 2683 783 2763 qui
807 2689 914 2746 tautee
935 2680 1033 2762 ipsine
1054 2681 1151 2760 perii·

47 2777 108 2844 liae
121 2782 265 2863 iprae-us,
285 2801 362 2849 suaa
377 2783 530 2863 epistolae
546 2791 697 2864 tauquam
719 2783 835 2862 spiritu
855 2783 996 2859 sineere,
1011 2781 1153 2862 ueloque

48 2885 215 2961 apostolico
236 2886 373 2952 dictatae
394 2895 524 2968 putans,
537 2887 639 2952 iatine
655 2887 752 2950 vertit
773 2885 881 2952 latnie
895 2882 1076 2952 oilereutlae
1097 2901 1151 2948 eo·

48 2982 160 3070 merliu
174 3005 278 3070 uque
291 2988 424 3070 iusuper
443 2988 594 3054 comitem
609 2986 698 3051 illiue
717 2986 794 3050 iecit
811 2987 843 3050 iu
858 2983 1069 3056 tentamento
1090 2999 1152 3050 un·

49 3083 134 3166 lique
152 3097 269 3154 eontra
291 3087 440 3170 Oripeuis
460 3089 576 3166 libros,
596 3086 755 3156 autemus
776 3086 951 3155 monachor
970 3085 1151 3172 aegyptios,

48 3186 394 3274 airenue,episoopum
417 3190 760 3274 hierosolymitanum,
782 3188 940 3253 aduersus
956 3183 1151 3262 Palladium,

48 3287 191 3358 nisenus
212 3289 496 3377 chrysostomum,
516 3291 674 3356 autemus
695 3287 875 3365 nonnum,
897 3286 1054 3353 adversus
1074 3302 1154 3352 euu-

49 3395 119 3467 etoe‚
138 3395 195 3480 qui
210 3392 357 3475 ejusdem
371 3392 520 3474 tlripeuie
534 3391 684 3472 logmata
706 3389 844 3472 genuina
858 3388 907 3454 utt
930 3388 994 3467 pia,
1010 3387 1058 3454 uti
1080 3403 1153 3453 aau-

49 3496 104 3567 ete,
117 3492 163 3556 nti
183 3493 372 3576 apostolicis
394 3492 647 3560 institutionibus
667 3499 879 3559 eouseutauee
900 3487 1012 3556 solidis
1033 3494 1066 3554 et
1085 3503 1153 3554 aut-

50 3590 185 3670 nlieeiuis
204 3597 405 3679 argumentis
425 3597 686 3678 propugnarunt.

436 3857 752 3931 '-·-·Qss>·-
843 3953 847 3962 .
