3174 4946
344 533 417 580 ossa
439 513 589 596 peceati?
620 513 666 578 lle
687 533 753 595 qno
774 512 856 580 tttat
877 511 1032 576 sentimus
1056 507 1143 592 qood
1165 507 1322 586 scriptum
1343 512 1391 569 eat
1416 504 1446 567 ln

344 617 542 697 Evangelio:
560 617 635 695 qnia
657 624 687 680 et
702 617 769 696 ipsa
789 615 950 687 eubolus,
966 621 998 676 at
1019 630 1128 676 ornnes
1142 609 1247 688 angeli
1267 608 1351 689 ains,
1372 623 1445 670 eum

344 720 405 794 his,
428 718 484 797 qni
506 735 605 796 opera
628 716 698 797 ejus
722 716 854 790 iaclnnt,
875 715 905 776 in
928 715 1052 793 estqui
1073 711 1288 784 criminantur
1310 706 1445 780 iratres,

345 837 420 884 cum
441 819 510 898 ipso
542 818 664 896 pariter
685 819 807 880 aeterni
830 818 909 897 ignis
932 815 1128 878 haereditate
1149 813 1323 892 potiantur.
1343 807 1448 888 Siquis

346 938 425 999 argo
446 928 540 997 negat
561 915 733 981 Diabolum
749 921 888 980 aeternis
910 918 1033 998 ignibus
1056 913 1312 996 mancipandum,
1326 918 1448 991 partem

344 1037 419 1084 oum
440 1021 509 1097 ipso
530 1017 652 1082 aeterni
673 1019 751 1097 ignis
772 1019 927 1096 accipiat,
951 1027 986 1080 nt
1006 1017 1123 1079 sentiat
1142 1013 1230 1095 quod
1252 1013 1390 1093 negarit.

423 1113 453 1182 6.
476 1139 492 1176 o
516 1117 623 1182 Audio
644 1125 677 1180 et
699 1118 738 1180 do
759 1116 862 1179 anima
884 1118 1087 1196 quaestiones
1108 1131 1177 1178 esse
1197 1121 1385 1178 commotas.
1406 1107 1451 1172 ile

343 1235 407 1298 qua
425 1234 460 1280 re
476 1226 586 1280 utrum
602 1218 702 1295 recipi
720 1217 834 1278 debeat
848 1219 1061 1296 querimonia,
1072 1223 1131 1279 aot
1143 1214 1252 1296 abjici,
1266 1231 1323 1276 ros
1337 1210 1452 1292 proba·

345 1327 387 1384 te.
401 1318 434 1384 Si
453 1329 562 1382 autern
585 1328 617 1384 et
631 1321 671 1384 ‹le
693 1339 743 1384 me
763 1319 841 1399 quid
855 1321 989 1384 sentiam
1009 1319 1193 1399 quaeritur,
1216 1317 1321 1379 latoor
1343 1333 1395 1382 me
1412 1313 1453 1376 de

347 1419 408 1485 hae
428 1422 616 1501 quaestione
637 1419 723 1500 apud
744 1421 1004 1501 quamplurimos
1026 1427 1239 1483 tractatorum
1260 1417 1387 1478 diversa
1406 1415 1453 1477 le·

345 1521 437 1600 gissa.
460 1519 535 1600 Legi
551 1521 708 1600 quosdam
723 1520 876 1593 dicentes,
891 1519 977 1599 quod
1000 1521 1121 1599 pariter
1142 1535 1216 1582 cnm
1232 1533 1373 1597 corpore
1393 1531 1452 1594 par

347 1623 479 1687 humaui
499 1624 627 1687 seminia
655 1624 820 1688 traducem
841 1626 939 1686 etiam
961 1623 1066 1686 anima
1088 1620 1311 1685 eiaculatur:
1338 1629 1372 1682 et
1391 1619 1453 1682 lroc

296 1773 307 1804 ,
345 1725 464 1804 quibos
477 1733 626 1804 poterant
646 1725 876 1788 assertionibus
891 1723 1135 1788 confirmabant.
1152 1720 1247 1797 Quod
1270 1729 1352 1802 puto
1371 1722 1454 1782 iuter

343 1824 461 1888 latinos
481 1821 721 1888 Tertullianum
743 1824 898 1896 sensisse,
923 1824 973 1888 vel
1007 1823 1226 1899 Lactantinm,
1258 1822 1403 1885 fortassis
1423 1832 1453 1885 et

345 1925 426 1988 alios
448 1926 633 1988 nonnullos.
657 1925 721 1988 stit
742 1935 913 2000 asserunt,
934 1926 1022 2005 qnod
1046 1926 1191 1990 ior-matis
1212 1927 1244 1988 in
1266 1933 1363 1989 utero
1384 1943 1454 1990 cor·

347 2024 493 2104 poribus,
510 2023 596 2088 Deus
616 2023 762 2104 quotidie
784 2025 881 2087 iaciat
900 2026 1022 2090 animas
1042 2032 1076 2089 et
1095 2025 1267 2089 intonant:
1289 2025 1346 2088 aiii
1367 2023 1452 2106 qnod

347 2128 447 2190 lactas
465 2127 533 2208 jam
554 2126 645 2200 otim,
667 2126 750 2190 idest
770 2135 858 2198 tune,
877 2143 952 2190 enm
974 2129 1080 2192 omnia
1095 2124 1182 2190 Dens
1204 2127 1326 2190 crearit
1349 2145 1390 2192 ex
1412 2127 1456 2188 ui·

349 2228 429 2304 hilo,
453 2235 529 2292 tunc
543 2244 597 2290 eas
609 2227 732 2308 judicio
752 2245 812 2290 suo
827 2227 1031 2308 dispensatio
1052 2225 1289 2308 corporeitas
1308 2229 1406 2290 sentit
1425 2233 1456 2289 et

345 2327 523 2408 Origenes,
546 2336 578 2392 et
599 2329 744 2393 nonnulli
764 2329 819 2392 alii
840 2346 1044 2408 graecorum.
1078 2327 1147 2409 Ego
1170 2348 1247 2393 sero
1281 2347 1357 2393 com
1380 2330 1456 2392 heac

347 2430 473 2509 singula
490 2429 635 2510 legerim,
652 2428 720 2494 ileo
736 2437 816 2494 testo
837 2431 922 2509 dico,
937 2434 1013 2512 qula
1035 2448 1140 2512 usque
1159 2430 1199 2492 ad
1222 2448 1375 2511 praeseus
1389 2447 1457 2494 oer-

349 2531 384 2606 ti,
407 2529 580 2612 etunetiuiti
600 2531 722 2611 aliquid
744 2530 784 2594 (lo
804 2533 865 2596 trac
885 2533 1072 2613 quaestione
1093 2549 1156 2595 noo
1177 2540 1290 2606 teneo,
1311 2531 1369 2594 sed
1391 2529 1456 2594 ileo

349 2633 499 2712 relinquo
514 2632 596 2696 scire
611 2632 688 2712 quid
709 2635 750 2696 sit
771 2634 801 2696 in
819 2651 909 2708 vero,
930 2641 964 2698 et
995 2633 1076 2696 sioni
1098 2632 1165 2713 lpse
1181 2633 1329 2696 revelare
1352 2633 1458 2711 digna·

350 2731 448 2795 bitur.
474 2731 541 2812 Ego
564 2741 668 2797 tamen
690 2734 769 2798 haec
799 2735 924 2814 singula
946 2735 1112 2816 allegiare
1143 2753 1195 2797 me
1216 2751 1279 2796 nou
1299 2751 1404 2814 nego,
1427 2740 1458 2794 et

349 2833 457 2898 adhuc
477 2837 628 2915 ignorare
647 2835 817 2911 confiteor,
840 2837 1073 2917 praeterhac,
1095 2836 1183 2917 quod
1205 2834 1374 2900 manifeste
1395 2845 1458 2898 tra·

352 2933 400 2997 siit
420 2932 579 3009 Ecclesia,
602 2933 706 3002 ileum
728 2955 797 3002 esse
817 2937 997 3001 animarum
1013 2945 1046 3000 et
1066 2955 1242 3018 corporum
1264 2943 1457 2999 creatorem.

429 3033 460 3098 t.
483 3057 500 3098 a
521 3035 603 3100 Sane
623 3038 700 3119 qnia
722 3039 822 3102 nodio
841 3039 936 3102 etlam
958 3040 1032 3102 inste
1051 3057 1120 3102 esse
1142 3039 1355 3136 disputatum,
1375 3035 1459 3118 qnod

351 3135 510 3215 quaedam
531 3136 693 3218 Origenis,
709 3145 874 3218 rogatura
893 3137 1063 3215 iratribus,
1079 3140 1118 3203 de
1135 3157 1253 3218 graeco
1275 3141 1306 3200 iu
1327 3139 1461 3202 latinum

354 3237 516 3313 transtuli,
531 3246 611 3317 puto
631 3237 718 3318 quod
741 3256 853 3302 omnes
874 3239 1066 3318 intelligant,
1084 3240 1164 3303 isaeo
1185 3256 1245 3319 pro
1264 3240 1337 3302 solo
1358 3239 1461 3302 livore

352 3333 490 3416 culpari.
516 3335 547 3402 Si
577 3338 662 3400 euim
690 3337 815 3417 aliquid
845 3346 915 3414 est,
940 3337 1028 3419 quod
1054 3337 1222 3418 displiceat
1251 3340 1284 3402 in
1306 3347 1461 3410 anctore,

353 3451 457 3515 quare
471 3434 501 3497 id
517 3437 556 3499 att
571 3439 781 3517 interpretem
803 3435 1048 3518 detorquetur?
1072 3437 1163 3504 Sicut
1178 3440 1210 3502 in
1225 3439 1349 3518 graecis
1370 3437 1464 3502 haba·

355 3543 422 3610 tur,
442 3544 574 3616 rogatus
586 3555 659 3602 snm
685 3545 723 3601 nt
735 3537 843 3602 latinis
856 3539 1069 3604 ostenderem.
1085 3535 1218 3604 cresco
1231 3539 1376 3604 aemilius
1394 3553 1464 3600 var·

355 3634 394 3698 ba
416 3636 488 3700 dent
519 3637 618 3702 latina
641 3639 872 3704 tantummodo.
894 3640 968 3706 Stre
993 3657 1071 3720 ergo
1092 3641 1123 3703 in
1144 3639 1209 3704 illis
1228 3639 1374 3706 sensibus
1393 3639 1463 3702 laus

356 3738 438 3800 inest
457 3739 580 3820 aliqua,
602 3758 666 3803 oon
686 3751 734 3806 ast
754 3759 849 3822 mea3
865 3744 935 3806 sire
955 3743 1051 3824 culpa
1066 3742 1218 3808 similiter
1236 3757 1300 3806 noo
1314 3749 1363 3806 est
1383 3755 1462 3804 mea.

357 3835 544 3911 Quinimmo
563 3842 662 3904 etiam
683 3841 764 3908 illud
786 3843 915 3924 adjeci,
949 3843 1035 3907 siout
1055 3843 1087 3906 io
1107 3841 1374 3908 Praelatinncola
1396 3855 1465 3904 mea

355 3939 533 4018 designari,
549 3951 586 4005 ut
606 3943 638 4005 in
652 3953 811 4024 quantum
833 3963 971 4024 possem,
997 3947 1164 4027 aliquanta
1187 3945 1389 4008 decideram:
1412 3941 1467 4002 illa

358 4047 464 4100 tamen
477 4058 561 4120 quae
584 4044 661 4106 mitti
672 4044 711 4106 ad
731 4047 947 4125 suspicionem
966 4045 1251 4125 santabarenum
1268 4061 1331 4108 uon
1345 4045 1387 4106 ala
1399 4043 1467 4122 ipro

356 4137 497 4220 Origene
518 4145 561 4207 ita
583 4145 687 4220 dicta,
718 4146 774 4208 sed
795 4145 836 4208 ab
856 4147 929 4210 aliis
952 4147 1142 4211 viderentur
1162 4149 1303 4222 inserta,
1334 4149 1467 4225 proptor

355 4239 418 4304 hoc
432 4244 518 4321 quod
540 4247 579 4310 do
600 4247 719 4313 eisdem
735 4247 833 4312 rebus
854 4249 887 4312 in
901 4249 972 4312 aliis
987 4251 1066 4314 locis
1088 4247 1233 4328 eiusdem
1250 4245 1403 4314 Auctoris
1418 4258 1468 4308 ca·
