2994 4938
324 471 478 554 praetatis
499 469 749 558 discussionibus
776 469 867 558 nobis
897 477 1160 556 repraesentatur
1186 475 1423 559 improbissimus

325 583 358 639 et
377 573 621 638 scelestissimus
637 573 698 653 vir)
719 573 843 652 scribit,
859 593 894 640 se
908 577 1009 655 ipsius
1022 576 1139 642 litteris
1152 585 1348 644 conventum
1365 598 1423 646 sen·

324 677 467 740 ctitotem
489 673 685 756 simpliciani
707 676 899 740 convenire:
920 686 956 740 ut
975 676 1060 740 sicut
1077 697 1145 756 uos,
1166 681 1224 756 alt,
1239 677 1278 742 irs
1291 678 1424 744 urielis·

322 791 377 840 ma
391 775 502 856 positi,
523 793 618 858 puoso
632 774 787 856 Princeps
801 775 1023 858 Apostolorum
1036 779 1159 857 statuit,
1181 789 1210 844 ct
1222 781 1284 861 ficis
1295 797 1355 845 suc
1367 799 1425 844 ocu·

322 877 464 958 firmavit
492 878 651 958 ploricsus
671 878 799 944 Petrus.
832 877 873 942 Et
894 879 970 960 quid
1001 881 1063 946 boc
1092 881 1151 945 sibi
1174 881 1275 948 snit?
1304 884 1423 950 tortasse

318 976 477 1060 Princeps
498 980 731 1060 Apostolorum
753 979 837 1044 clius
858 988 929 1044 ersi
948 997 967 1043 a
984 979 1081 1046 Petro
1102 982 1274 1062 glorioso?
1289 984 1423 1050 Proiecto

321 1078 348 1142 si
365 1097 460 1143 unum
477 1080 688 1162 eumdemque
705 1098 874 1160 personum
897 1083 929 1142 io
950 1099 988 1144 ca
1010 1083 1169 1164 pericope.
1183 1083 1327 1148 volueris
1341 1087 1422 1148 inter

322 1169 461 1260 pre'tori,
479 1183 566 1262 qnod
589 1201 652 1245 non
673 1181 806 1258 iniicior,
824 1190 927 1244 tamen
949 1182 990 1245 ab
1005 1185 1205 1268 expositione
1221 1189 1268 1249 uti
1285 1187 1421 1261 babetur,

320 1286 503 1346 necessario
532 1285 587 1348 tibi
612 1283 775 1346 latendum
801 1283 864 1346 erit
887 1283 980 1348 valde
1004 1285 1197 1364 incomptam
1214 1287 1328 1350 baberi
1347 1303 1425 1350 rocs-

321 1383 478 1448 buiorum
499 1386 682 1468 syntaxim,
706 1392 738 1447 et
758 1386 831 1448 binc
853 1383 1022 1448 Anastasio
1044 1385 1215 1466 indiguum.
1237 1387 1300 1452 Sed
1321 1395 1354 1452 et
1370 1405 1425 1449 uu·

319 1483 409 1565 plius
431 1485 472 1546 ibi
494 1493 542 1548 est
563 1485 640 1566 quid
663 1485 865 1548 mirandum:
884 1485 957 1548 urbs
971 1483 1072 1548 Romo
1088 1484 1203 1566 positi,
1225 1505 1321 1568 quum
1342 1487 1425 1552 Pris-

322 1605 391 1666 ceps
412 1586 633 1666 Apostolorum
657 1585 781 1662 statuit,
802 1597 829 1650 st
851 1587 912 1666 fide
931 1605 993 1650 suc
1006 1597 1062 1652 eto.
1085 1587 1177 1664 Quae
1198 1588 1275 1652 item
1297 1590 1423 1670 aliqum

322 1687 515 1756 auomoiiom
539 1688 728 1768 praeierunt
749 1705 767 1750 s
790 1691 952 1755 communi
974 1687 1138 1752 Ecclesiae
1158 1706 1319 1753 sermone.

376 1853 382 1858 ,
402 1787 524 1865 Tertio,
539 1791 646 1852 statim
667 1789 776 1853 subdit
791 1788 917 1858 Auctor
939 1791 1106 1870 epistolae:
1121 1807 1192 1852 cum
1207 1789 1333 1868 respuis
1346 1807 1422 1870 prcc-

322 1887 409 1952 ct'lms
421 1889 652 1972 postulavimus
665 1899 701 1954 ut
714 1889 960 1970 Enorpsliorum
979 1887 1140 1966 instituto,
1161 1908 1242 1971 punc
1256 1909 1298 1954 esc
1316 1908 1423 1953 orsam

319 1987 380 2054 Dei
399 2000 427 2054 et
450 1987 570 2056 curisti
584 1989 692 2055 docuit
706 2009 854 2063 sensuro,
869 1990 908 2052 od
928 1991 987 2054 ltus
1006 1990 1108 2054 monili
1120 1991 1251 2055 omniuo
1270 2011 1337 2056 noer
1356 1990 1423 2054 dolr-

321 2109 367 2154 rc.
391 2089 427 2154 ln
443 2091 490 2155 bis
512 2109 572 2172 pro
592 2094 749 2156 sermonis
769 2109 857 2156 nexu
872 2093 932 2156 etsi
953 2092 1157 2156 desideretur
1177 2093 1340 2172 partiente
1354 2092 1423 2156 reli·

279 2179 287 2190 '
321 2192 389 2256 tire
409 2191 466 2270 ito,
483 2193 538 2256 sed
565 2199 671 2257 tumen
692 2198 855 2267 irenreut,
889 2194 1008 2256 mirere
1028 2209 1149 2256 uorum
1170 2209 1209 2256 uc
1230 2193 1422 2274 peregrinum

321 2292 447 2358 dicendi
462 2313 561 2374 genus
584 2299 649 2357 inm
661 2295 693 2358 iu
714 2311 777 2358 usu
793 2293 944 2360 vocabuli
960 2292 1211 2374 Eooupcliorum
1227 2313 1326 2374 qnam
1339 2295 1370 2357 in
1382 2311 1422 2356 ro

320 2393 430 2474 liquis.
454 2393 501 2459 De
522 2394 641 2476 quibus
663 2381 801 2475 rogent
822 2396 895 2475 quis
916 2394 994 2456 mibi
1015 2393 1225 2470 demonstret,
1249 2413 1316 2474 quo
1337 2394 1422 2458 inteu-

321 2494 378 2558 dat
398 2495 558 2576 particule
571 2505 619 2571 ct,
641 2513 681 2559 uc
701 2495 833 2577 insuper
852 2495 931 2576 qnid
957 2495 999 2558 sit
1017 2513 1097 2576 quus
1116 2513 1156 2558 su
1175 2512 1229 2558 ors
1249 2513 1309 2558 suo
1331 2491 1421 2558 llcirt

323 2593 444 2664 Gltristi
462 2595 570 2661 docuit
589 2615 736 2662 cessuro.

403 2697 543 2774 Quurto,
560 2699 714 2780 epistolue
728 2697 866 2774 Auctor,
892 2697 931 2760 ad
954 2695 1195 2778 simplicianum
1216 2696 1358 2773 locutus,
1376 2693 1422 2758 bur

320 2795 483 2864 interserit
505 2816 600 2862 rocos
615 2797 860 2879 postulavimus,
882 2795 1110 2872 indicarimus,
1129 2795 1330 2876 scripsimus:
1351 2794 1421 2860 uude

318 2897 490 2962 rideretur
519 2917 583 2964 nou
614 2898 836 2978 inpraesenti
868 2898 924 2962 sed
946 2899 986 2962 do
1007 2898 1182 2978 praeterito
1202 2898 1296 2978 loqui
1320 2905 1420 2961 auctor

318 3001 487 3080 epistolae,
504 3000 595 3081 quasi
617 3001 697 3064 eiius
721 3000 847 3064 littores
868 3004 962 3062 uniea
983 2999 1041 3062 illc
1059 2999 1240 3079 scripsisset
1261 2999 1302 3064 dc
1322 2997 1420 3076 Orige-

320 3101 369 3164 nis
395 3102 561 3164 erroribus
593 3100 770 3165 evitandisn
802 3117 942 3179 cumque
975 3099 1089 3162 eodem
1122 3107 1269 3180 tempore
1298 3099 1422 3162 tutentur

320 3217 352 3263 n.
372 3199 405 3266 3.
426 3219 461 3266 so
482 3203 623 3264 nondum
655 3202 780 3265 novisse
801 3201 974 3282 selegisse
1001 3200 1180 3264 horrendus
1194 3241 1196 3244 -
1210 3199 1420 3281 blasphemias,

320 3318 402 3382 quas
424 3301 453 3363 ci
468 3302 638 3364 obtulisset
669 3299 850 3375 Eusebius,
875 3318 935 3380 pen
954 3300 1049 3381 cujus
1070 3315 1183 3362 monus
1204 3301 1288 3363 bunc
1317 3300 1420 3379 episto·

320 3401 386 3465 lum
408 3403 447 3464 ad
469 3401 713 3482 simplicianum
744 3401 887 3465 dederat.
922 3400 1076 3466 Ceterum
1104 3401 1136 3464 in
1156 3401 1275 3464 litteris
1295 3396 1421 3480 genuinis

320 3503 481 3569 Acastusii
493 3506 531 3568 ad
544 3504 700 3570 loannem
716 3504 1052 3587 hierosolymitanum,
1063 3507 1197 3566 notatur
1211 3502 1315 3582 ipsum
1332 3499 1422 3564 Ponti·

321 3605 413 3670 iicom
435 3609 599 3687 scripsisse
614 3607 654 3670 de
674 3608 736 3669 bac
752 3624 787 3669 re
803 3606 843 3668 ad
859 3603 1035 3685 Venerium
1057 3604 1244 3684 episcopum
1260 3601 1420 3684 Simplicio·

321 3707 354 3768 ui
375 3717 594 3772 successorem
616 3710 648 3770 iu
669 3708 751 3772 urbe
773 3706 948 3770 Mediolani
955 3726 967 3785 ς
989 3706 1066 3786 quin
1088 3705 1247 3769 iudicaret
1265 3705 1358 3768 aliam
1376 3699 1420 3762 da·

321 3806 404 3871 disse
425 3812 620 3874 antecessori
641 3827 712 3874 sno.
736 3808 816 3872 item
845 3808 1064 3889 Hieronymus
1086 3805 1244 3868 aduersus
1272 3803 1419 3868 liuidnuu

323 3907 357 3971 in
377 3909 462 3972 libro
485 3909 526 3972 ll.
550 3927 580 3970 u.
602 3908 632 3974 6.
656 3909 765 3983 trudit,
789 3908 965 3972 Venerium
987 3925 1029 3970 ex
1051 3903 1213 3970 Pontidcis
1235 3903 1352 3966 monitu
1377 3899 1421 3960 de·

321 4010 484 4073 nuntiasse
505 4009 678 4091 Origenem
702 4013 915 4086 haereticum,
937 4027 975 4072 ac
997 4022 1062 4070 unu
1083 4006 1180 4068 silens
1199 4003 1240 4068 do
1260 3997 1419 4081 Simplicis

320 4125 382 4184 ¹¹⁰2
404 4111 461 4189 qui
483 4110 580 4176 ulium
595 4113 718 4194 puriter
739 4120 832 4178 unica
854 4111 1030 4194 accepisset
1048 4107 1088 4173 de
1111 4104 1226 4172 eodem
1247 4101 1418 4185 argumento

323 4209 503 4292 epistolam.
