2994 4938
349 409 425 580 {ign
453 529 568 579 eorum
597 481 859 579 exeautlesosutls
886 511 1043 579 neminem
1071 512 1215 596 pertigit,
1243 511 1318 597 quia
1345 513 1435 580 uullhi

351 615 481 699 impius,
508 616 590 680 nulli
611 624 894 698 praesumptorum
918 616 1067 698 Origeots
1094 617 1296 698 impietatum
1323 621 1435 698 pstroei·

349 727 479 784 nutores
490 739 503 800 3
523 736 599 783 oum
620 733 679 782 neo
701 718 873 797 magister,
895 735 955 782 nee
975 715 1125 796 discipuli
1152 734 1295 798 uuquam
1326 718 1435 798 pmlessi

348 822 412 885 sint
432 820 609 884 doctrinam
632 820 839 884 hoeretioam.
897 881 900 890 ,

431 919 662 986 Verumtamen
682 922 823 996 memini,
839 938 898 984 use
918 916 1103 1001 occultabo,
1122 940 1172 988 me
1192 920 1437 1004 superiusiistia

345 1009 487 1087 ¹otioosm
508 1023 681 1086 instituisso
702 1023 786 1086 inter
812 1021 983 1103 Origooem
1006 1021 1249 1098 orthodoxum,
1274 1030 1308 1086 et
1326 1023 1437 1102 origeni·

347 1132 413 1190 stus
434 1123 556 1205 puriter
575 1123 776 1188 orthodoxos
797 1131 829 1186 et
851 1121 935 1187 iuter
965 1122 1138 1204 Origenom
1159 1123 1373 1198 haereticum,
1397 1121 1437 1202 qni

346 1225 436 1292 illius
457 1242 573 1290 nomen
595 1226 765 1306 usurpsvlt
785 1234 819 1288 et
839 1225 1042 1307 origenianos
1061 1224 1204 1307 ejusdem
1226 1225 1387 1288 haereseos
1405 1241 1439 1286 se·

348 1335 500 1392 elaturos.
523 1325 570 1392 lis
591 1326 639 1390 his
659 1326 811 1407 loquitur
829 1344 856 1390 a.
880 1325 1077 1408 Epiphanius
1097 1329 1130 1391 in
1148 1323 1284 1390 Haerosi
1305 1323 1354 1392 os
1373 1325 1439 1404 igno

348 1445 423 1492 rans
446 1427 530 1493 unde
543 1443 661 1496 nomen
674 1427 736 1490 hoe
755 1429 861 1492 sortiti
876 1438 981 1504 erant,
996 1445 1037 1492 au
1050 1429 1092 1492 oh
1105 1426 1242 1509 Origene
1257 1425 1436 1500 hiemantis,

349 1543 389 1591 un
404 1527 448 1590 eh
469 1527 580 1608 aliquo
594 1527 671 1589 alio.
695 1525 831 1590 Eosdem
853 1535 962 1591 autem
983 1527 1073 1624 slieit²
1088 1528 1129 1590 de
1144 1529 1360 1608 gnosticorum
1374 1533 1438 1590 asott

348 1626 520 1702 oriundos,
539 1626 713 1692 nonnullos
732 1643 902 1690 sacrarum
923 1625 1167 1708 Scriptursrom
1188 1626 1291 1690 libros
1310 1625 1437 1689 adhihere

348 1743 388 1792 ao
407 1727 504 1792 simul
527 1726 683 1808 quosdam
703 1728 908 1810 apocryphos
922 1737 1015 1792 extra
1030 1727 1192 1794 canonem
1212 1728 1254 1791 ah
1269 1726 1402 1792 Eoelesia
1417 1743 1440 1789 s

348 1828 525 1894 mandatos.
547 1827 609 1894 Sstl
631 1839 797 1912 praeterea
827 1829 936 1910 (qood
964 1833 1142 1896 maximum
1162 1838 1195 1896 et
1217 1828 1439 1911 vituperandam

348 1930 381 1994 in
403 1932 439 1994 iis
458 1933 581 1996 erimeo
602 1931 662 2009 ast)
685 1933 814 2011 nuptias
835 1930 1018 2013 repudiant,
1037 1935 1125 1997 omni
1141 1941 1246 1997 tamen
1259 1931 1439 2010 lihidinisge

347 2045 426 2093 nere
451 2047 571 2110 eorpus
600 2048 698 2095 suum
720 2030 791 2095 ullo
815 2032 883 2095 siue
903 2032 1030 2113 pudore
1054 2034 1440 2116 polluun13quamriaee

346 2130 465 2194 atitatls
484 2131 723 2198 simulationem
746 2125 896 2214 ritusque
925 2135 1119 2200 monasticae
1140 2151 1205 2201 unu
1225 2153 1303 2200 oum
1323 2129 1440 2199 molieri-

347 2232 408 2298 hus
430 2233 663 2314 praeseferant.

428 2331 464 2398 lo
479 2334 541 2400 hoo
557 2353 635 2400 sero
646 2333 734 2414 loeo,
749 2336 923 2417 segregatis
936 2337 986 2402 his
1004 2336 1139 2414 ultimis,
1154 2337 1436 2418 quomodocunque

347 2432 410 2514 ipsi
425 2434 557 2510 luerint,
580 2433 767 2499 tamen-sub
782 2439 897 2517 quavis
918 2440 1042 2502 ratione
1056 2437 1195 2502 distincti
1217 2455 1235 2500 a
1257 2437 1382 2518 primis3
1400 2432 1438 2494 ie

347 2551 416 2600 nuo
429 2535 634 2614 concludam,
653 2554 712 2600 neo
732 2555 783 2602 me
800 2539 1008 2604 temerarium
1029 2539 1103 2620 quis
1117 2545 1248 2619 arguat,
1268 2542 1440 2603 aeeuratee·

350 2638 520 2702 ruminatis
534 2647 567 2703 et
582 2639 748 2720 expositu,
765 2639 821 2719 qut
835 2637 969 2719 (trigeni
989 2640 1151 2705 ostholioo
1166 2640 1391 2712 inscribuntur,
1403 2651 1439 2696 er

296 2748 300 2754 '
349 2739 493 2817 roribus,
508 2746 541 2804 et
554 2741 684 2821 quidem
697 2740 728 2802 in
741 2757 781 2803 eo
796 2749 932 2804 numero
946 2747 978 2803 et
993 2741 1163 2822 multipiici
1182 2739 1288 2806 iorma
1308 2747 1340 2804 et
1353 2739 1380 2801 in
1391 2735 1439 2798 su's

208 2925 212 2928 -
348 2841 597 2921 consequentiis,
619 2841 713 2906 sicuti
735 2841 827 2904 nohis
848 2859 907 2922 per
925 2859 984 2905 soa
1006 2845 1125 2925 scripta
1146 2841 1339 2924 obiecerunt
1357 2836 1437 2901 Thoe

350 2941 460 3020 philus
481 2947 513 3005 et
532 2940 774 3026 Hieronymum
791 2959 938 3024 quosque
960 2945 991 3008 in
1011 2945 1124 3010 eodem
1146 2961 1285 3008 numero
1305 2941 1440 3006 omneset

349 3042 493 3122 singulos
514 3045 545 3107 in
566 3044 633 3107 suis
654 3045 801 3124 partihna
828 3053 1116 3127 praesumpserunt
1143 3052 1294 3126 acceptos
1315 3043 1403 3106 luisse
1416 3041 1439 3098 ei

349 3143 501 3222 prohntos
516 3146 657 3225 primum
672 3145 713 3206 ah
727 3143 880 3225 Origene,
902 3144 1016 3210 deindo
1031 3165 1048 3209 a
1063 3146 1226 3210 monachis
1246 3140 1438 3208 nitriensihus,

350 3259 368 3304 a
391 3240 534 3318 hellino,
556 3245 771 3324 eaeterisque;
793 3249 826 3308 st
846 3245 890 3306 oh
910 3245 972 3310 hoe
994 3246 1040 3308 uti
1064 3264 1178 3310 revera
1202 3245 1386 3316 haereticos,
1401 3237 1439 3320 it·

343 3361 454 3424 reque
468 3345 707 3424 condemnatos,
724 3345 812 3427 quod
834 3347 893 3409 ista
917 3347 1013 3428 impia
1027 3347 1176 3428 dogmata
1198 3347 1388 3427 singiliatim,
1402 3355 1439 3399 tt·

350 3443 412 3509 luti
434 3462 470 3510 oa
485 3447 613 3526 saepius
634 3448 817 3510 numeravit
831 3445 1062 3532 Hieronymus,
1085 3449 1318 3529 profiterentur
1337 3453 1366 3509 ut
1385 3456 1439 3524 prr

350 3557 549 3626 pugnarems
569 3548 676 3611 denuo
697 3549 901 3623 nouolutum,
917 3548 1095 3614 nullimode
1116 3567 1175 3614 nee
1186 3549 1438 3629 magistrumnet

352 3645 541 3727 discipulos,
564 3665 621 3712 use
642 3648 828 3730 origenem,
845 3667 903 3714 nso
924 3650 1096 3714 monachos
1110 3650 1247 3730 (quique
1268 3645 1390 3728 proprie
1405 3639 1438 3701 i'r

351 3754 471 3810 euntnr
492 3748 684 3828 origenistae
710 3751 759 3814 uti
778 3751 904 3832 singola
929 3753 1025 3816 citata
1046 3767 1198 3830 perversa
1220 3748 1365 3828 dogmate
1383 3755 1438 3822 pro

353 3848 446 3926 lessi,
468 3857 502 3912 et
522 3850 679 3914 adsersus
699 3869 782 3932 quos
801 3855 834 3916 in
857 3850 1005 3938 Aegypto
1025 3858 1058 3916 et
1078 3847 1350 3931 Constantinopoli
1368 3837 1437 3906 timi

351 3949 438 4014 eavit
458 3947 668 4031 Theophilus)
690 3967 868 4033 numquam
890 3951 1076 4034 hujusmodi
1097 3951 1292 4031 adprobasse
1319 3945 1436 4026 impiet·-

353 4057 412 4126 tes‚
438 4050 604 4116 doetrinae
625 4053 817 4118 ohristiauae
844 4055 971 4135 penitus
991 4071 1055 4118 nou
1074 4053 1181 4118 solum
1201 4049 1384 4120 contrarias,
1398 4055 1436 4102 m·

351 4167 425 4216 rum
446 4151 543 4218 etiam
563 4153 605 4216 ah
625 4153 691 4218 imo
711 4155 751 4217 al
772 4169 959 4237 sommum,
983 4163 1087 4222 totum
1108 4153 1284 4221 evellentes
1304 4137 1437 4225 evroldi

350 4269 409 4318 eus
431 4253 575 4322 norimus
595 4255 788 4322 aediticium.
