3138 4950
1179 391 1240 464 stt

20 535 22 562 ε
127 514 176 572 ιιι,
207 447 349 577 putidam
376 499 485 577 potius
515 497 617 561 rabidi
647 498 818 579 cujusdam
845 495 1235 581 sylloprapbisotyrum,

19 641 21 676 ,
125 618 217 678 qnam
233 602 458 680 incorruptum
479 619 590 665 rerum
613 609 777 680 gestarum
798 601 966 680 scriptoris
988 601 1233 664 monumentum

124 717 188 763 esse
208 703 391 780 pronuntio.
409 699 656 780 Germanusque
671 699 924 763 commentarius
946 699 1001 760 iile
1021 702 1075 770 sit,
1091 715 1131 760 an
1145 716 1233 762 com·

122 802 269 866 aventitus
289 812 323 865 et
342 801 559 877 adulterinus,
582 803 671 877 mibi,
698 808 734 864 ut
750 817 865 862 verum
887 800 1003 872 latear,
1019 801 1161 863 nondum
1181 818 1232 863 aa·

20 957 21 962 ,
122 905 159 966 tis
178 904 290 984 liquet.
310 903 351 968 Et
374 906 475 967 miror
495 922 512 966 a
536 903 631 968 llivio
653 921 715 968 oco
730 905 759 968 ei
781 911 900 966 motam
916 903 955 964 de
969 912 1056 967 statu
1071 903 1233 983 quaestio·

18 1047 20 1080 ,
121 1021 202 1068 uem:
215 1023 278 1068 uno
299 1007 383 1068 cuius
406 1005 510 1070 miuus
527 1009 658 1069 interest
680 1007 727 1068 rei
747 1003 926 1067 litterariae
946 1013 1053 1067 cerina
1076 1015 1108 1067 et
1128 1005 1234 1084 legiti-

18 1149 20 1174 .
120 1122 185 1168 moa
199 1114 352 1170 auctores
372 1109 514 1187 agnosci,
530 1124 627 1186 quam
649 1105 741 1169 lictus
756 1114 789 1168 ot
803 1106 1023 1186 supposititios
1037 1105 1183 1185 explodi.
1199 1149 1206 1166 .
1222 1151 1229 1167 .

17 1251 20 1302 ι
117 1203 210 1271 Certe
224 1209 250 1271 si
265 1208 386 1272 librum
403 1209 488 1272 bunc
509 1209 636 1289 scripsit
652 1208 842 1288 Procopius,
860 1201 1021 1287 ingratum
1044 1213 1077 1270 et
1097 1206 1231 1270 infidum

17 1355 18 1376 ι
117 1325 149 1370 ss
171 1307 311 1391 Principi
332 1329 394 1373 suo
415 1309 514 1374 luisse
536 1328 653 1390 negare
674 1328 737 1373 oon
763 1316 880 1388 potest,
903 1328 920 1371 a
942 1327 1010 1388 qno
1039 1327 1098 1389 par
1121 1325 1231 1398 omues

17 1455 19 1494 Ξ
116 1397 305 1490 dignitatum
328 1413 446 1494 gradus
467 1413 505 1476 ad
527 1430 689 1477 sumtuum
712 1413 743 1473 io
766 1411 909 1474 Romana
933 1409 1111 1500 Republica
1134 1411 1235 1473 bono·

16 1561 18 1598 ,
116 1514 157 1576 ris
176 1515 303 1595 apicem
323 1515 364 1579 sit
387 1521 584 1596 proiectuss
609 1521 647 1577 ut
665 1532 740 1577 rere
761 1513 802 1575 de
816 1532 855 1576 eo
877 1512 1075 1595 praedixisse
1090 1511 1234 1576 Juvena-

114 1614 152 1679 lis
174 1616 352 1680 rideatur:
885 1667 906 1696 ,¹

188 1713 222 1779 Si
245 1717 377 1782 iortuoa
402 1717 502 1790 volet,
525 1715 580 1780 ties
603 1717 642 1780 do
665 1716 796 1780 rhetore
817 1719 942 1782 consol.

191 1817 310 1884 «Nam
326 1819 364 1882 do
387 1819 502 1883 rabula
529 1828 560 1882 et
587 1819 768 1898 magisteilo
790 1821 975 1900 praelectus
995 1827 1147 1886 aeternae
1172 1818 1233 1885 Ur·

111 1917 156 1982 bis
179 1919 288 1986 dictus
304 1930 354 1984 est
369 1909 577 2002 Procopinsa
594 1919 731 1984 Caesare
748 1920 930 1984 iustiniaoo
937 1941 947 1999 3
965 1922 995 1983 io
1020 1941 1117 2001 quern
1137 1924 1233 1986 modo

113 2030 268 2102 tanquam
290 2020 379 2088 Cossi
400 2041 505 2102 equus
527 2021 674 2085 detracto
697 2021 809 2084 iraenn
832 2023 1009 2086 insolenter
1030 2025 1181 2098 incurrit,
1199 2031 1232 2088 et

111 2121 234 2188 duriose
250 2123 484 2202 debacchatur.
502 2122 656 2188 Ceterum
670 2125 736 2202 ipse
757 2125 815 2187 sibi
831 2127 963 2203 sntvqoo
979 2126 1121 2189 historiis
1136 2125 1233 2188 iidem

110 2225 295 2307 abrogavit,
317 2245 392 2290 cum
415 2225 639 2306 huiuscemodi
668 2227 863 2304 palinodiam
885 2228 1161 2307 importunissime
1182 2245 1233 2292 ra·
1280 2289 1286 2302 ,

110 2336 271 2392 cantaret:
288 2335 320 2390 et
334 2345 460 2392 ovonem
478 2329 595 2391 sinceri
615 2329 781 2407 scriptoris
797 2327 946 2408 glorian,
962 2347 1060 2410 quam
1075 2330 1135 2392 sibi
1153 2338 1230 2393 octo

110 2430 281 2508 prioribus
313 2428 404 2492 libris
425 2431 677 2510 comparaverit,
704 2431 791 2495 bisce
812 2432 937 2494 ineditis
970 2436 1076 2512 (quae
1107 2433 1230 2495 utinam

108 2547 240 2611 semper
263 2530 380 2594 inedita
403 2532 661 2612 permansissent)
680 2533 829 2610 corrupit
845 2551 882 2596 ac
897 2533 1113 2612 depodicavit.
1129 2529 1233 2615 Cujus

108 2647 186 2694 saue
209 2629 265 2696 vel
289 2632 396 2710 pueri,
419 2650 501 2713 quos
517 2632 572 2695 ille
594 2633 624 2695 io
646 2641 716 2697 arte
731 2632 854 2696 dicendi
878 2634 1060 2712 erudiebat,
1077 2632 1159 2699 iilud
1173 2631 1234 2700 Ca·

108 2733 193 2798 iouis
216 2731 361 2814 objicere
384 2733 582 2814 potuissent:

192 2833 356 2900 Laudatis
377 2834 608 2914 quodcumque
629 2835 735 2916 palam
764 2836 995 2917 quodcumque
1023 2838 1188 2919 probaris:

145 2934 223 3002 Hoc
245 2953 325 3001 care
347 2955 387 2999 ne
409 2954 530 3002 rursus.
544 2936 686 2999 levitatis
713 2939 847 3008 crimine
874 2939 1016 3002 damnas.

195 3059 214 3100 o
238 3037 284 3103 At
304 3038 469 3120 quomodo
497 3036 622 3101 tandem
643 3037 785 3110 damnat,
812 3057 897 3119 quos
916 3039 1015 3120 paolo
1036 3048 1110 3104 ante
1129 3040 1231 3104 elluse

105 3135 335 3207 laudaverat?
350 3139 535 3217 Quomodo,
558 3140 704 3219 iuquam,
719 3137 880 3204 damnat?
901 3138 976 3217 Quo
992 3140 1131 3222 pudore,
1152 3159 1233 3221 qua·

109 3262 149 3307 ve
176 3239 411 3323 impudentia?
439 3239 512 3306 Non
534 3241 684 3322 equidem
698 3242 770 3322 lege
798 3241 1001 3317 historicum,
1031 3260 1082 3304 ros
1103 3243 1151 3304 uti
1179 3259 1233 3322 go·

103 3355 176 3408 stae
201 3351 293 3420 snut,
316 3351 533 3418 enarrantem,
562 3342 618 3406 sed
640 3343 847 3406 intentissima
872 3361 949 3407 voce
978 3342 1231 3407 declamatorem

105 3445 300 3527 tragoedias
318 3445 522 3508 excitantem.
544 3441 576 3508 Si
599 3462 657 3525 per
676 3445 812 3508 alterins
832 3445 1013 3528 cuiuspiam
1038 3445 1133 3524 Angli
1153 3442 1233 3507 saio·

102 3545 269 3620 snuntv'onv
283 3547 455 3623 revixerit,
470 3563 612 3626 unquam
631 3544 841 3622 Plutarchus,
854 3548 910 3626 qui
923 3543 1139 3620 Herodotum,
1153 3546 1232 3610 scri·

101 3657 163 3730 pto
188 3651 224 3712 io
246 3665 322 3713 eum
343 3649 442 3723 libro,
465 3665 527 3712 oou
547 3649 615 3730 siue
636 3649 847 3714 amarulentis
868 3649 1033 3712 damnavit
1054 3647 1231 3728 malignita·

104 3753 170 3832 tis;
196 3750 307 3815 multo
336 3751 443 3816 acrius
465 3757 496 3814 et
518 3751 622 3814 multo
643 3751 879 3832 etiamjustius
901 3750 1073 3813 invebetur
1094 3751 1125 3811 in
1147 3749 1234 3812 bunc

101 3851 325 3932 Procopium,
341 3853 436 3934 cnjus
451 3852 598 3932 prolecto
619 3853 748 3918 heroica
766 3852 957 3932 malignitas.
976 3850 1059 3916 Nam
1080 3852 1235 3934 quamad-

98 3953 244 4018 modum
268 3954 404 4018 beroum
423 3955 525 4017 virtus
537 3952 690 4016 delinitur
711 3973 780 4018 esso
797 3953 924 4018 virtutis
938 3954 1098 4035 quaedam
1115 3954 1233 4036 hyper·

99 4053 209 4132 bole;
234 4055 276 4118 ita
300 4055 398 4136 hujus
419 4055 728 4118 consummatissima
746 4054 934 4135 improbitas
956 4074 1018 4119 ono
1040 4054 1146 4135 inepte
1167 4054 1234 4118 lor·

94 4158 188 4220 sitan
224 4156 437 4238 improbitatis
463 4156 642 4240 hyperbole
664 4155 726 4219 dici
754 4164 868 4236 potest.
895 4156 931 4219 ln
957 4175 1082 4221 somma
1103 4157 1150 4220 sic
1170 4165 1234 4220 sta-

92 4263 173 4336 tuo,
201 4275 272 4324 esso
294 4259 332 4323 iu‘
349 4259 409 4324 bac
437 4257 674 4338 cujuscumque
697 4257 813 4324 illusit
841 4258 993 4324 Auctoris
1022 4258 1234 4339 ripporopra·
