3186 4946
335 354 393 406 xri

334 458 459 544 citam,
488 467 527 532 et
554 449 883 560 amptiuprreter
905 461 966 552 ius
989 460 1182 538 ostendero
1210 462 1424 540 anatheme-
1469 454 1473 462 ’

238 593 241 603 “
336 597 374 662 te
400 585 599 682 perculsos,
626 587 688 684 qui
719 586 803 662 hnic
828 586 1081 686 proscriptioni
1109 587 1338 666 subscribere
1366 615 1426 668 re·

333 727 518 803 nueruot3
535 714 706 792 alacriter
729 727 769 792 et
798 713 935 814 ubsque
963 730 1064 794 metu
1082 716 1255 794 inibimus
1287 718 1424 818 disqui-

335 855 472 931 rentes,
492 867 584 943 quae
608 843 655 920 ab
685 845 786 922 initio
811 844 923 920 seculi
947 845 1064 944 quinti
1092 869 1207 945 usque
1233 848 1341 924 medo
1369 849 1425 924 in-

333 983 409 1052 ter¹
429 970 695 1048 ecclesiasticos
724 973 921 1072 scriptores
952 972 1139 1071 disputata
1168 988 1254 1050 sunt
1277 975 1322 1050 de
1354 974 1424 1052 boc

334 1115 563 1199 argumente.

439 1226 497 1302 bix
521 1229 655 1322 judicio
685 1251 841 1328 namque
870 1252 1009 1317 eorum,
1035 1253 1127 1328 quae
1152 1227 1344 1328 Theophili
1367 1251 1425 1322 ae

333 1366 412 1432 tate
444 1369 590 1455 patrata
621 1373 719 1445 sunt,
744 1359 950 1433 constiterit
967 1357 1160 1434 mnnileete
1179 1357 1265 1456 qnid
1293 1369 1425 1455 puten-

338 1484 425 1560 dum
445 1483 550 1560 nobis
573 1486 645 1562 erit
663 1488 708 1562 de
729 1487 785 1571 iis,
804 1487 865 1585 qni
894 1487 1096 1563 successive
1124 1485 1257 1583 Syncdi
1279 1484 1425 1562 alexan·

333 1611 457 1686 drinae
485 1612 666 1712 complexi
694 1614 938 1701 sententiam,
977 1613 1171 1688 anathema
1203 1612 1421 1689 innovarunt

333 1738 509 1815 adversus
535 1739 700 1838 Origenis
728 1740 841 1817 libros
869 1746 1017 1838 ejusque
1046 1761 1254 1839 personam.
1278 1737 1420 1830 Quate-

333 1890 403 1943 nus
423 1868 551 1943 borum
581 1861 1052 1963 novissimorumjndiciurn
1081 1868 1339 1967 exponendum
1366 1887 1425 1943 ne·

333 1997 492 2071 cessario
519 1995 586 2083 sit,
621 2010 731 2095 prout
757 1997 794 2071 in
821 1995 996 2094 praefatis
1023 2009 1134 2095 atque
1163 1997 1199 2071 in
1227 1994 1424 2072 succeden-

333 2122 431 2200 tibus
459 2125 593 2199 nostris
619 2124 902 2200 discussionibus
926 2124 1185 2222 consequentia
1211 2123 1423 2222 postulare·

333 2251 395 2326 rit.
427 2251 482 2326 lta
510 2262 564 2338 nt,
591 2253 742 2340 eversis,
770 2273 864 2350 quoe
890 2251 1038 2328 decreta
1066 2263 1154 2328 sunt
1179 2263 1260 2326 tum
1287 2252 1324 2326 in
1351 2249 1424 2348 Sy·

332 2379 428 2456 node
462 2381 693 2457 alexandrina
722 2377 790 2454 sub
817 2378 1035 2477 Theophila,
1054 2391 1134 2454 tum
1162 2380 1200 2454 in
1227 2379 1307 2454 eliis
1334 2400 1420 2454 eon·

332 2506 501 2583 ventibus
523 2507 634 2606 Cypri
661 2521 701 2583 et
731 2506 1098 2604 Constantinopolees
1126 2505 1193 2582 snb
1221 2505 1424 2606 Epiphanio

332 2635 499 2711 eamdem
527 2635 576 2710 ob
601 2655 749 2712 cansam
777 2634 962 2720 adunatis,
980 2655 1023 2708 ce
1048 2656 1192 2732 quoque
1212 2655 1234 2708 a
1251 2632 1425 2732 posteris,

333 2761 410 2836 sire
437 2760 579 2860 publice
606 2761 683 2836 sire
705 2761 874 2860 privatim
898 2762 1084 2848 innovata,
1103 2762 1236 2858 quippe
1258 2759 1337 2859 pari
1365 2781 1427 2834 sn·

333 2899 540 2986 perstructa
569 2887 743 2978 salsitate,
771 2889 970 2987 eodemque
999 2888 1162 2987 praedita
1187 2887 1358 2964 vanitatis
1382 2885 1427 2961 ti·

332 3015 425 3104 tulo,
445 3015 531 3092 nibil
551 3016 710 3092 officiant
736 3017 857 3094 decori
881 3018 1046 3116 Origenis
1072 3030 1112 3091 et
1138 3015 1317 3112 gloriosae
1340 3028 1423 3089 tan·

331 3155 454 3219 torum
482 3144 641 3222 virerum
667 3145 788 3221 famae
803 3168 816 3234 ;
846 3147 908 3246 qui
936 3146 1040 3232 illurn
1068 3144 1236 3232 fideliter,
1264 3156 1425 3228 strenue,

332 3269 412 3350 sinc
427 3271 500 3348 ulla
526 3295 763 3371 personarum
793 3275 1042 3373 acceptatione
1061 3285 1101 3348 et
1121 3295 1236 3370 usque
1264 3271 1310 3346 ad
1328 3291 1426 3346 mer·

333 3409 409 3474 tem
437 3399 665 3477 vindicarunt
695 3402 955 3489 orthodoxum,
978 3401 1200 3504 proindeque
1227 3398 1274 3476 ab
1300 3396 1431 3497 impia·

332 3524 470 3604 tatibus
496 3527 614 3604 eidem
641 3529 789 3608 inflictis
815 3529 1030 3607 immunem.
