3028 4942
1162 393 1202 464 ta

87 489 163 554 miis
175 489 207 552 in
221 489 451 556 sanctissimam
464 488 666 570 Trinitatem,
689 494 721 554 et
735 490 775 554 de
788 490 953 559 daemonis
973 494 1102 576 salnto;
1117 514 1198 578 quas

88 593 149 672 ipsi
170 591 324 684 damnare
344 593 467 668 dieunt,
488 595 514 656 si
534 596 597 658 sint
617 593 719 670 aliqui
740 595 795 672 qni
820 594 862 656 ita
885 593 1031 660 domat.

166 690 267 768 Quod
288 701 398 758 antem
419 696 506 757 nobis
530 695 668 774 amplius
691 695 856 770 satisfacit,
878 697 999 777 legitur
1019 698 1051 760 in
1071 697 1199 780 Episto-

86 791 119 854 la
132 789 184 864 Bd.
202 793 346 874 ejusdem
368 795 557 879 Hieronymi
573 796 611 858 ad
629 795 868 858 Paurmacbium
890 796 1124 877 etOccanum3
1144 801 1201 864 nbi

87 909 113 955 s.
142 891 268 956 Hortor
296 896 386 957 varia
407 911 557 974 responsa
579 895 657 958 citui
677 895 881 958 delensornm
906 895 1075 974 origenis,
1105 898 1198 978 queis

88 995 279 1074 displicebat
302 1003 385 1059 tantu
408 999 467 1059 riri
488 997 711 1061 condemnatio
722 1017 733 1076 3
750 1004 783 1061 et
803 999 865 1060 boc
886 997 928 1060 ob
943 1001 1114 1079 propitiam
1130 1002 1199 1080 opi·

86 1096 240 1172 nionem,
262 1114 326 1177 qna
348 1105 440 1162 antea
470 1099 501 1160 in
522 1097 643 1161 mundo
664 1097 838 1160 cbristiann
870 1097 1065 1173 fruebatur,
1096 1101 1200 1165 veluti

86 1197 261 1277 bucusque
282 1217 323 1262 ex
338 1200 514 1280 perspicuis
529 1201 729 1264 monimentis·
752 1199 892 1260 esbibni.
910 1197 962 1264 Sic
982 1201 1066 1264 cuim
1081 1199 1198 1266 Hiero·

86 1318 205 1382 aymus
226 1320 267 1365 ex
290 1301 406 1364 borum
428 1319 508 1376 ore,
530 1301 723 1364 damnationi
743 1303 947 1364 subscribere
967 1305 1195 1382 renuentium,

87 1401 282 1480 respondet:
299 1423 317 1462 ι
335 1401 440 1479 Alius,
456 1420 519 1466 non
541 1419 683 1481 possum,
699 1401 813 1481 inquit,
837 1403 989 1466 damnare
1010 1405 1060 1482 (iu
1084 1405 1197 1482 Orien·

88 1503 263 1580 nislibris)
278 1505 365 1584 qnod
389 1523 481 1569 nemo
495 1505 658 1568 damnarit
692 1504 784 1567 Alius
807 1504 902 1568 dicit:
919 1504 999 1568 nibil
1020 1525 1119 1587 super
1135 1509 1198 1570 boo

84 1623 107 1672 ,a
123 1604 273 1670 Patribus
288 1613 445 1670 statutum
466 1613 533 1686 est3
549 1615 598 1682 ιιι,
614 1611 689 1668 dese
709 1607 804 1668 totins
819 1605 904 1668 orbis
926 1614 1126 1686 provocatur
1138 1626 1197 1672 au·

93 1708 234 1783 cionitas,
256 1707 476 1772 subscribendi
496 1707 666 1770 necessitas
687 1708 865 1767 ‹iilis-einr.
889 1704 1028 1782 Quidum
1051 1717 1196 1772 coustan-

91 1809 165 1884 tius,
189 1809 378 1890 qnomodo,
399 1809 523 1890 inquit,
546 1809 779 1880 damnabimus,
796 1824 876 1886 quos
896 1803 1044 1888 Synodns
1065 1810 1195 1873 nicaena

87 1927 152 1972 non
174 1910 287 1990 teligit.
311 1907 404 1986 Quae
429 1910 513 1973 enim
535 1909 697 1972 damnarit
719 1909 851 1984 Arium,
881 1908 1062 1975 damnasset
1080 1913 1197 1992 ntique

86 2011 274 2092 (triennem,
296 2013 322 2074 si
344 2013 431 2076 illins
451 2013 599 2092 dogmata
622 2011 832 2092 reprobasset.
858 2009 987 2076 Scilicet
1007 2029 1074 2076 uno
1094 2016 1196 2076 medi-

86 2114 214 2176 camine
241 2131 350 2178 omnes
377 2113 473 2178 simul
503 2112 633 2175 morbos
664 2112 806 2176 debuere
832 2130 871 2174 eo
901 2111 1106 2176 medicamine
1137 2133 1196 2178 cu·

86 2233 187 2278 rare:
210 2223 243 2278 et
264 2217 383 2280 idcirco
404 2214 542 2293 Spiritus
564 2213 670 2278 Sancti
690 2213 831 2292 neganda
853 2213 1001 2292 majestas
1023 2222 1090 2288 est,
1116 2217 1196 2295 quia

83 2319 117 2380 in
140 2317 198 2380 illa
219 2316 348 2402 Synodo
374 2335 475 2397 snper
502 2317 676 2380 substantia
700 2316 770 2396 ejus
790 2315 952 2380 silentium
979 2315 1052 2380 luit.
1073 2337 1088 2372 n
1104 2316 1195 2382 llaec

84 2419 193 2481 omnia
215 2435 318 2499 aeque
338 2418 513 2498 ponderata
545 2423 657 2482 contra
678 2418 782 2497 ipsum
814 2415 1048 2498 Hieronymum
1079 2427 1190 2498 agunt.

83 2519 139 2585 Ex
160 2522 311 2586 discussis
325 2521 408 2586 enim
433 2521 465 2584 in
486 2521 749 2602 praecedentibus
764 2520 931 2598 praeclare
953 2529 1088 2594 constat,
1112 2538 1194 2586 nno·

84 2641 186 2703 ιιιιιιιιι
208 2623 381 2704 Origeuem
402 2623 502 2687 instar
522 2620 594 2686 Arii
615 2623 862 2702 blasphemasse,
885 2629 1049 2698 negantem
1072 2620 1195 2685 Filium

86 2744 156 2788 esse
177 2726 218 2789 de
240 2724 343 2790 Patris
363 2725 553 2804 substantia,
574 2725 669 2788 sicuti
690 2733 815 2787 certum
837 2731 896 2795 est,
912 2722 990 2784 nillil
1011 2723 1041 2784 in
1064 2722 1194 2805 Synodo

83 2832 217 2894 nicaena
238 2829 407 2893 decretum
439 2845 508 2892 csse
538 2835 648 2892 contra
675 2824 858 2903 Origenem.
895 2823 1037 2900 ldeoqne
1068 2842 1109 2888 ex
1130 2824 1194 2890 boo

87 2931 214 2994 silentio
236 2929 409 2994 tenendum
429 2936 478 2992 est
494 2927 605 2992 Patres
627 2929 774 2989 nicaenos
795 2927 956 3004 ignorasse
978 2925 1122 3005 ejnsdem
1143 2925 1189 2989 0-

89 3030 206 3110 rigenis
220 3031 400 3094 haereticos
413 3046 524 3094 sensus
544 3028 583 3092 de
600 3026 707 3090 Verbo
721 3024 781 3090 bei
790 3046 803 3105 3
818 3044 855 3088 ao
877 3027 926 3104 (nt
943 3030 1031 3090 testis
1044 3032 1092 3090 est
1104 3044 1130 3090 s.
1148 3025 1192 3092 Α·

90 3133 276 3210 tbanasius)
297 3129 452 3196 ductoris
481 3135 621 3194 mentem
641 3129 738 3192 aliter
758 3125 1038 3205 comprehendisse
1059 3127 1099 3190 de
1119 3124 1191 3190 Tri·

86 3234 196 3310 nitate,
213 3250 312 3314 quam
324 3232 450 3309 deinde,
468 3232 588 3296 ialsatis
603 3231 690 3293 illius
712 3228 850 3308 scriptis,
866 3229 966 3315 ceteri
981 3235 1191 3301 reputarunt,

87 3335 172 3400 baud
193 3335 314 3402 conscii
333 3333 381 3398 de·
394 3334 516 3398 malitia
529 3329 762 3414 perversorum
782 3331 813 3392 in
832 3327 983 3392 iubendis
1003 3330 1091 3393 illins
1113 3333 1190 3392 scri·

88 3437 156 3516 ptis.

162 3537 212 3604 Ac
234 3537 362 3604 interim
385 3543 451 3602 tam
471 3555 513 3602 ex
533 3536 614 3612 illis,
636 3553 720 3618 quae
734 3551 834 3615 snpra
854 3551 896 3597 ax
919 3532 1066 3596 Patribus
1087 3533 1193 3594 nicoc-
1305 3541 1315 3564 ·

91 3639 137 3702 nie
154 3639 240 3704 eirca
262 3637 410 3720 Origcnis
431 3639 611 3705 doctrinam
633 3637 857 3709 excussimus,
889 3639 954 3696 turn
976 3651 1017 3695 ex
1038 3632 1086 3694 his
1107 3648 1192 3710 quae

94 3739 155 3818 ipse
174 3739 393 3825 Hieronymus
409 3741 449 3804 de
467 3741 700 3806 monachorum
723 3733 986 3801 obtestationibus
1006 3739 1117 3794 narrat
1137 3731 1193 3794 da·

93 3843 238 3905 martioni
260 3842 488 3918 resistentium,
508 3859 547 3905 ao
567 3839 607 3912 de
628 3840 769 3904 aliorum
790 3836 945 3902 similibus
960 3835 1065 3911 dictis,
1082 3849 1193 3900 conse

94 3944 201 4020 quitur
221 3949 334 4024 aperte
353 3961 379 4008 s.
403 3942 602 4017 lioctorem,
635 3958 652 4002 a
676 3938 855 4019 Tbeopbilo
877 3936 1045 4015 deceptum
1077 3934 1109 3996 in
1127 3933 1205 4000 bac·

96 4047 287 4121 uacatione,
302 4043 468 4128 propriam
488 4041 713 4124 subscripsisse
735 4039 929 4106 illusionem.
947 4035 1043 4114 Quod
1055 4034 1190 4102 interius

98 4145 188 4226 magis
205 4145 346 4230 patetiet.
