3042 4940
315 407 474 572 §flaccone
494 504 646 590 quiddam
669 507 745 572 mibi
766 525 807 573 ex
829 507 949 590 scripto
971 505 1181 570 fraternitatis
1204 509 1279 569 inae
1311 509 1432 566 secreto

319 611 491 687 nuntiarit,
513 609 600 692 qnod
618 611 778 691 exquisita
795 612 962 675 occasione
983 610 1191 691 potiusquam
1210 607 1352 681 inventa,
1377 613 1434 668 tres

321 731 356 778 aa
377 715 555 795 episcopia
579 711 629 792 pia
652 711 861 776 fraternitatis
883 721 1009 776 vestrae
1030 709 1258 774 communione
1271 723 1435 786 separare·

321 814 399 890 rint,
422 813 564 876 dicentes
583 831 638 876 vos
656 813 687 874 in
705 811 940 876 damnationem
958 813 1056 874 trium
1072 808 1299 890 capitulorum
1315 825 1437 870 consen·

319 915 397 979 aisse
419 923 518 994 atque
532 915 714 977 cantionem
738 913 861 977 lenisse.
888 913 927 976 iit
942 914 1075 994 quidem
1089 910 1195 991 siquid
1210 911 1250 972 de
1267 910 1370 972 tribns
1383 906 1436 970 tia·

321 1014 433 1096 pituita
455 1015 486 1076 in
508 1032 719 1094 quocumque
742 1014 793 1076 rel
816 1015 916 1077 verbo
940 1015 990 1078 rei
1015 1013 1136 1095 scripio
1158 1012 1357 1074 nominatum
1379 1017 1432 1085 est,

321 1116 402 1180 bene
424 1116 607 1180 fraternitas
624 1123 678 1179 tua
702 1115 941 1180 reminiscitur:
958 1117 1107 1197 quamvis
1127 1115 1279 1178 decessor
1292 1112 1434 1176 fraterni·

321 1218 397 1280 tatis
419 1224 494 1280 tnae
515 1214 709 1280 Laurentius
723 1217 988 1281 districtissimam
1010 1219 1192 1281 cautionem
1208 1216 1282 1281 Scdi
1306 1217 1434 1297 sipostn·

322 1314 405 1380 linae
420 1318 585 1379 emiseritz
602 1317 634 1378 in
649 1333 714 1396 qna
731 1317 790 1380 viri
807 1317 992 1381 nobilissimi
1007 1327 1039 1382 et
1052 1320 1199 1398 legitimo
1213 1335 1352 1381 numero
1365 1317 1433 1380 snb·

321 1419 533 1496 scripserunt,
552 1419 635 1480 inter
648 1435 731 1498 quos
751 1436 812 1500 apo
833 1436 967 1501 qnoque
984 1431 1059 1484 tuno
1081 1421 1238 1483 urbanam
1253 1425 1432 1500 praeturam

322 1536 437 1600 gerens
457 1518 642 1599 subscripsi.

405 1640 421 1679 r
435 1616 532 1696 Quia,
544 1629 715 1700 postquam
732 1619 804 1682 talis
818 1621 956 1686 scissura
972 1639 1033 1702 pro
1047 1619 1136 1685 nulia
1151 1619 1233 1682 facta
1249 1619 1432 1701 astinetum

323 1717 387 1785 fnit
407 1728 444 1785 ut
464 1721 561 1788 Sedes
584 1720 768 1801 apostolica
801 1739 914 1786 curam
937 1730 1077 1804 gereret,
1103 1731 1264 1802 quatenns
1286 1724 1432 1786 unitatem

321 1823 514 1888 universalis
530 1823 692 1887 Ecclesiae
707 1827 738 1886 in
749 1826 954 1890 sacerdotnm
969 1807 1127 1888 mentibus
1144 1824 1333 1890 custodiret.
1346 1821 1432 1901 and

322 1933 433 1989 antem
454 1925 586 2000 dicitnr,
611 1924 708 1989 bilem
731 1935 873 1990 nostram
895 1925 1150 1993 'fbeodoiindam
1172 1927 1317 2008 reginam
1344 1943 1435 1990 aesca

324 2028 549 2092 communione
577 2033 629 2090 tna
653 2027 714 2090 iroc
731 2026 843 2091 andito
869 2029 980 2092 nuntio
1005 2028 1219 2110 suspendisse,
1234 2033 1358 2092 constat
1382 2041 1434 2106 per

323 2129 442 2192 omnia.
474 2125 558 2202 Quia
582 2128 640 2190 etsi
668 2145 846 2209 pravorum
881 2129 1049 2193 bominum
1073 2130 1177 2192 verbis
1209 2128 1248 2190 ad
1271 2128 1433 2210 panlninm

322 2228 456 2293 seducta
478 2237 540 2304 cst,
564 2229 761 2292 venientibus
790 2236 896 2294 tamen
917 2228 1095 2312 Hippolyte
1119 2231 1247 2294 notario
1266 2238 1301 2294 et
1319 2228 1434 2293 Ioanne

322 2329 450 2406 abbate,
476 2331 539 2392 erit
560 2330 661 2394 modis
691 2331 839 2396 omnibns
863 2340 988 2394 restrae
1010 2331 1220 2396 fraternitatis
1245 2329 1433 2396 communie

325 2447 399 2494 nem
421 2429 630 2510 quaesitura:
655 2431 707 2494 cni
721 2422 824 2494 'etiam
848 2449 933 2494 meas
964 2433 1115 2513 epistolar
1136 2433 1254 2507 direxi,
1276 2447 1356 2510 quas
1378 2429 1434 2492 fra·

327 2531 459 2596 iernitas
484 2539 589 2595 restra
610 2531 677 2594 aine
698 2532 851 2596 ditatione
874 2535 1078 2597 transmittat.
1101 2531 1327 2614 {inepiscopis
1350 2547 1431 2602 vero,

325 2634 382 2714 qui
403 2651 437 2697 se
451 2633 646 2711 suspendere
662 2634 718 2696 risi
739 2643 825 2710 snat,
843 2634 938 2696 aliam
960 2635 1127 2714 epistolam
1151 2633 1224 2710 tesi,
1247 2651 1344 2714 qnam
1366 2649 1431 2695 cnm

251 2728 258 2742 '
326 2734 372 2798 eis
392 2735 515 2799 ostendi
538 2733 664 2808 feceris,
681 2753 735 2797 eos
757 2753 820 2798 non
840 2737 967 2816 ambigo
981 2735 1021 2798 de
1041 2737 1270 2816 superstitione
1292 2752 1369 2799 suae
1387 2750 1432 2796 sn·

326 2838 458 2919 perbiae
477 2838 564 2918 apud
586 2835 820 2900 fraternitatem
844 2845 931 2900 tuam
955 2839 1183 2918 poenitentiam
1205 2845 1382 2901 acturos.»

331 2997 334 3002 .
406 2937 457 3003 Ex
480 2939 527 3002 bis
547 2941 658 3019 itaque
680 2939 782 3002 tribus
802 2957 827 3001 s.
851 2937 1000 3018 Gregorii
1022 2941 1163 3021 epistolia
1186 2940 1328 3003 alacrem
1358 2955 1433 3002 cnm·

199 3081 202 3087 -
327 3039 506 3119 prehendas
527 3040 625 3119 ipsius
647 3047 785 3102 mentem
806 3057 880 3119 erga
904 3040 1120 3103 definitionem
1149 3041 1282 3121 quintae
1303 3039 1431 3124 synoti,

327 3148 360 3206 et
381 3141 469 3223 quali
490 3143 586 3204 animi
607 3143 791 3204 sinceritate
811 3143 842 3204 in
865 3141 1067 3205 adversarios
1089 3151 1220 3223 pugnat,
1244 3141 1432 3222 perniciosis·

331 3243 445 3309 simam
466 3243 634 3307 ostendens
655 3245 858 3323 illusionem3
881 3263 944 3324 qna
969 3247 1065 3308 trium
1088 3245 1318 3326 Capitnlornm
1338 3242 1431 3306 defen·

329 3364 421 3410 sores
434 3347 595 3410 immerito
611 3353 778 3425 putarunt,
797 3351 943 3431 martyrii
961 3363 1113 3409 coronam
1130 3347 1283 3428 consequi
1298 3347 1339 3408 ob
1351 3357 1430 3409 anam

328 3445 542 3525 pervicaciam
564 3455 627 3509 eta
644 3445 704 3508 ilde
726 3445 885 3512 catholica
905 3447 1129 3510 defectionem.
1147 3447 1343 3511 desererem
1357 3445 1427 3517 iden,

330 3545 363 3610 in
382 3545 572 3630 easynodo
593 3547 671 3608 nitati
692 3547 883 3610 convulsum
906 3564 986 3623 esse,
1010 3549 1156 3628 nihilque
1177 3555 1350 3624 mutatum,
1367 3561 1429 3610 cnm

329 3647 369 3710 de
381 3649 524 3727 personis
537 3647 757 3713 tautummodo
770 3649 812 3710 ibi
825 3658 932 3712 actum
948 3651 1001 3729 sit3
1019 3667 1161 3730 qnarnm
1174 3667 1240 3712 nna
1261 3649 1323 3713 fnit
1341 3646 1428 3711 'ibeo

330 3747 431 3812 dorus
453 3756 708 3828 mopsuestenus,
729 3748 824 3832 cujus
844 3752 961 3830 scripta
983 3752 1151 3831 perspicue
1172 3749 1246 3814 fidei
1268 3749 1426 3815 eatbclicae

331 3851 506 3926 contraria,
533 3849 708 3931 justissime
729 3851 859 3916 fuerant
878 3837 1155 3916 anathematizate.
1172 3851 1295 3916 Deinde
1313 3849 1424 3930 cupiens

330 3949 523 4016 adversariis
544 3949 745 4014 abundanter
760 3951 799 4014 de
820 3952 881 4016 bac
903 3971 938 4016 re
953 3952 1152 4028 satisfacere,
1174 3952 1214 4015 ad
1236 3945 1423 4016 antecessoris

331 4055 382 4117 sni
398 4053 563 4134 epistolam
589 4055 699 4130 mittit,
723 4053 779 4117 nbi
800 4065 952 4118 accurata
967 4054 1107 4118 discussa
1129 4063 1204 4118 snnt
1226 4045 1422 4133 tlitnssynnti

333 4161 366 4217 ei
387 4151 495 4233 lfiqiiii
516 4162 598 4217 acta.
621 4149 777 4218 Similiter
798 4153 828 4216 in
850 4155 953 4218 altera
976 4157 1014 4217 nd
1037 4153 1190 4219 Savinnm
1213 4153 1354 4236 epistola,
1368 4143 1422 4228 prii

327 4251 524 4332 ingenuitate
541 4255 572 4318 in
590 4251 704 4321 faciem
719 4253 958 4324 adversantium
979 4255 1107 4334 restitit,
1123 4261 1278 4335 statuens,
1294 4253 1419 4320 nniiinto·
