3138 4950
1196 396 1259 468 tut

11 555 13 562 ,
140 524 207 590 qna
227 506 360 578 lterum,
376 505 475 568 intuta
492 501 560 576 rix.
584 505 641 564 snt
662 519 702 566 ne
724 505 777 568 rix
800 501 932 582 euidens
954 499 1017 566 dici
1031 499 1259 581 poteril‚ouo·

144 609 202 668 tier
217 609 284 685 ipss
300 605 406 668 dlrioa
431 613 466 666 et
486 601 636 678 coelestis
650 603 752 682 pratia
775 603 869 666 illurn
885 603 1065 668 multorum
1081 603 1261 683 appetitum

140 707 264 772 insidiis
284 705 486 772 liberaverit.
509 705 617 784 dtque
648 703 689 766 ab
709 703 892 770 infidelibus
912 704 955 768 ob
981 721 1098 768 eorum
1119 703 1259 783 copiam,

2 788 13 901 (ἰ
141 809 201 888 uui
214 815 361 872 sacratae
382 805 458 870 ildei
473 806 652 886 praeceptis
673 804 715 868 ab
730 825 770 870 eo
792 813 898 870 esseut
913 805 1065 882 instituti,
1079 813 1166 870 tauta
1182 813 1262 869 lero·

5 967 13 983 ,
140 927 206 998 que
221 906 364 972 erudelis
378 923 484 986 pugna
505 915 576 968 erat
597 915 712 970 contre
732 922 808 970 enm
829 913 993 984 suscepta,
1008 913 1047 969 nt
1067 906 1184 970 milites
1205 905 1260 968 de·

2 994 14 1089 ζ
141 1010 294 1090 ligerem,
318 1011 374 1088 uni
397 1005 593 1072 claudestina
616 1007 756 1072 coitione
778 1007 876 1082 iactu,
905 1007 1119 1084 eliadam,
1142 1009 1262 1088 intona

6 1094 14 1193 ἶ
140 1111 422 1188 commorabatur,
443 1109 574 1174 iusidias
595 1107 806 1172 collocarent.
828 1106 1042 1187 Siequotidic
1063 1109 1263 1187 persecutio·
1380 1151 1383 1158 .

2 1275 14 1285 ,,
141 1213 193 1276 uis
212 1219 321 1274 aestus
341 1215 476 1291 propter
504 1208 722 1288 frequentiam
742 1207 889 1282 illorum,
915 1209 973 1289 qul
993 1207 1066 1289 ejus
1094 1207 1208 1272 labore
1228 1219 1262 1273 et

144 1310 301 1374 industria
323 1311 363 1372 ad
379 1308 521 1373 divinans
542 1315 577 1373 el
589 1308 762 1372 coelestem
785 1307 967 1372 doctrinam
981 1310 1104 1371 aditum
1126 1310 1185 1370 sibl
1208 1327 1264 1387 pe·

146 1411 303 1476 aelectum
318 1411 518 1486 habuissent,
541 1416 653 1474 contra
676 1427 750 1474 eum
766 1409 1010 1486 elierrcacebat‚
1035 1419 1072 1473 nt
1094 1417 1158 1476 tota
1182 1411 1261 1473 cisl-

145 1523 194 1576 trs
213 1511 424 1578 slersodrioa
445 1525 509 1574 non
529 1510 670 1592 amplius
684 1509 777 1572 illum
802 1519 912 1574 tenere
927 1513 1080 1590 tuerique
1102 1513 1261 1592 potuerit3

142 1615 200 1680 sed
224 1614 345 1696 ubique
368 1621 505 1678 rexatus
526 1623 558 1676 et
580 1611 775 1693 exagitatus,
791 1611 993 1677 domicilium
1014 1613 1151 1679 subinde
1171 1631 1259 1678 cous·

146 1722 276 1780 mutare
295 1724 515 1796 cogeretur.»

227 1814 313 1880 lllud
335 1824 458 1892 autem,
480 1815 568 1898 quod
593 1815 760 1896 singulare
780 1821 924 1897 praestat
949 1818 981 1880 in
1004 1813 1155 1896 Origeuis
1180 1813 1261 1890 rita,

2 1919 10 1933 ’
146 1937 292 2000 quocun
313 1937 384 1982 sese
405 1918 555 1998 Apostoli
579 1917 776 1981 imitatorem
801 1916 985 1982 omnimode
1007 1916 1262 1998 praeseferebat,

147 2019 281 2084 excellit
303 2023 333 2082 iu
350 2025 542 2100 paupertate
562 2027 596 2082 et
617 2020 649 2082 ln
670 2019 858 2084 divitiarum
877 2024 1065 2098 contemptu
1083 2017 1264 2082 secundum

146 2123 291 2204 ejusdem
313 2120 407 2186 Pauli
429 2120 514 2184 dicta
528 2141 538 2182 r
554 2119 639 2184 aribs'l
658 2119 800 2184 babentes
820 2131 848 2184 et
863 2119 970 2184 aronio
985 2118 1189 2200 possidentes.
1211 2118 1264 2184 Ab

146 2243 230 2288 sono
258 2223 491 2300 sextodecimo,
515 2231 607 2302 patre
631 2220 772 2286 Leonida
807 2223 966 2308 martyrio
990 2228 1160 2296 coronato,
1184 2239 1266 2302 psu-

148 2343 207 2404 psr
223 2342 298 2391 cunr
315 2333 382 2390 tota
405 2325 525 2390 familia
542 2324 741 2405 relinquitur
754 2323 934 2404 Origenes:
955 2343 993 2388 ae
1011 2323 1109 2388 talem
1122 2341 1157 2387 se
1171 2340 1265 2403 prae·

147 2426 219 2492 buit
238 2427 449 2508 retrusitque
464 2433 624 2507 perpetuo
638 2427 670 2490 iu
685 2425 868 2504 lsburibns,
882 2425 1071 2507 isiciorum,
1088 2427 1120 2488 ln
1135 2425 1265 2504 sigiliis,

148 2530 230 2594 baec
249 2547 362 2610 passm
381 2530 547 2608 lubenter,
567 2529 671 2596 donec
701 2546 836 2596 currunt
856 2546 954 2594 snum
975 2526 1264 2598 consummaverit.

147 2648 211 2692 oon
226 2635 312 2711 qu‘sa
330 2648 390 2694 rus
406 2629 461 2694 aed
476 2648 561 2712 quse
582 2627 641 2696 Dei
656 2636 762 2706 erunt,
777 2645 952 2710 quaereus,
966 2627 1088 2707 ubique
1103 2625 1183 2691 lesu
1200 2625 1267 2706 glo·

148 2733 217 2794 riae
237 2740 385 2813 satspem
405 2739 438 2796 st
451 2731 597 2814 ejusdem
618 2733 755 2798 numinis
776 2731 1025 2812 propagationis.
1041 2728 1088 2794 lle
1100 2747 1140 2792 eo
1155 2732 1267 2809 itaqua

146 2852 172 2892 s.
197 2830 377 2913 Gregorius
398 2831 642 2898 Neuesessrese
662 2834 734 2915 ejus
754 2829 934 2912 discipulus
953 2835 984 2897 iu
1001 2829 1150 2898 Oratione
1166 2849 1265 2913 ports·

146 2931 260 3014 porion
283 2934 358 2998 talis
373 2935 523 3012 miratus,
544 2934 673 3016 ajebatr
692 2932 907 3015 «Discipulos
927 2931 967 2996 ad
991 2933 1146 2997 virtutem
1160 2933 1268 3012 operi·

149 3034 344 3116 bocularis,
366 3053 465 3116 quam
486 3033 594 3100 rerblr
613 3034 789 3113 incitsbst3
816 3033 980 3114 talemque
1010 3034 1151 3112 scipsum
1173 3049 1266 3112 prae·

150 3135 228 3196 berc
248 3134 443 3210 conabatur,
463 3132 596 3215 qualern
618 3133 726 3198 serbis
746 3152 835 3206 eum,
851 3133 909 3212 uui
932 3138 1020 3195 recle
1043 3131 1191 3195 victurus
1210 3132 1264 3203 sit,

149 3234 364 3312 describebat,
385 3237 574 3318 exemplum
595 3251 779 3316 proponens
798 3234 999 3313 sapientis.»

230 3333 271 3399 llt
285 3337 328 3400 ob
342 3337 405 3400 boc
420 3335 580 3404 Eusebius
594 3339 626 3403 io
641 3340 741 3402 citato
756 3335 855 3402 Libro
876 3355 905 3400 c.
931 3333 988 3400 ΙΙΙ.
1007 3333 1146 3414 scripsit:
1164 3359 1180 3396 o
1197 3333 1267 3398 llu-

148 3438 293 3518 jussnodi
315 3439 483 3520 disciplina
498 3447 530 3504 et
544 3439 640 3520 plane
656 3438 877 3521 philosophica
895 3439 1021 3502 ratione
1039 3438 1181 3514 risendi,
1197 3437 1269 3516 plu·

153 3539 245 3603 ribus
258 3539 409 3622 deinceps
428 3543 518 3606 anuis
535 3541 582 3606 uti
604 3543 840 3620 perseverent,
867 3557 978 3604 omncs
995 3537 1190 3622 juvenilium
1212 3557 1271 3602 cu·

153 3642 325 3720 piditatuur
347 3640 520 3706 illecebras
541 3642 686 3723 nudique
705 3640 977 3706 submonendo
997 3639 1116 3704 diurno
1137 3637 1268 3718 quidem

153 3753 302 3822 ternpore
314 3747 520 3824 pravissimus
534 3744 696 3825 cuiusque
718 3743 805 3806 modi
821 3743 1062 3808 exercitationis
1077 3740 1206 3804 labores
1221 3747 1270 3804 to·

152 3845 291 3910 lerabat.
314 3845 426 3911 Noctis
441 3864 520 3910 sero
542 3846 716 3908 ruariorum
738 3849 865 3924 partem
886 3843 1071 3907 divinarum
1086 3841 1270 3924 Scriptura·

153 3964 228 4008 rum
244 3945 359 4011 studiis
376 3947 594 4027 impendebat,
614 3945 830 4020 severissime,
846 3941 954 4024 quoad
970 3951 1110 4022 poterat,
1127 3942 1269 4023 pbiloso·

155 4051 250 4132 pbiae
271 4049 408 4130 legibus,
425 4049 645 4127 institutisque
665 4047 1058 4126 semetipsumcoerceus;
1077 4046 1200 4126 quippe
1221 4046 1268 4108 in·

153 4153 261 4216 terdiu
285 4151 416 4231 quidem
438 4151 639 4232 jejuniorum
656 4147 943 4213 exercitationibus
960 4146 1130 4212 insudabat
1140 4167 1152 4225 ;
1167 4154 1267 4210 noctu

154 4270 235 4316 sero
249 4251 352 4318 romot
372 4252 513 4334 spatium
528 4249 771 4327 dimetiebatur‚
793 4266 936 4329 eumque
957 4266 1020 4314 uon
1035 4250 1067 4314 lu
1079 4257 1195 4326 strato,
1211 4249 1267 4314 sed
