3186 4946
359 335 401 410 54

438 442 465 510 Ε
502 445 620 525 quibus
645 444 787 512 inlertnr
815 444 923 527 quoad
946 443 1151 528 Psmpbllum
1171 445 1240 512 sive
1264 446 1478 529 praecipuum

359 543 562 628 Apologetici
583 553 773 621 auctorem,
794 555 827 612 et
848 545 1026 612 Eusebium
1050 547 1151 612 velati
1172 547 1272 628 ipsias
1294 547 1477 612 auditorem

363 647 415 710 vel
435 663 675 722 amanuensem,
690 648 772 725 sive,
788 658 821 712 et
835 648 865 710 id
888 647 992 729 mains
1013 656 1073 722 est,
1096 649 1202 728 quoad
1224 650 1275 712 aui
1296 651 1396 712 animi
1426 651 1481 712 do·

361 753 409 812 tea
430 747 629 828 singulares,
650 750 812 814 sincerum
834 749 939 829 ipsum
961 750 1086 824 baberi,
1103 757 1294 814 accuratum
1311 758 1343 814 et
1358 749 1481 814 studio·

362 867 435 914 suna
463 850 747 930 investigatorem,
770 859 803 914 et
823 851 1032 930 interpretem
1060 849 1223 912 librorum
1249 851 1424 929 Origenis:
1446 867 1481 912 ae

364 951 450 1027 ideo,
473 969 547 1015 enm
571 953 604 1014 in
625 953 687 1016 buc
701 951 904 1033 Apulogetici
919 969 1019 1031 opere
1034 961 1197 1015 asseveret
1212 955 1291 1031 ipse,
1307 951 1480 1030 Origenem

364 1052 539 1116 immunem
562 1053 656 1116 ivisse
677 1054 718 1115 ab
740 1053 923 1126 erroribus,
944 1071 982 1116 ac
1003 1052 1087 1116 iuter
1109 1054 1196 1118 viros
1218 1053 1399 1116 catholicos
1414 1067 1481 1114 cen·

364 1153 441 1228 seri,
463 1170 605 1234 suosque
626 1153 834 1216 adversarios
858 1161 916 1217 aut
929 1155 1120 1234 ignorantia,
1138 1162 1195 1218 aut
1210 1153 1340 1228 invidia,
1357 1161 1418 1214 aut
1434 1168 1482 1214 ve·

365 1253 470 1318 ritatis
492 1256 566 1316 odio
588 1273 705 1318 nomen
726 1255 815 1318 illius
838 1254 959 1318 trustra
982 1263 1116 1318 conatos
1140 1255 1279 1318 tenebris
1301 1254 1482 1326 involvere,

363 1353 455 1418 nobis
475 1354 686 1418 luculentum
708 1372 746 1418 ac
766 1354 882 1417 stabile
905 1354 1039 1434 praebet
1062 1355 1280 1418 testimonium
1302 1354 1342 1416 de
1372 1353 1484 1432 Orige-

367 1455 416 1520 nis
437 1455 582 1536 eiusdem
604 1473 758 1520 sensuum
779 1457 977 1535 integritate,
1000 1455 1107 1534 deque
1129 1456 1160 1516 in
1176 1455 1324 1518 omnibus
1337 1456 1409 1518 suis
1425 1463 1485 1516 tra·

367 1555 507 1619 etatibus
527 1573 604 1635 erga
626 1556 741 1636 dogma
768 1556 967 1620 eatbolienm
989 1556 1205 1618 observantia.

448 1653 509 1720 Sed
530 1657 723 1738 etamplius
744 1675 786 1721 ex
809 1658 859 1722 bis
880 1658 967 1721 circa
990 1657 1134 1721 studium
1157 1654 1315 1737 Pamphili
1338 1663 1373 1720 et
1387 1655 1487 1720 Ense·

367 1756 411 1820 bii
431 1759 464 1822 in
484 1758 649 1823 codicibus
667 1759 873 1838 origenianis,
889 1761 915 1822 si
929 1757 1124 1822 admittenda
1145 1765 1249 1819 essent
1263 1775 1347 1837 quae
1365 1755 1484 1838 posteri

369 1859 410 1922 de
424 1858 574 1940 Origenis
588 1860 808 1940 blasphemiis,
824 1859 1025 1936 haeresibus,
1043 1859 1155 1922 aliisve
1170 1860 1425 1938 extravagantiis
1439 1875 1486 1920 ar·

246 1961 250 1970 '
369 1963 482 2026 bitrati
503 1971 591 2037 sunt,
607 1962 671 2026 boc
692 1962 894 2026 inferendum
915 1962 992 2044 jura
1015 1961 1119 2037 toret,
1140 1961 1252 2024 ambos
1273 1959 1375 2024 luisse
1398 1959 1487 2023 Pana·

369 2064 495 2145 pbllum
518 2070 551 2126 et
573 2061 751 2126 Eusebium
773 2072 831 2127 ant
845 2063 987 2143 ignaros,
1001 2073 1060 2127 ant
1074 2063 1344 2140 mauritanensi
1360 2061 1484 2142 impios.

371 2165 440 2229 Aut
460 2164 589 2244 ignaros
610 2163 766 2243 quidem,
788 2182 891 2244 quum
922 2165 1107 2243 origeniana
1127 2163 1246 2242 scripta
1269 2161 1488 2225 discurrentes

374 2273 434 2331 aut
446 2265 706 2340 transcribentes,
723 2283 838 2328 verum
854 2283 872 2326 a
888 2265 970 2328 ialso
984 2283 1152 2329 secernere
1167 2265 1386 2344 nequiverint.
1401 2259 1486 2327 lstud

373 2374 485 2429 autem
506 2364 647 2446 probatu
668 2365 762 2428 nimia
784 2372 832 2427 est
852 2363 1006 2428 arduum.
1030 2363 1108 2427 Tam
1131 2365 1276 2428 infirmae
1298 2366 1428 2440 mentis,
1446 2366 1489 2426 in·

375 2465 526 2546 gentique
546 2465 680 2527 obtusos
700 2471 732 2527 et
750 2462 954 2544 Pamphilum
970 2472 1002 2528 et
1018 2465 1195 2529 Eusebium
1217 2465 1306 2528 netas
1328 2473 1378 2528 est
1400 2472 1488 2546 pata·

373 2583 411 2628 re
432 2565 530 2628 siros.
547 2564 615 2628 Ant
636 2565 839 2641 mentitores,
855 2583 930 2629 cnm
952 2564 1037 2629 dicta
1059 2565 1244 2647 blasphema
1259 2573 1292 2628 et
1314 2565 1487 2638 haeretica,

373 2673 409 2730 et
426 2666 645 2729 commentitia
682 2664 824 2746 legentes
846 2665 877 2728 in
902 2663 1065 2747 Operibus
1095 2666 1256 2748 Origenis,
1279 2667 1488 2739 asseruerint,

374 2765 455 2829 nibil
476 2766 596 2829 borum
618 2765 756 2844 reperiri
772 2767 805 2828 in
825 2764 990 2830 codicibus
1009 2767 1204 2846 graecanicis
1225 2765 1400 2830 Auctoriss
1423 2765 1490 2845 qui·

374 2865 497 2928 ninamo
519 2866 626 2928 omnia
649 2869 795 2947 putarint
823 2866 1000 2930 universim
1023 2873 1111 2929 recte
1127 2865 1490 2945 discussa,apostolicae

375 2966 615 3031 accommodari
637 2966 813 3029 traditioni.
837 2965 932 3044 Quod
953 2967 1114 3047 indiciam
1136 2967 1176 3029 de
1197 2967 1291 3029 tantis
1308 2967 1385 3030 viris
1408 2963 1491 3046 peni·

377 3075 430 3131 tus
450 3085 546 3132 sanae
568 3069 665 3132 menti
687 3069 817 3132 resistit.
841 3069 909 3133 Aut
929 3067 1057 3148 impios,
1077 3085 1152 3131 cum
1173 3067 1315 3148 singulas
1336 3066 1491 3129 adversas

378 3165 482 3232 Deum
506 3166 648 3245 Patrem,
671 3177 704 3232 et
724 3167 929 3248 Unigenitum
951 3167 1023 3249 ejas
1045 3166 1165 3232 Filium
1186 3176 1219 3244 et
1239 3165 1396 3247 Spiritum
1419 3165 1492 3230 San·

376 3276 467 3334 ctum
482 3269 664 3349 suppositas
680 3268 906 3349 blaspbemias,
929 3268 1088 3349 librisque
1103 3269 1238 3332 insertas
1251 3267 1415 3347 Origenis‚
1433 3282 1492 3330 noa

382 3370 491 3436 sotum
514 3389 578 3435 non
598 3371 800 3447 relcllerint,
822 3371 877 3434 sed
901 3377 1053 3450 tauquam
1080 3371 1181 3450 probe
1201 3373 1400 3450 excogitatas
1423 3385 1493 3448 pro·

370 3471 544 3535 -baverinc
577 3469 671 3547 Quae
691 3471 797 3533 omnia
826 3470 942 3533 sedulo
963 3472 1141 3534 scrutatori
1170 3468 1378 3549 expendenda
1400 3467 1493 3530 relin-

367 3591 462 3654 ¹spuo,
486 3590 563 3637 num
587 3571 776 3651 Pamphilus
803 3578 839 3634 et
859 3569 1020 3635 Eusebius
1043 3571 1122 3633 tales
1145 3571 1277 3645 luerint,
1301 3577 1339 3631 ut
1359 3578 1423 3632 tam
1438 3569 1493 3630 im·

383 3675 436 3754 pia
459 3675 609 3754 dogmata
633 3672 879 3755 profiterentur.
910 3671 958 3734 Ac
979 3673 1037 3734 nisi
1067 3671 1164 3734 liceat
1193 3671 1255 3732 boo
1286 3670 1325 3733 de
1354 3679 1494 3748 utroque

382 3778 513 3855 putari3
536 3775 701 3839 latendum
722 3755 817 3837 uobis
841 3775 916 3849 erit,
939 3774 1017 3835 nibil
1040 3774 1071 3834 in
1085 3771 1233 3852 Origenis
1254 3771 1346 3832 libris
1362 3767 1495 3851 reperiri

379 3877 629 3952 reprehensione
656 3877 797 3954 dignum.
822 3873 1022 3937 Proiectus.
1045 3871 1176 3956 Martyr
1205 3873 1311 3934 animo
1333 3889 1395 3934 noa
1417 3870 1494 3934 adeo

382 3983 533 4054 prompto
557 3977 727 4055 alacrique
749 3974 932 4037 Adamantii
962 3976 1080 4054 scripta
1103 3973 1294 4050 complexus
1316 3982 1418 4048 essct,
1440 3986 1495 4032 nec

381 4091 524 4152 unquam
557 4075 819 4154 comprobasset,
842 4093 900 4135 neo
922 4091 1033 4136 coram
1069 4072 1218 4135 tidelibus
1239 4071 1449 4147 vindicasset,
1470 4067 1493 4130 si

379 4174 501 4238 mendis
523 4177 725 4252 metuissent,
749 4174 929 4253 dequibus
952 4174 1213 4238 insimulabatur.

736 4297 1141 4346 -ιωωωιμ-
