2994 4938
388 507 404 547 e
418 484 474 551 llis
488 485 598 567 tuque
612 503 670 568 pro
686 486 837 552 firmitate
851 492 1036 553 sanctarum
1049 491 1194 570 quatuor
1208 483 1405 569 synodorum,

305 587 376 654 Deo
402 589 543 669 propltio
558 606 617 669 pcr
635 607 692 653 uos
714 589 806 654 iactis
827 599 859 654 cl
873 591 1090 654 obtinentibus
1111 593 1142 653 in
1164 595 1272 652 saneta
1294 585 1407 652 bellic·

307 690 417 767 alesia,
441 689 581 755 Nestorii
602 709 757 772 sequaces
779 695 946 774 proprium
968 694 1164 772 impietatem
1185 689 1345 771 applicare
1364 707 1408 751 vo·

303 789 408 854 lentus
428 799 556 854 sanctae
576 789 845 872 metuculosus,
869 800 902 855 et
922 809 986 855 nun
1007 799 1152 871 potentes
1167 791 1231 872 buc
1246 790 1349 854 iacere
1361 807 1409 870 per

305 888 507 968 Nestorium,
532 892 723 956 iastiuerunt
745 895 807 957 buc
832 893 946 956 inuare
967 910 1026 974 per
1046 889 1255 956 Theodorum
1277 907 1409 974 mopsue-

304 999 431 1056 stenum
453 990 619 1056 ductorem
641 991 846 1057 Nestorii...
861 1039 869 1056 .
884 1001 917 1055 ol
931 1010 990 1071 per
1017 980 1324 1073 impie'Tbeudureti
1344 1009 1406 1055 cou-

303 1095 424 1174 sertptn
442 1139 448 1156 .
466 1136 474 1154 .
492 1139 499 1154 .
514 1102 547 1156 ct
567 1094 706 1173 insuper
718 1111 777 1172 per
797 1095 989 1158 sceleratam
1005 1093 1196 1174 Epistulam,
1226 1109 1324 1173 quam
1343 1091 1408 1155 dict·

305 1203 362 1261 tur
384 1197 455 1261 lbas
476 1197 515 1260 ed
540 1194 658 1259 blarim
681 1197 812 1261 Persam
833 1197 1020 1278 scripsisse,
1045 1211 1129 1276 quae
1150 1197 1246 1276 plena
1269 1203 1316 1260 cst
1335 1197 1407 1258 omni

306 1298 469 1380 impietate
491 1297 654 1362 'lbeudori
675 1307 708 1361 el
729 1297 881 1362 Nestorii.

388 1419 404 1460 o
419 1399 481 1462 Per
494 1401 575 1463 banc
588 1401 672 1463 euim
686 1401 815 1479 implum
826 1397 1003 1479 Epistulam
1017 1399 1199 1462 consulum
1215 1398 1407 1478 impietaten,

306 1498 363 1562 sed
384 1501 480 1564 etiam
503 1501 616 1581 impius
637 1517 790 1580 personas
811 1499 973 1563 Tbeodori
996 1509 1028 1562 ct
1042 1498 1196 1574 Nestorii,
1219 1516 1302 1579 quas
1322 1500 1410 1562 maxi·

306 1617 360 1663 me
378 1601 492 1664 laudat
507 1611 540 1665 et
555 1601 694 1665 vindicet
714 1603 825 1665 undem
849 1603 944 1682 impia
962 1599 1118 1681 Epistola,
1142 1600 1335 1663 festinarunt
1350 1615 1411 1662 con·

306 1701 541 1765 domuitionem
563 1703 715 1779 liberere,
738 1705 878 1766 dicentes
899 1719 970 1764 cam
991 1710 1172 1781 susceptam
1187 1719 1258 1764 csse
1280 1718 1297 1763 a
1317 1704 1409 1763 sancte

307 1803 551 1868 chalcedonensi
571 1803 711 1888 syuodo.
733 1803 803 1870 Hoc
824 1815 933 1869 autem
953 1805 1066 1868 dicunt
1086 1821 1148 1866 non
1167 1820 1226 1883 pro
1244 1801 1409 1865 nctenstme

306 1911 436 1967 sunctae
456 1903 599 1986 Synodi3
620 1905 674 1968 aad
698 1908 825 1968 uomina
846 1904 917 1986 ejus
940 1903 1024 1968 sicut
1045 1909 1182 1985 putant,
1204 1921 1297 1966 suam
1318 1901 1409 1981 impie·

307 2011 406 2068 tatem
428 2005 622 2070 cunbrmnro
643 2006 839 2070 testinantes.
857 2005 990 2072 Certum
1013 2012 1061 2068 est
1082 2013 1203 2080 antem,
1219 2003 1308 2084 quod
1328 2003 1408 2081 impin

307 2104 441 2168 intentio
456 2114 504 2170 est
524 2107 582 2170 ista
600 2109 841 2184 vindicantium,
858 2115 895 2172 ut
906 2109 933 2172 si
948 2109 997 2172 eis
1014 2109 1171 2182 evenerit,
1186 2123 1251 2170 nou
1266 2105 1409 2185 praedius·

306 2213 364 2270 tur
384 2205 471 2271 Dcus
493 2207 636 2272 Verbum
666 2210 764 2273 bomo
785 2219 915 2274 sauctus
941 2228 1031 2272 esses
1054 2224 1113 2272 neu
1141 2215 1250 2272 snucta
1287 2206 1407 2288 glorium

306 2305 408 2389 Virgo
430 2307 533 2371 blavia
565 2303 793 2375 llci'Genitrix
825 2311 1041 2392 praedicetur.
1064 2307 1154 2372 llaec
1174 2313 1260 2373 cuitu
1282 2304 1409 2370 Tbcodo·

307 2423 367 2472 rus
380 2416 414 2472 ct
427 2407 598 2474 Nestorius
613 2412 644 2473 iu
657 2413 724 2476 suis
746 2413 933 2493 conscriptis
954 2413 1051 2491 impie
1066 2419 1302 2489 exposuerunt,
1318 2416 1348 2471 et
1364 2405 1408 2486 qni

306 2505 486 2590 Epistulam
500 2512 638 2593 scripsit,
655 2513 686 2576 in
699 2531 735 2576 ea
754 2513 964 2594 blasphemat.
978 2511 1045 2578 Nos
1060 2513 1159 2591 igitur
1173 2519 1341 2592 sequentes
1353 2525 1410 2572 svn·

307 2616 377 2676 ctus
400 2609 521 2689 Patres,
544 2619 577 2676 et
600 2615 743 2682 volentes
767 2623 887 2677 rectam
910 2614 1003 2676 tidem
1025 2614 1091 2676 sine
1112 2613 1222 2692 aliqua
1244 2611 1366 2674 macula
1383 2609 1407 2668 in

306 2707 368 2774 Dei
387 2711 531 2776 ecclesiis
552 2713 743 2793 praedicuri,
760 2723 792 2778 ot
812 2717 986 2794 implorum
1003 2729 1151 2776 resecare
1172 2719 1336 2785 conatum,
1356 2710 1408 2789 pri·

308 2827 398 2876 mum
420 2813 550 2893 quidem
572 2822 604 2878 et
625 2817 655 2878 in
669 2817 783 2880 vestris
797 2833 852 2880 vos
874 2817 1024 2895 degentes
1055 2813 1221 2888 ecclesiis,
1246 2814 1407 2889 interrupt-

308 2911 415 2976 vlmns
435 2913 476 2976 de
489 2914 661 2993 praedictis
682 2917 786 2997 impiis
809 2917 911 2980 tribus
927 2915 1096 2994 Capitulis:
1118 2922 1153 2977 et
1175 2921 1314 2976 vestram
1334 2909 1408 2973 uobis

309 3010 510 3077 voluntatem
532 3015 731 3080 manifestam
754 3017 893 3095 lecistis,
914 3035 975 3098 pro
996 3033 1060 3095 que
1088 3021 1122 3078 et
1146 3012 1410 3093 comprobavimus

308 3130 379 3189 vus,
401 3115 488 3195 quod
511 3116 728 3181 indubitanter
743 3125 776 3182 et
797 3135 871 3181 cum
893 3117 979 3181 omui
1001 3115 1168 3179 alecritate
1190 3122 1311 3179 rectam
1332 3110 1409 3173 dien

307 3213 444 3278 confessi
466 3217 556 3294 estis,
575 3223 606 3281 et
628 3219 757 3298 implam
779 3217 1024 3282 condemnastis.

389 3315 578 3394 «Quoniam
602 3337 679 3384 vero
700 3327 732 3384 ct
753 3330 824 3400 pust
837 3319 1134 3384 condamnationem
1148 3335 1167 3379 n
1183 3317 1275 3381 vobis
1296 3314 1408 3382 iactam,

309 3415 343 3483 in
358 3418 476 3483 eisdem
489 3421 566 3501 ipsis
586 3430 774 3501 permanent
788 3420 932 3502 quidam,
955 3421 1066 3484 cedem
1081 3421 1178 3499 impin
1196 3411 1409 3497 tria'Crpitulr

311 3520 530 3602 vindicantesp
561 3524 634 3589 ideo
657 3525 843 3588 vocavimus
867 3541 923 3586 vos
944 3522 983 3584 ad
1004 3523 1127 3602 regiam
1150 3517 1283 3595 Urbem,
1300 3519 1411 3579 burlan-
1481 3591 1482 3604 ἵ

311 3627 358 3686 tes
378 3626 594 3688 cummuniter
615 3626 852 3701 couvenientes,
868 3642 965 3705 qnam
989 3625 1112 3688 bebetis
1135 3623 1259 3704 probis
1281 3621 1411 3683 volnutt·
1481 3613 1482 3688 ἶ

309 3729 388 3800 tem,
403 3725 522 3790 lterum
538 3719 753 3790 mnniiestare.
769 3724 886 3807 vigilio
903 3728 986 3792 euim
1002 3725 1240 3807 religiosissimo
1255 3722 1356 3802 Papae
1367 3732 1411 3777 au·

310 3823 462 3904 tiquiuris
484 3824 619 3901 Romae,
635 3845 710 3890 cnm
725 3829 922 3908 pervenisset
943 3829 982 3890 ad
1005 3829 1088 3890 hano
1107 3825 1228 3906 regiam
1251 3824 1408 3888 civitrtcm,

312 3923 353 3989 de
365 3925 468 3989 tribus
489 3923 648 4006 Capitulis
661 3929 827 3992 subtiliter
846 3929 952 3992 omniu
969 3927 1254 4001 menitestavimns,
1276 3931 1309 3986 et
1327 3923 1408 3984 inter·

309 4026 497 4107 rogavimus
518 4045 618 4106 cum,
640 4029 717 4110 quid
739 4033 822 4110 sapit
843 4029 883 4092 dc
904 4031 976 4092 boc.
999 4027 1041 4092 Et
1062 4030 1129 4107 ipse
1150 4044 1213 4090 non
1232 4023 1342 4095 semel,
1360 4031 1407 4081 nen
1481 4015 1482 4032 ¹

308 4125 381 4204 bis,
401 4127 455 4190 sed
478 4131 574 4193 etiam
596 4130 724 4210 saepius
745 4131 923 4212 inscriptis
945 4129 1227 4194 anathematizavit
1247 4125 1339 4206 impin
1358 4117 1407 4183 trin

210 4287 213 4292 .
309 4223 478 4311 captata
493 4229 588 4310 Quod
608 4251 686 4298 vcro
706 4231 853 4315 ejusdem
868 4233 1044 4302 voluntatis
1063 4247 1191 4313 semper
1211 4227 1272 4294 tuit
1289 4225 1328 4290 dc
1345 4233 1405 4287 eut·
