2982 4934
347 328 409 402 lli

348 438 478 512 sinceri,
496 443 601 500 tamen
622 437 765 502 illiterati
781 446 873 502 erant
887 439 1090 518 deceptaque
1110 437 1234 515 iaoiles,
1255 438 1311 502 alii
1326 456 1383 502 uon
1398 456 1434 502 aa

290 559 293 564 ¹
349 540 387 602 tis
402 541 487 604 cnuti
510 543 540 603 in
562 541 623 603 hac
636 543 822 621 quaestione
836 542 983 620 quamvis
1003 542 1178 604 ministerio
1198 541 1368 622 episcopali
1380 541 1434 606 ian

347 642 410 717 cti)
431 643 489 704 sihi
512 645 753 707 conniventibus
768 645 800 706 in
820 642 964 725 Synodo,
988 643 1109 706 laetum
1123 651 1172 706 eat
1191 653 1229 707 ut
1249 645 1292 724 pii
1310 643 1435 724 doctique

347 745 494 807 monachi
509 745 607 822 paulo
623 756 695 806 ante
710 747 898 824 nuncupati,
916 746 962 806 nti
977 743 1125 822 origenis
1145 743 1289 808 lautores
1310 749 1348 808 ao
1365 763 1435 825 praa·

346 854 549 925 sumptorum
566 848 734 909 haeresum
757 847 927 926 participes
948 845 1200 924 damnarentur;
1219 856 1284 908 eta
1301 855 1434 908 monaste
1482 839 1483 900 l

347 947 402 1010 riis
423 957 620 1026 cogerentur
638 947 785 1012 exulare.

424 1047 466 1111 Et
486 1049 558 1129 quis
579 1067 641 1112 non
657 1051 807 1124 miretur,
830 1056 863 1112 et
883 1053 975 1130 quasi
999 1050 1184 1114 incredibile
1198 1067 1261 1114 nnn
1283 1051 1434 1122 existimet,

344 1149 505 1228 praelatos
527 1151 712 1225 monachos,
735 1150 878 1225 abbates,
904 1151 1121 1235 presbyteres,
1143 1153 1322 1232 episcopos,
1338 1151 1367 1212 in
1381 1151 1450 1240 qai-¹

346 1251 405 1315 hus
425 1251 554 1314 elucent
574 1250 774 1328 Theotimus,
793 1250 948 1326 isidorus,
971 1251 1110 1317 loannes
1132 1251 1387 1338 chrysostomus,
1402 1251 1435 1312 al·

347 1363 398 1416 ter
419 1353 734 1439 hierosolymitanus,
760 1353 961 1428 Ammonius,
985 1353 1179 1428 Euthimius,
1196 1358 1371 1435 ceterique,
1388 1371 1433 1435 pro

342 1452 489 1533 Origenis
506 1454 630 1518 haeresi
644 1471 812 1534 pugnasse,
828 1454 1043 1534 impietatihns
1064 1459 1347 1530 communicantes,
1369 1473 1433 1536 quar

342 1553 553 1636 Theophilus,
566 1554 782 1638 Hieronymus
792 1566 825 1620 et
834 1554 1032 1636 Epiphanius
1044 1558 1284 1638 adscripserunt
1295 1558 1432 1622 Adaman-

341 1658 398 1734 tio,
421 1677 495 1722 cum
519 1666 616 1722 totam
639 1657 804 1737 Evangelii
824 1659 1044 1721 oeconomiam
1076 1658 1220 1722 funditus
1240 1657 1433 1724 averterent.J

343 1757 380 1822 ln
402 1761 463 1824 hoc
483 1761 566 1824 enim
598 1758 774 1824 falsitatum
805 1762 1038 1824 commentario
1058 1762 1119 1824 suh
1148 1760 1297 1840 Origenia
1324 1764 1432 1824 nomine

342 1864 499 1943 vulgate,
522 1880 585 1926 nnn
606 1861 747 1925 haeresis
768 1879 850 1938 una,
873 1880 936 1925 unu
957 1879 1038 1926 nova
1060 1863 1218 1942 quaedam
1239 1865 1364 1944 opinio,
1384 1881 1431 1926 non

340 1962 534 2043 periculosa,
555 1971 614 2026 sut
634 1961 745 2032 dahis,
767 1971 824 2024 ant
840 1964 1009 2026 temeraria
1030 1966 1185 2028 sententia
1206 1965 1430 2046 comprehendi

341 2075 412 2144 tur3
433 2065 488 2129 sed
509 2082 681 2139 errorum,
713 2073 745 2128 et
766 2065 926 2144 peregrini
948 2083 1081 2145 prorsus
1102 2061 1226 2144 generis
1248 2067 1429 2146 impietatum

340 2167 524 2244 acervatio,
546 2164 664 2246 quihus
684 2165 743 2228 nisi
764 2163 912 2241 iulidelia,
935 2183 1057 2245 procax
1078 2175 1111 2230 et
1131 2166 1259 2231 insanus
1281 2168 1375 2230 homo
1391 2183 1427 2228 ae

339 2267 449 2329 aantiri
469 2266 618 2341 audehit,
639 2283 755 2329 eornm
778 2265 890 2342 instar,
911 2267 968 2345 qni
990 2282 1074 2328 nnnc
1095 2270 1248 2347 temporis
1269 2267 1427 2331 deiatarun

340 2379 397 2433 ant
411 2368 686 2431 rationalistarum
709 2370 835 2430 nomina
849 2367 999 2443 distincti,
1017 2365 1195 2431 Ecclesiam
1213 2369 1343 2432 turhant
1358 2369 1386 2428 in
1402 2365 1429 2428 h·

335 2471 456 2534 delium
470 2469 658 2533 scandalum
671 2475 705 2532 et
717 2467 878 2532 societatis
900 2468 1058 2532 humanae
1073 2468 1298 2548 perditionem.
1316 2467 1356 2534 ttt
1370 2465 1427 2532 l’al·

335 2573 442 2637 ladius
462 2573 593 2652 iusuper
613 2571 785 2636 historicus
798 2568 929 2651 quidem
951 2569 1023 2649 pius
1043 2571 1245 2646 etsineerus,
1268 2580 1302 2634 et
1320 2572 1362 2634 nh
1378 2571 1427 2632 hor
1481 2567 1482 2574 ’

336 2673 503 2754 apesteris
524 2673 630 2753 elogio
650 2671 850 2748 cumulatus,
864 2668 1049 2735 Innocentio
1066 2669 1171 2752 Papae
1191 2680 1288 2735 notus
1302 2683 1334 2736 et
1353 2687 1426 2734 acce

336 2785 422 2855 ptus,
444 2774 615 2838 altissimae
630 2772 783 2853 perfidiae
804 2772 945 2852 scriptor
966 2771 1143 2836 haberetur
1150 2791 1163 2852 3
1178 2773 1234 2851 qui
1255 2771 1425 2838 eurumdem

335 2885 421 2956 gesta
442 2876 617 2954 colligens,
638 2873 746 2946 fldem,
768 2873 919 2954 pietatem
941 2873 1085 2953 ipsorum
1109 2873 1242 2936 miratus
1263 2883 1325 2950 eat,
1347 2873 1424 2936 uirt-

334 2979 478 3057 hilesuuo
494 2979 640 3042 virtutes.
658 2975 699 3040 Et
714 2974 843 3055 qnando
858 2975 954 3038 aliter
972 2975 1004 3038 hi
1022 2973 1169 3054 Origcnis
1186 2974 1334 3052 studiosi,
1358 2991 1426 3040 nune

335 3079 484 3142 montiliis
504 3079 603 3159 ipsius
624 3078 758 3140 adsertis
778 3077 875 3156 eique
888 3093 907 3138 a
921 3073 1101 3157 Theophila
1122 3078 1293 3158 adscriptis
1314 3091 1424 3142 consur·
1480 3153 1481 3160 ἵ

335 3188 381 3244 tes
401 3180 570 3260 reputandi
592 3187 711 3258 esseut3
727 3178 816 3257 impii
831 3195 906 3241 cum
921 3179 1019 3257 impin
1033 3176 1174 3258 Origene
1194 3175 1420 3252 commiscente

332 3299 371 3346 ae
393 3299 457 3345 nnn
478 3281 657 3361 eodemque
682 3281 885 3343 anathemata
916 3279 1113 3360 mulctandi;
1140 3279 1240 3344 relati
1262 3275 1422 3358 Theophila

333 3393 366 3448 et
387 3381 566 3464 Epiphanio
597 3383 671 3463 (qui
691 3379 871 3462 Theophila
902 3380 1034 3444 nimium
1057 3381 1194 3457 detulit)
1217 3381 1340 3461 placuit
1358 3381 1420 3440 hanc

332 3486 500 3565 impietatis
522 3493 629 3548 uotam
649 3482 767 3546 eisdem
788 3483 921 3546 inurere
937 3483 1112 3558 monachia,
1135 3482 1229 3561 pleae
1250 3501 1309 3546 ora
1329 3487 1420 3546 contra

333 3589 395 3651 hnc
416 3589 489 3666 ipsis
512 3587 543 3648 in
564 3594 739 3665 conspeetu
759 3583 980 3667 chrysostomi
1002 3583 1263 3649 reclamantibus.

414 3687 584 3750 Praeterea
605 3695 641 3749 ut
670 3684 808 3765 amplius
828 3695 984 3764 appareat
1011 3685 1096 3748 autin
1117 3685 1315 3764 iniquissima
1334 3681 1418 3746 Theo

331 3789 409 3870 phili
431 3791 462 3852 iu
485 3789 546 3852 hoe
568 3804 733 3867 processu,
750 3803 788 3847 sc
807 3786 971 3860 violentia,
992 3803 1090 3866 qnam
1106 3789 1188 3865 passi
1208 3796 1284 3850 sunt
1304 3779 1417 3866 praelati

330 3893 374 3971 pii
395 3890 469 3964 viri,
492 3899 555 3952 tam
577 3888 608 3950 in
629 3888 798 3951 haereseos
820 3897 908 3964 nuta,
938 3888 1054 3950 tamin
1076 3887 1345 3960 condemnatione,
1365 3893 1415 3946 tatt

331 3995 361 4056 iu
384 3994 506 4067 exilio,
538 3991 667 4054 eruitur
687 4008 728 4052 ex
752 3991 908 4052 constanti
939 3989 1056 4051 horum
1087 3988 1299 4052 obtestatione
1321 3997 1413 4048 curam
1479 4011 1480 4020 ι

329 4095 558 4180 chrysostomo
579 4099 613 4156 et
633 4090 812 4174 Epiphanio
833 4090 1108 4171 Constantinopoli
1123 4090 1220 4166 laeta,
1243 4099 1275 4154 et
1294 4086 1375 4168 eujus
1391 4081 1414 4140 i·

329 4213 383 4281 psa
405 4197 546 4261 meminit
573 4193 799 4278 Hieronymus.
825 4190 859 4258 lu
880 4210 944 4274 qua
966 4193 1024 4273 ipsi
1055 4193 1306 4260 manilestiarimn
1324 4183 1411 4252 dreit·
