3186 4946
349 419 371 486 2

343 521 461 586 versati
481 529 557 588 sunt
570 521 692 602 ildelea,
706 543 804 609 supra
819 525 967 592 eumdem
982 525 1180 592 devolvenda
1195 527 1269 606 sint,
1285 545 1325 592 an
1341 530 1447 611 potius

345 643 445 706 snper
465 625 644 690 haereticos
658 635 691 690 et
704 628 826 693 invidos
840 647 879 693 ac
892 647 992 710 super
1006 628 1107 692 bonae
1121 628 1194 693 ddei
1210 629 1324 694 inscios
1336 650 1349 710 ;
1364 649 1444 712 qno·

344 743 419 791 rum
440 728 586 793 nonnulli
606 729 702 794 alitor
721 748 819 811 quam
839 730 937 794 sensit
957 730 1095 805 ductor,
1116 729 1212 794 verba
1227 747 1286 794 sua
1301 747 1446 811 compro·

345 828 524 906 bennonim,
546 830 603 895 alii
622 838 760 895 mentem
783 849 874 895 suam
899 832 1114 913 perverterint
1136 849 1174 896 ac
1197 849 1335 896 sensum.
1354 830 1443 894 lnau·

343 949 403 1013 per
422 932 643 1012 quaerendum
665 933 754 997 nobis
776 941 835 1010 est,
858 951 935 998 nurn
949 934 1074 999 diversa
1100 934 1312 998 accusationis
1326 913 1443 1014 genera

344 1041 455 1099 contra
481 1035 628 1100 eumdem
651 1034 785 1100 Romam
809 1055 911 1117 usquc
932 1036 1059 1114 delata,
1081 1055 1154 1101 cnm
1177 1037 1284 1099 adbuc
1305 1037 1335 1097 iu
1364 1035 1445 1100 viria

344 1138 475 1218 degerat
496 1139 717 1214 Adamantius,
739 1137 850 1202 eadem
872 1137 1012 1216 inerint,
1033 1139 1072 1202 de
1093 1139 1210 1220 quibus
1231 1145 1303 1218 post
1322 1138 1446 1201 obitum

343 1260 440 1305 sunm
461 1249 568 1306 actum
590 1247 650 1316 eat,
672 1249 704 1304 et
724 1241 887 1322 speciatim
909 1242 949 1303 ab
970 1241 1060 1304 initio
1080 1241 1181 1304 seculi
1205 1237 1248 1302 tv
1270 1246 1302 1303 et
1322 1255 1448 1302 succes·

344 1343 422 1406 sive.
446 1341 597 1407 Ceterum
620 1349 729 1421 patet,
752 1342 853 1406 veluti
875 1343 906 1405 in
928 1342 1190 1423 praecedentibus
1213 1348 1358 1403 notatum
1378 1347 1449 1415 est,

345 1444 477 1526 Oriqeni
498 1444 697 1526 potissimum
718 1445 859 1525 satisque
879 1443 1133 1508 contendendum
1157 1443 1255 1507 tuisse
1276 1460 1348 1506 cum
1367 1458 1453 1504 mar·

345 1547 482 1622 cionitls,
507 1546 738 1624 valentinianis,
769 1546 980 1623 basilidianis‚
1003 1555 1036 1610 et
1057 1551 1216 1627 quotquot
1238 1552 1315 1608 tnnc
1340 1551 1450 1607 contra

343 1649 495 1711 veritates
510 1648 709 1729 evangelicas
723 1658 939 1713 surrexerunt
949 1669 961 1729 ;
981 1650 1036 1730 qni
1054 1657 1182 1729 praeter
1200 1648 1280 1711 alios
1300 1664 1451 1722 errores,

343 1757 474 1815 strenue
501 1750 533 1813 in
558 1751 661 1814 carnis
691 1751 959 1814 resurrectionem
989 1749 1302 1830 pugnamu12unte
1331 1749 1451 1812 verosi·

344 1851 464 1916 militer
488 1859 534 1915 tot
555 1853 815 1933 persecutionum
837 1854 868 1915 iu
883 1853 1059 1915 Auctorem
1074 1853 1199 1914 initium
1215 1852 1313 1915 statui
1328 1856 1446 1931 potest.

344 1953 495 2017 Attamen
510 1961 546 2018 ut
560 1957 590 2016 in
607 1956 667 2018 boc
679 1962 904 2034 argumentum
918 1955 1087 2017 ordinatim
1100 1953 1296 2028 incedamus,
1307 1955 1449 2034 primum

347 2054 435 2120 illins
454 2056 596 2121 studium
613 2065 645 2120 et
667 2054 855 2120 sollicitudo
874 2055 906 2117 iu
921 2055 1090 2120 christiana
1108 2054 1261 2136 religione
1275 2071 1453 2136 propagan-

346 2157 384 2219 da
407 2158 678 2237 praemittantnr;
700 2157 817 2237 quibus
844 2157 926 2220 lama
951 2156 1122 2220 doctissimi
1143 2163 1175 2219 et
1194 2157 1380 2220 sanctissimi
1406 2156 1451 2217 vl·

346 2261 373 2320 ri
394 2259 515 2340 ubique
536 2259 811 2338 percrebresceus,
835 2267 998 2340 tamquam
1017 2258 1224 2340 praeconium
1245 2257 1454 2321 constituitur
1590 2293 1591 2304 ³

346 2357 489 2440 ejusdem
511 2359 606 2421 animi
629 2361 827 2424 rectitudinis
847 2363 878 2423 iu
899 2361 995 2424 rebus
1017 2361 1115 2424 sacris
1138 2360 1320 2423 tractandis.

425 2457 468 2523 lit
488 2478 523 2524 re
544 2461 673 2540 quidem
697 2480 785 2537 vera,
807 2462 955 2543 loquitur
975 2479 1034 2542 pro
1055 2479 1089 2524 se
1111 2460 1157 2524 uti
1175 2461 1303 2523 virtutis
1317 2476 1395 2523 suaa
1408 2475 1448 2522 ac

347 2561 408 2626 aeli
429 2562 461 2624 iu
481 2563 653 2627 cbristiana
676 2549 830 2644 religione
851 2563 1055 2646 provehenda
1079 2562 1281 2626 luculentum
1311 2562 1451 2626 testimo·

346 2665 448 2740 nium,
471 2681 488 2728 a
511 2666 627 2746 puerili
648 2673 752 2728 aetate
775 2666 920 2750 martyrii
935 2664 1045 2739 ardor,
1063 2682 1128 2745 quo
1145 2663 1210 2743 ipse
1225 2663 1403 2738 aestuabat,
1418 2667 1452 2725 at

349 2766 379 2828 in
401 2765 471 2828 aliis
491 2785 551 2830 suo
565 2767 672 2829 studio
693 2766 912 2830 incalescebat.
929 2763 1091 2844 Loquitur
1104 2783 1163 2845 pro
1176 2781 1215 2826 eo
1234 2762 1369 2826 Sobolae
1385 2761 1452 2825 ale·
1589 2817 1590 2848 ,

348 2864 525 2929 xandrinae
546 2867 772 2947 praefectura,
795 2885 891 2948 quam
915 2865 1110 2947 amplissimo
1132 2865 1254 2928 bonore
1276 2865 1399 2941 tennit;
1420 2869 1455 2925 et

351 2967 381 3029 in
397 2970 495 3031 sacris
510 2967 684 3049 Scripturis
700 2968 927 3033 elucubrandis
950 2967 1154 3030 vehementer
1168 2965 1295 3040 enituit,
1311 2973 1348 3027 ut
1363 2963 1454 3026 verbi

350 3066 408 3131 Dei
429 3087 547 3149 praeco
567 3071 705 3134 eximius
726 3073 757 3134 in
778 3071 857 3134 orbe
877 3070 1050 3134 christiano
1072 3069 1244 3132 universim
1258 3067 1384 3128 babitus
1397 3064 1452 3139 sit,

349 3169 492 3251 undique
513 3171 584 3235 ideo
605 3173 644 3234 ad
666 3190 740 3236 eum
763 3172 1019 3246 adventantibus,
1039 3188 1133 3250 qnos,
1149 3168 1238 3231 nulla
1257 3168 1364 3229 babitu
1380 3183 1454 3244 per·

349 3289 501 3335 sonarum
523 3275 666 3350 ratione,
689 3275 801 3337 divinis
823 3274 1012 3336 veritatibus
1038 3272 1220 3346 imbuebat,
1246 3269 1455 3333 attentissime

351 3375 383 3434 in
404 3374 464 3438 boc
484 3392 578 3438 omne
598 3379 705 3440 ocium
726 3395 821 3438 sunm
844 3377 1014 3440 insumens.
1041 3373 1075 3436 ln
1096 3392 1162 3455 qno
1192 3388 1324 3435 munere
1353 3385 1454 3448 quam

349 3475 468 3555 optime
489 3476 528 3538 dc
549 3475 692 3540 Ecclesia
717 3474 773 3539 Dei
796 3480 929 3540 meritus
950 3479 1010 3551 sit,
1033 3475 1127 3538 iidem
1151 3475 1272 3538 iaciunt
1293 3471 1454 3536 innumeri

351 3596 392 3639 cx
414 3577 559 3657 gentibus
581 3579 624 3653 (iu
645 3577 762 3659 quibus
782 3591 815 3641 et
836 3579 1028 3659 pbilosopbil
1049 3577 1104 3657 qui
1124 3576 1256 3657 abjectis
1269 3574 1457 3636 studiorum

351 3693 486 3740 suornm
500 3674 691 3740 vanitatibus
705 3675 868 3743 Christum
885 3679 1070 3752 induerunt,
1088 3675 1224 3738 tirmiter
1238 3674 1310 3737 inde
1326 3674 1357 3735 in
1371 3671 1460 3734 cbri-

350 3778 443 3840 stiani
465 3781 599 3842 nominis
621 3780 725 3842 hostes
746 3790 838 3842 scuto
860 3781 932 3843 tidei
954 3780 1148 3842 dimicantes.
1172 3775 1218 3840 lle
1239 3793 1301 3856 qna
1322 3793 1358 3836 re
1378 3771 1457 3835 l'or·

354 3877 488 3962 phyrius
499 3897 538 3942 cx
551 3877 681 3942 Eusebii
698 3877 818 3943 llistor.
835 3879 957 3944 Eccles.
971 3878 1067 3943 Libro
1079 3877 1131 3940 Vl.
1145 3896 1174 3941 c.
1186 3873 1275 3939 lllll.
1288 3875 1347 3937 etsi
1361 3887 1461 3934 esau·

353 3979 474 4056 pelicaa
496 3982 622 4042 veritati
643 3981 797 4054 intensus,
821 3989 925 4044 tamen
948 3981 987 4042 de
1009 3999 1048 4042 eo
1069 3978 1195 4042 scribit:
1210 3971 1343 4054 «liuius
1364 3972 1462 4034 iasci-

351 4078 415 4140 tiae
431 4081 474 4157 (in
495 4080 757 4160 interpretatione
771 4082 921 4146 nimirum
938 4078 1192 4161 scripturarum)
1209 4085 1240 4136 ct
1255 4073 1375 4138 stultae
1388 4073 1460 4148 opi-

352 4179 453 4242 nionis
473 4182 658 4261 exemplum
679 4182 720 4245 ab
740 4182 878 4263 Origene
897 4191 1069 4247 sumaturr
1093 4182 1175 4255 viro,
1198 4177 1254 4258 qui
1276 4175 1365 4252 mibi,
1381 4191 1462 4238 cum

352 4297 452 4345 casem
478 4283 650 4350 admodum
672 4283 867 4362 adolescens,
888 4284 997 4366 aliqua
1013 4279 1228 4350 intercedebat
1243 4275 1460 4341 familiaritas.
