3186 4946
185 465 304 536 Deinde
323 489 354 534 ιι.
377 469 408 536 5.
428 489 463 538 ιε
477 471 621 538 reterens
645 472 684 536 sd
708 469 786 536 deu
812 469 932 554 synodi
953 473 996 537 ob
1018 367 1222 538 vocabulo?

118 571 291 638 semion
309 579 343 637 et
363 571 502 650 similis,
524 572 614 640 sddtt
637 572 813 638 Eusebius:
831 595 848 634 ι
864 571 933 638 Hac
955 575 1064 653 itaquo
1092 573 1220 638 abillis

121 675 303 755 (Patribus)
325 673 410 738 edito
433 675 574 740 formula
598 675 762 740 noluimus
787 677 946 750 assentiri,
968 677 1028 739 nisi
1050 681 1221 755 postquam

120 777 279 857 diligenter
298 775 342 838 nb
363 777 438 856 ipsis
460 777 697 857 inquisivimus,
714 795 856 857 quonam
879 777 974 842 modo
995 778 1150 842 dixissent
1171 774 1223 840 Fi·

119 881 191 942 lium
211 899 253 944 ex
282 879 460 944 subsistitis
484 878 611 952 Patris,
633 886 667 942 et
689 875 778 942 Patri
810 878 1116 943 consubstantialem
1145 895 1224 942 esse.

121 977 194 1044 iiiuc
213 997 292 1060 ergo
314 987 423 1044 moise
442 987 519 1044 sunt
549 980 753 1059 quaestiones
774 988 806 1042 et
829 981 1062 1060 responsionem
1085 979 1224 1059 quisque
1360 1005 1363 1017 ·
1413 1017 1418 1026 ·
1456 1061 1459 1068 Ι

122 1079 248 1145 illorum
271 1080 448 1146 verboram
463 1099 577 1144 sensns
598 1089 693 1156 esset,
709 1082 834 1144 ratione
855 1089 902 1145 cst
917 1081 1145 1145 examinatum.
1164 1079 1227 1144 lta·

122 1201 178 1260 qne
198 1183 281 1244 inter
301 1199 357 1246 eos
378 1182 528 1245 convenit
549 1182 607 1244 ista
624 1181 762 1244 dictione
783 1200 823 1244 cs
844 1179 1021 1244 substantia
1041 1182 1225 1262 significari,

123 1279 230 1347 Filium
251 1302 322 1346 esse
344 1283 475 1363 quidem
496 1301 538 1348 ex
562 1281 668 1358 Patre,
692 1301 755 1346 non
777 1290 885 1346 tamen
908 1281 1000 1345 velut
1020 1290 1144 1362 partem
1168 1280 1227 1344 Ps-

125 1385 175 1447 tris
191 1385 343 1446 existere.
367 1381 474 1458 Quum
488 1401 564 1446 sane
584 1383 773 1446 sententiam
795 1381 886 1446 nobis
904 1391 1030 1446 rectum
1054 1383 1158 1446 risum
1180 1389 1230 1446 est

123 1485 263 1562 ampiecti
286 1492 402 1565 utpote
424 1491 668 1548 consentaneam
692 1484 763 1564 pise
784 1482 971 1548 doctrinae:
988 1501 1052 1565 qua
1075 1484 1228 1547 nimirum

125 1583 302 1648 declaratur
317 1582 437 1648 Filium
462 1603 504 1648 ex
526 1581 622 1648 Patre
637 1582 770 1664 quidem
792 1588 872 1661 esse,
897 1603 960 1649 non
982 1592 1088 1648 tameo
1104 1591 1228 1664 portem

125 1683 188 1764 ejus
207 1687 410 1749 snbstantias
430 1685 581 1748 existere.
615 1683 777 1761 Quocirca
810 1687 900 1750 nobis
921 1703 1054 1767 qnoque
1075 1687 1230 1766 placitum

126 1795 167 1848 est
184 1795 221 1850 ιιι
238 1787 433 1850 sententiam
454 1789 546 1850 istem
562 1786 830 1867 approbaremus.
852 1785 968 1867 Neque
983 1788 1080 1850 otiam
1101 1786 1232 1852 consod-

125 1885 277 1950 rtcstinia'r
299 1905 412 1952 rocem
434 1887 727 1968 repudiaverim,
745 1907 823 1953 cnm
840 1897 975 1970 propter
996 1891 1082 1970 pacis
1098 1889 1231 1964 bonum,

129 1987 205 2066 qnod
226 1987 320 2051 nobis
342 1993 416 2052 ante
437 1988 551 2052 oculos
565 1989 767 2071 potissimum
783 1989 987 2068 vorsabatur,
1001 1997 1068 2054 tnm
1095 2007 1134 2054 ne
1148 2007 1167 2053 o
1183 2007 1234 2052 ro·

129 2095 174 2150 ets
194 2087 418 2153 decideremus
438 2091 638 2153 sententia.»

205 2186 311 2252 Panlo
326 2198 399 2268 post
413 2207 443 2250 n.
458 2185 508 2254 tt.
525 2187 635 2254 addit:
652 2187 770 2254 «Haec
787 2190 827 2253 sd
849 2209 907 2253 vos
927 2189 1070 2254 scribere
1091 2207 1235 2254 necessa·

130 2286 206 2350 rium
220 2289 389 2364 duximus,
405 2295 443 2354 ιιι
464 2289 554 2352 robis
577 2298 702 2372 pateret
718 2309 818 2371 quarn
834 2297 963 2354 maturo
978 2290 1104 2372 judicio
1119 2296 1235 2354 cuncta

130 2390 410 2464 ponderaverimns
439 2398 472 2454 et
494 2391 836 2470 comprobaverimus,
858 2409 1022 2470 quamque
1047 2391 1236 2454 convenien-

131 2493 175 2549 ter
195 2490 233 2550 sd
255 2500 440 2554 extremum
463 2507 568 2570 nsque
588 2492 702 2555 horem
726 2491 953 2554 restiterimus:
977 2489 1131 2570 quamdiu
1152 2487 1237 2553 soiii·

133 2594 179 2650 cet
196 2589 287 2654 nobis
308 2589 558 2670 displicuerunt,
574 2608 659 2672 quse
680 2591 807 2654 diverse
823 2608 840 2652 a
856 2599 965 2653 nostra
989 2591 1131 2654 dormale
1152 2587 1237 2653 tide·

133 2685 243 2753 bantur
263 2691 426 2771 proponi;
443 2699 519 2754 tunc
539 2702 650 2754 autern
668 2692 790 2771 sbsqne
808 2693 875 2756 uiis
891 2692 1093 2755 contentione
1114 2709 1168 2754 eos
1182 2707 1236 2754 vo·

134 2805 190 2865 cer,
209 2810 295 2872 qnae
317 2793 397 2855 nibil
423 2792 615 2858 incommodi
639 2792 816 2868 baberent,
840 2793 938 2856 inisse
960 2791 1140 2871 amplexos,
1162 2809 1237 2854 euna

135 2889 216 2954 nobis
236 2894 367 2956 sincero
389 2901 422 2956 ει
442 2911 548 2973 sequo
569 2893 676 2957 animo
707 2893 786 2972 quid
807 2892 1034 2972 significarent,
1058 2891 1239 2972 expenden-

136 2989 223 3067 tibus,
246 2994 354 3056 risnm
376 3001 423 3056 est
445 2993 524 3056 nibil
546 2995 605 3056 nisi
637 2994 741 3056 simile
762 3011 830 3056 esse
852 2993 914 3068 bis,
936 3010 1021 3072 quse
1042 3009 1099 3056 nos
1127 2992 1186 3071 ipsi
1207 2992 1239 3053 in

137 3087 191 3154 iide
215 3095 307 3173 prius
329 3093 473 3174 exposita
500 3093 637 3157 coniesri
660 3094 870 3157 ineramus.»
896 3094 1047 3157 Attamen
1067 3093 1166 3172 ipsius
1187 3092 1242 3154 sd·

137 3194 261 3256 romarii
282 3211 347 3256 non
362 3194 556 3258 destiterunt
577 3202 611 3256 et
625 3193 733 3258 adbuc
755 3211 818 3256 non
832 3191 1045 3257 desistentes
1059 3191 1161 3256 silato
1176 3191 1243 3256 ior·

138 3295 211 3356 tssse
230 3313 256 3358 s.
273 3293 465 3381 Hieronymi
482 3296 665 3360 testimonio
688 3294 727 3358 do
744 3295 867 3358 sincera
889 3293 1022 3358 Eusebii
1044 3292 1242 3373 professione

136 3395 305 3459 secundom
322 3394 416 3458 fidem
432 3397 597 3460 nicaenam
619 3395 782 3458 dubitare
801 3391 843 3458 m
863 3393 1009 3457 nonnulii
1022 3398 1054 3454 ει
1068 3392 1129 3456 boc
1150 3409 1244 3471 prse-

138 3507 297 3574 sumpsere
312 3516 354 3559 cx
368 3496 486 3559 eisdem
499 3513 577 3558 suso
591 3493 798 3574 proiessionis
813 3495 919 3558 verbis
933 3511 962 3556 n
977 3489 1007 3558 9.
1024 3491 1078 3556 ubi
1095 3493 1174 3556 baec
1186 3492 1243 3555 ιιι.

136 3587 250 3660 Ero
210 3615 268 3684 μεν
291 3617 349 3664 τευ
371 3591 697 3687 &memigmenon
730 3616 778 3677 τε,
799 3589 861 3689 πρὸ
882 3615 939 3662 τευ
970 3585 1247 3714 γεννηθῆναιοιιι’

142 3677 188 3774 ἦν
210 3695 304 3770 ὂνκ
281 3721 399 3770 arrosa
420 3697 639 3794 ἐνομίσθη
607 3699 651 3768 τῶ
673 3721 760 3802 παρα
775 3698 873 3770 πᾶσιν
897 3693 1130 3790 ὄμολογὲισθαι
1153 3717 1190 3762 τε
1204 3716 1249 3762 ιι-

141 3817 188 3870 ιαι
207 3800 262 3874 τὸν
284 3805 419 3874 aab*
383 3829 439 3875 rou
460 3806 540 3878 Θεδυ
562 3827 698 3906 προ,
658 3827 718 3886 της
740 3801 830 3876 κατά
848 3803 955 3901 σάρκα
977 3801 1192 3896 γεννήσεως·
1171 3818 1192 3862 ¹·
1216 3817 1245 3864 θ·

144 3903 239 3970 adbuc
265 3911 396 3990 quidem
428 3910 693 3974 anathematizari
723 3917 891 3987 antequam
920 3908 1044 3986 pesitus
1065 3913 1161 3982 esset,
1183 3919 1247 3968 oon

144 4015 215 4084 mot,
229 4026 291 4072 non
312 4011 489 4076 absurdum
505 4013 723 4074 existimatum
746 4017 807 4083 est,
824 4025 934 4071 omnes
948 4007 1106 4086 confiteri,
1125 4003 1244 4070 Filium

145 4099 197 4170 Dei
215 4129 281 4176 esse
302 4112 494 4193 prinsquam
514 4111 694 4178 secundom
716 4127 845 4175 carnem
868 4110 1066 4188 gigneretur.
