3042 4940
96 481 132 546 de
150 479 280 548 Concilii
301 479 560 548 chalcedonensis
576 480 670 544 iidem
694 478 846 546 ricinium
861 479 893 542 iu
915 479 1014 546 icium
1036 477 1203 562 Cupiiulo·

93 599 161 648 rum
182 583 383 647 uneihemoie
405 583 514 648 icisse.

166 682 286 748 Poiiori
314 701 392 748 vero
422 681 701 749 roimsdvorsione
731 684 862 766 dignum
883 684 1080 764 repuieiur',
1113 685 1202 766 quod

91 805 115 849 s.
136 785 256 850 Docinr
269 787 381 851 sordidi
400 786 439 850 ed
456 785 676 852 Coneieniinm
700 784 876 850 Mediolani
890 786 1097 868 episcopum3
1128 805 1204 852 cnm

89 886 288 952 eBoniiireio
309 888 444 952 diecoun
465 886 636 964 didicerit,
661 896 725 950 ires
745 889 913 967 episcopos
933 905 952 950 c
974 889 1203 952 communione

89 997 273 1069 separatos,
303 997 529 1070 preeiexenies
556 993 662 1070 ipsum
689 987 891 1054 Boniiecinm
919 997 953 1053 ei
980 987 1203 1054 Consieoiium

90 1095 183 1153 idern
203 1087 431 1170 Gepiiniornm
463 1092 659 1154 consensisse
679 1091 894 1166 eoeihemeii,
926 1090 1039 1154 emisse
1069 1091 1203 1171 insuper

89 1191 243 1266 ceniioce,
258 1191 341 1254 idest
354 1210 428 1256 cum
447 1191 634 1273 juramendo
656 1192 891 1271 prominentes,
906 1209 942 1255 se
962 1209 1127 1272 nunonem
1148 1191 1204 1256 de·

90 1293 190 1374 inceps
209 1294 429 1358 relneieinroe
450 1295 583 1358 iiiornm
604 1292 832 1376 Gepiiniorum
864 1293 1070 1358 dumueiioni.
1095 1293 1203 1370 Quem

90 1393 264 1458 ceniionem
285 1404 379 1458 unice
402 1392 595 1460 Laurentiue
617 1393 760 1475 eiusdem
792 1395 929 1460 ciriiniis
949 1397 1118 1477 episeopus
1139 1398 1204 1459 eir·

89 1509 123 1555 er
142 1510 259 1558 eonon
291 1493 362 1560 581.
393 1495 432 1559 sd
454 1494 568 1560 sedem
595 1494 816 1576 Aposioiiocm
851 1499 957 1561 misit:
986 1507 1018 1561 ei
1048 1500 1103 1562 cui
1124 1497 1203 1561 dicii

88 1591 258 1674 Gregorius
272 1598 360 1662 viros
374 1597 587 1662 nobilissimos
601 1615 640 1662 ec
651 1599 793 1679 seipsum
808 1617 940 1679 quoque
961 1601 1200 1680 subscripsisse,

89 1707 363 1778 compraetorem
385 1700 541 1763 orbrnem
564 1708 700 1780 gererei.
723 1697 875 1778 Quocum
889 1704 965 1766 setis
986 1702 1118 1778 iudicer,
1140 1699 1202 1766 sibi

92 1801 266 1881 ceterisque
288 1819 477 1881 persuasum
500 1801 598 1866 inisse
614 1819 672 1882 per
691 1802 809 1888 Synodi
830 1805 962 1884 quinino
980 1803 1199 1867 definitionem

92 1899 240 1966 adversus
256 1903 316 1966 iric
332 1901 495 1983 Cepiinie,
511 1903 694 1968 omnimode
708 1913 851 1984 quotuor
862 1902 1082 1970 Conciliorum
1097 1911 1131 1968 ei
1145 1921 1203 1984 po·

93 2001 239 2068 {usinum
255 2005 516 2068 chalcedonensis
531 2004 625 2069 iidem
638 2023 767 2070 munere
781 2006 979 2070 invioloiem.
995 2005 1105 2082 Quare
1119 2004 1201 2070 Poo-

90 2102 162 2167 iiies
179 2113 212 2168 ei
224 2106 389 2170 studiosus
411 2107 565 2174 oniroiem
581 2107 611 2169 in
625 2107 830 2171 secerdoium
848 2108 1005 2171 mencines
1020 2106 1201 2172 cusiodien·

89 2203 128 2282 di,
141 2224 178 2270 ec
194 2225 255 2272 une
272 2224 348 2288 erge
366 2217 485 2271 sicinio
502 2210 633 2288 qnioice
647 2207 765 2292 Synodi
781 2209 1099 2288 obseqneciissimus,
1112 2208 1202 2276 hund

90 2317 214 2374 veretur
228 2319 262 2374 ei
274 2307 527 2374 Theodoiiodnm
552 2313 694 2392 reginem
709 2311 782 2376 ideo
803 2313 969 2392 corripere
983 2320 1016 2375 ei
1032 2313 1114 2375 aiios
1133 2312 1201 2392 epi·
1223 2353 1226 2358 >

89 2427 207 2492 scopos,
230 2412 320 2475 illins
341 2409 459 2495 Synodi
471 2429 569 2475 enses
589 2411 750 2476 conireire
764 2411 957 2475 definiiionis
980 2412 1067 2493 qnod
1083 2419 1116 2476 ei
1133 2427 1201 2474 cru·

90 2511 166 2590 piius
185 2531 227 2577 ex
248 2512 458 2593 sequentibus
480 2522 682 2593 compertum
704 2513 777 2574 erit.

93 2634 98 2642 ·
160 2611 195 2676 in
214 2613 350 2697 epistole
366 2631 505 2695 numque
517 2611 548 2678 3.
564 2613 706 2694 ejusdem
722 2611 810 2676 Libri
826 2611 880 2676 lv.
897 2613 935 2676 ed
952 2613 1101 2679 eumdem
1117 2613 1201 2680 Gon-

88 2716 229 2780 sieoiium
254 2715 297 2778 de
324 2715 435 2778 eodem
466 2733 502 2779 re
533 2715 630 2778 dicii:
648 2735 665 2774 o
684 2713 833 2778 i'erveoii
864 2715 903 2777 ud
929 2732 985 2780 uos
1016 2715 1103 2797 quod
1126 2717 1200 2797 qui·

91 2813 154 2877 dem
169 2817 309 2897 episcopi
334 2827 458 2881 resitue
472 2817 625 2880 dioecesis
645 2818 854 2897 exquirendos
875 2816 1076 2882 occisionem
1091 2817 1199 2898 podius

92 2933 179 2996 quem
201 2917 411 2996 invenieoiee,
425 2937 494 2984 sese
507 2919 684 2982 scinderes
701 2919 908 2982 ireterniieiis
926 2926 1052 2984 resiree
1073 2918 1197 2983 uniieie

95 3020 292 3095 ieuicrerini,
310 3017 450 3082 diceoiee
466 3026 496 3084 ie
510 3020 595 3099 opud
613 3035 778 3082 romonem
795 3019 908 3082 urbem
925 3019 954 3081 in
970 3016 1199 3100 Cepiiuiorum

91 3117 317 3185 deruoeiionem
333 3123 513 3184 coctionem
535 3121 656 3186 iecisse.
674 3120 770 3198 Quod
787 3121 936 3186 videlicet
950 3120 1071 3188 idcirco
1086 3121 1199 3184 dicuni

90 3221 156 3298 quie
171 3230 329 3302 quonium
346 3221 538 3284 ireiernireii
554 3224 649 3285 etiem
663 3225 730 3285 sine
748 3225 898 3286 ceniione
913 3221 1045 3286 credere
1060 3222 1195 3297 sulcem,

89 3323 233 3386 nereicni.
261 3319 295 3385 Si
317 3321 400 3386 enim
423 3322 484 3384 hoc
513 3331 595 3386 esset
615 3324 831 3386 necessarium
861 3323 952 3400 deri,
977 3325 1081 3388 verbis
1104 3322 1197 3387 nudis

91 3422 169 3486 robis
189 3422 277 3488 credi
300 3423 465 3504 potuisset.
499 3422 567 3504 Ego
589 3413 694 3488 iumen
715 3427 876 3489 dominere
907 3426 1069 3490 internos
1091 3443 1196 3506 neque

91 3523 194 3602 cerdo,
216 3543 323 3606 oeque
346 3525 468 3605 scripio
490 3527 551 3588 irie
576 3525 725 3608 Cepiioie
747 3527 868 3592 recoin.
890 3526 951 3592 Sed
973 3529 1031 3605 eis,
1052 3529 1078 3592 si
1100 3528 1195 3592 cirins

90 3632 304 3704 rereriuniur,
318 3625 359 3692 de
377 3644 439 3691 ruo
453 3643 566 3690 errore
589 3627 786 3708 percendum
808 3635 875 3692 esi:
892 3630 967 3710 quic
980 3629 1076 3710 juxis
1099 3628 1195 3693 Penii

89 3719 224 3799 Apostoli
246 3745 359 3792 vocem
372 3771 382 3804 ‚
396 3745 461 3791 ooo
480 3725 773 3808 ioieiiipnoinepuo
796 3745 876 3808 qnae
896 3725 1084 3810 loquuntur,
1098 3744 1197 3810 oeque

90 3827 120 3888 dr
132 3825 241 3906 quires
254 3831 423 3912 affirmari.
440 3827 507 3894 Nos
520 3831 604 3892 enim
616 3835 752 3893 nociore
769 3814 917 3905 reriieie,
935 3837 1014 3892 icere
1031 3831 1196 3893 conscien-

91 3927 139 4002 iie,
160 3929 300 3994 feremur
320 3945 376 3992 noe
397 3927 493 3992 iidem
513 3933 644 3992 reooiee
659 3929 919 3993 chalcedonensis
940 3927 1058 4014 Synodi
1080 3946 1140 4009 per
1160 3945 1196 3992 o-

90 4018 336 4095 mnis‘iiiibeiam
359 4031 536 4108 cusiodire,
552 4031 696 4111 nihilque
717 4032 762 4094 eis
776 4031 952 4096 deiioiiiooi
967 4031 1099 4105 addere,
1116 4030 1196 4093 nihil

89 4128 270 4196 subirehere
291 4134 423 4197 endere.
440 4132 500 4196 Sed
521 4135 622 4214 siquis
638 4144 748 4198 conire
760 4151 831 4198 eom
848 4132 1059 4215 ejusdemque
1075 4131 1195 4218 Synodi

91 4223 187 4310 idem,
201 4234 273 4299 sire.
283 4233 355 4315 pins
368 4234 514 4302 minuero
529 4233 568 4298 ud
585 4232 774 4314 sepiendum
791 4233 912 4315 oppeiii
927 4251 1102 4316 usurpare,
1118 4249 1195 4298 curu
1242 4237 1247 4248 '
