3048 4946
330 465 396 524 teru
412 457 569 542 populum
591 457 802 526 christianum
816 457 976 528 diabolice
990 457 1129 544 anplius
1143 457 1339 544 deciperetis
1358 463 1440 524 astu·

332 562 389 626 tis.
408 559 529 626 »Unde
550 563 683 642 colligas
706 565 878 646 utriusque
899 573 931 629 ot
963 561 1069 643 Papae
1089 569 1122 626 el
1141 559 1317 628 lastiniani
1340 563 1374 624 in
1393 579 1442 624 es·

332 663 407 726 nem
428 663 611 731 uouutttouo
631 668 787 732 unitatem
808 667 849 730 de
873 665 977 732 tribus
992 665 1152 747 Capitulis
1173 664 1443 729 anathenstiran·

332 761 400 829 tiis:
423 771 455 828 et
475 764 531 829 nbi
551 785 611 830 neo
632 765 841 847 imperaturis
864 766 1049 830 violentiam
1071 766 1233 846 inspicies,
1256 781 1316 828 nee
1339 759 1442 842 Vigilil

332 857 468 941 metum,
490 883 550 929 nec
572 865 728 947 Principis
751 867 863 942 minus,
885 883 946 954 nuc
960 866 1067 948 Papae
1086 865 1402 947 pusillanimitatem.

333 1033 335 1038 ,
413 965 519 1042 Quum
554 967 628 1034 lidei
651 970 821 1044 unitatum,
846 975 879 1033 et
899 969 1082 1034 animarum
1114 967 1322 1034 concordiam
1346 981 1445 1046 nsque

332 1067 372 1132 ad
395 1066 529 1136 Conciiii
556 1072 727 1136 terminum
748 1073 945 1137 sanctissime
958 1070 1167 1146 custoditum,
1183 1077 1328 1149 utruque
1342 1069 1375 1130 iu
1388 1083 1444 1130 sun

330 1187 465 1235 munnae
486 1171 674 1254 proliciente
695 1183 807 1240 contre
832 1176 893 1239 trin
914 1174 1078 1254 (lapiton,
1104 1172 1194 1237 clare
1222 1172 1369 1252 explicat
1389 1167 1444 1232 rs·

331 1289 372 1354 pn
394 1273 427 1336 iu
447 1274 563 1340 ultimo
585 1275 768 1342 Constituto
782 1295 815 1340 ιι.
829 1273 881 1342 ffi.
899 1275 1093 1352 «Quorum,
1114 1275 1232 1356 inquit,
1255 1289 1379 1337 renem
1392 1317 1402 1334 .
1416 1317 1443 1334 ..

329 1383 458 1439 nostros
469 1383 502 1439 at
515 1376 768 1442 christianissimi
787 1376 942 1459 Principis
956 1379 1167 1458 omniumque
1183 1374 1444 1438 orthodoxornn

331 1477 455 1542 seimus
476 1487 722 1558 permoverunt,
747 1480 982 1546 attendentium
1011 1497 1076 1543 uon
1099 1497 1168 1543 esse
1192 1477 1338 1558 emplius
1359 1473 1444 1538 ‹tins-

332 1578 432 1641 rendu
454 1580 608 1656 remedie,
639 1580 695 1644 ubi
717 1599 775 1662 per
796 1581 995 1662 patientium,
1027 1579 1287 1644 dissimuletioua
1309 1579 1444 1652 nutrite,

332 1686 398 1740 tum
421 1683 526 1760 magni
555 1680 630 1742 mali
653 1681 784 1744 videtur
804 1682 945 1746 crevisse
977 1681 1146 1762 pernicies.
1162 1698 1179 1737 ι
1194 1677 1227 1742 Si
1257 1679 1346 1741 enin
1366 1679 1444 1741 inter

330 1779 503 1846 Caesurons
524 1789 557 1846 et
578 1779 765 1846 Pontificem
787 1789 852 1846 tatu
881 1785 1070 1863 gravissima
1091 1781 1219 1846 dissidia
1241 1781 1444 1862 irrupissent,

330 1881 435 1947 veluti
459 1881 649 1947 lalaulantus
668 1882 862 1957 edumarii,
879 1882 987 1965 vigilii
1010 1903 1118 1948 serato
1138 1883 1304 1964 quandum
1326 1891 1445 1962 putore·

331 1990 388 2047 tur
406 1985 645 2049 simulationem
667 1986 785 2049 conscii
805 1985 978 2051 simultatis
997 1997 1110 2050 contra
1131 2003 1166 2048 se
1187 1984 1290 2066 paulo
1309 1991 1386 2048 ante
1405 1999 1442 2046 es

330 2081 504 2149 iustiniani
524 2086 746 2167 praepotentia
768 2095 916 2151 exortae.
933 2084 1055 2150 Tamen
1076 2103 1119 2149 nx
1138 2085 1279 2149 ndrersu
1292 2084 1444 2148 blacan·

330 2187 418 2269 plius
439 2189 619 2266 innotescit,
642 2187 729 2268 qnod
751 2191 850 2252 sensit
864 2186 1002 2270 vigilius
1024 2203 1088 2254 nus
1109 2204 1186 2252 cuna
1200 2184 1390 2251 iustiniano
1407 2183 1443 2248 dr

329 2283 559 2368 Capitulornnt
581 2292 793 2370 quaestiune3
809 2297 841 2354 et
855 2287 1021 2370 quomodo
1035 2289 1102 2370 ipso
1118 2286 1220 2368 Papa,
1236 2287 1336 2352 sicuti
1352 2285 1443 2367 punis

330 2396 405 2470 pust
425 2390 456 2453 iu
470 2390 583 2455 eudem
605 2387 791 2457 Constituto
812 2391 933 2470 legitur
949 2407 979 2452 n.
992 2387 1047 2457 Ἦ.
1060 2389 1255 2471 profiteatur
1267 2411 1278 2452 ι
1288 2389 1377 2471 tasse
1391 2404 1442 2451 scr

330 2497 360 2554 et
378 2486 448 2554 sies
467 2489 579 2572 clipeo
597 2489 833 2572 reprenendam
852 2491 896 2555 nd
915 2509 965 2565 sn,
981 2507 1064 2570 pune
1081 2487 1243 2570 praesenti
1257 2485 1443 2554 ammon

331 2589 514 2667 senuimus,
536 2592 738 2657 descendisse.
1088 2651 1091 2656 .

412 2692 591 2776 Procopius
613 2698 645 2760 iu
667 2696 765 2762 Libro
789 2693 846 2758 lll.
868 2713 897 2758 c.
921 2691 1008 2758 xvi.
1033 2693 1077 2758 lie
1102 2693 1189 2758 Briln
1203 2690 1353 2760 Gnillico
1372 2693 1443 2759 setl-

285 2879 290 2886 ἢ
334 2792 399 2862 bile
421 2793 590 2876 «vigilius
619 2795 783 2863 Romanus
815 2797 965 2863 Pontifex
988 2817 1212 2888 μεταπεμπτος
1236 2799 1364 2864 accitus
1392 2799 1443 2860 snt

334 2898 490 2966 inritatus
510 2902 550 2963 nb
568 2897 770 2980 lmperutorc
783 2899 974 2985 Byzantium
995 2907 1079 2967 sunit
1094 2923 1135 2967 ox
1149 2903 1276 2981 Sicilia3
1300 2899 1357 2963 ubi
1368 2901 1444 2981 jan·

332 2999 392 3066 sliu
408 3001 540 3082 degerat
554 3001 764 3082 protectionis
783 3002 872 3066 itlius
893 3019 1011 3066 suusne
1033 3003 1149 3068 »Etin
1169 3021 1199 3068 o.
1215 2999 1353 3067 XXXV.
1375 2999 1443 3066 ιιιΙι-

332 3100 431 3167 dites
451 3102 587 3184 vigilius
610 3119 709 3186 porro
732 3104 880 3170 Pontifex
913 3104 1079 3170 llomsnns'
1100 3123 1175 3170 curu
1197 3105 1297 3182 italia,
1328 3105 1386 3186 qui
1404 3101 1442 3166 ili

334 3203 347 3283 i
356 3201 653 3286 Constantinopoli)
676 3214 752 3271 tunc
767 3206 900 3270 adornet
922 3215 954 3271 et
971 3208 1103 3290 plurimi
1119 3216 1152 3272 ut
1165 3207 1372 3280 nobilissimi,
1387 3219 1441 3268 nna

284 3303 287 3312 ⁴
332 3306 508 3372 absistebat
529 3306 763 3390 imporatorum
792 3327 923 3389 urgere,
948 3324 983 3374 ut
1006 3311 1130 3374 viribus
1150 3309 1301 3372 omnibus
1324 3306 1439 3373 ltalirn

330 3408 391 3472 eibi
415 3408 601 3474 vindicaret.
625 3409 661 3474 lu
683 3411 794 3491 primis
815 3412 1005 3476 stimulabat
1025 3413 1130 3492 ipsura
1151 3410 1318 3492 Cethegus
1333 3449 1436 3472 .....

334 3505 378 3572 At
400 3506 582 3589 lmpcrutor
599 3529 634 3574 su
649 3508 762 3576 ltaliae
784 3519 1034 3593 prospectorum
1055 3512 1233 3592 pollicitos,
1250 3514 1284 3575 in
1300 3507 1438 3575 christis·

335 3626 453 3673 norum
474 3610 624 3690 dogmate
645 3614 818 3675 maximam
842 3614 995 3692 temporis
1017 3621 1142 3694 partum
1163 3611 1366 3689 conterebat,
1386 3605 1438 3673 tul·

329 3709 437 3774 leudis
458 3728 572 3776 eorum
596 3714 824 3778 controversiis
846 3715 1121 3778 intentissimus.»
1143 3751 1147 3758 -

415 3811 505 3889 Quas
536 3816 772 3878 controversias
793 3815 924 3895 quidum
959 3813 1138 3895 Procopius
1167 3830 1283 3894 respse
1304 3811 1435 3880 conside·

335 3913 420 3978 ravit
441 3915 524 3978 inter
538 3916 705 3996 episcopus
726 3917 900 3980 orientales
921 3924 953 3981 ot
973 3916 1187 3982 occidentales
1202 3915 1243 3978 dc
1263 3917 1368 3980 tribus
1384 3913 1436 3979 Gt-

333 4015 459 4094 pilulis,
481 4017 643 4081 desinente
659 4034 742 4081 anno
756 4016 844 4082 xtv.
861 4017 1006 4100 ejusdem
1023 4015 1105 4083 Belli
1121 4013 1265 4083 Guttltici
1280 4019 1367 4082 circa
1389 4029 1432 4076 sn.

334 4109 404 4181 550.
421 4132 627 4197 nequequam
649 4133 730 4180 vero
757 4117 843 4179 iuter
862 4114 1081 4182 lustinisuum
1102 4125 1135 4180 et
1151 4114 1320 4198 vigilium,
1335 4131 1430 4196 ouen,

335 4217 433 4280 alitur
456 4237 554 4299 quatu
575 4227 688 4299 putant
709 4218 900 4297 adversarii,
924 4217 1106 4286 llistoricus
1129 4223 1205 4284 tuuc
1225 4219 1430 4300 repraesentat
