3066 4950
9 527 10 534 ¹
100 503 309 585 praesentatur
323 500 492 565 auatbama
516 499 615 565 trium
637 495 876 582 capitulorum.
900 495 935 562 ln
957 497 1020 564 boc
1034 499 1119 562 cutm
1140 515 1195 562 or·

9 645 10 654 .
100 602 228 668 tbodosu
258 602 496 684 pronunciatur
522 599 666 684 Epistola
687 599 728 664 ed
750 597 882 676 blerim,
912 599 1008 663 sicuti
1038 601 1197 663 statuitur

9 729 23 788 ,2
98 703 265 768 nullimode
284 699 493 767 'l'beodorum
527 708 791 784 mopsuestenum
822 709 894 782 pust
914 701 1039 766 obitum
1061 699 1193 763 anstite-

9 795 26 888 ζμ,
98 803 168 866 mati
196 802 454 885 subjiciendum
488 802 612 865 tametsi
632 801 733 884 ipsius
762 800 910 864 doctriua
931 809 964 865 ct
990 803 1112 883 scripta
1134 817 1193 880 per

9 897 25 990 J,
95 903 233 968 eumdem
255 901 408 984 Viqilium
437 903 633 983 amplissima
658 903 824 968 conlatata
846 903 1006 968 dicantur.
1030 901 1081 965 Ab
1101 901 1192 964 initio

9 1025 29 1090 ,q
94 1019 188 1082 porro
206 1002 306 1085 hujus
335 1001 508 1067 Constituti
529 1003 726 1068 describitur
755 1003 828 1067 ddci
851 1002 1009 1084 prolessiu
1038 1001 1193 1064 emissas

9 1153 20 1195 ἶ
95 1101 258 1168 Theodoro
288 1102 467 1169 Caesareae
487 1102 709 1186 Cappadociae
734 1105 938 1184 cpiscopo,a
969 1101 1085 1167 Munus
1107 1101 1194 1183 eius·

12 1255 25 1300 Ε
92 1221 152 1286 qne
171 1206 384 1276 consortibus.
406 1204 528 1270 Deinde
548 1208 714 1271 inducitur
734 1205 872 1287 lliqilius
892 1223 967 1269 cum
991 1203 1193 1286 imperatore

19 1370 23 1395 ,
91 1307 215 1372 locutus
234 1325 275 1372 ac
295 1307 416 1384 dicetis,
434 1325 470 1372 sa
489 1325 565 1372 cum
586 1309 743 1390 episcopia
764 1305 929 1370 nonnullis
949 1307 989 1369 dc
1008 1303 1193 1369 Occidentis

92 1409 272 1491 regionibus
291 1409 493 1474 examinasse
524 1411 622 1474 trium
644 1407 872 1490 Capitulurum
898 1406 1133 1487 quaestionem,
1156 1409 1195 1469 ni

91 1527 275 1591 responsum
296 1509 337 1575 de
356 1509 477 1575 eisdam
499 1509 672 1574 reddereta
701 1511 734 1573 lu
755 1526 821 1591 quu
842 1511 1009 1589 sexaginta
1029 1503 1193 1569 Tbccdorl

90 1613 300 1692 mopsuesteni
322 1611 465 1692 capitula
488 1617 601 1692 utpute
621 1609 832 1686 execrabilia,
859 1619 893 1674 et
913 1627 930 1670 a
951 1608 1069 1672 sanctis
1090 1605 1193 1670 Patri·

9 1771 21 1814 Ι
89 1711 145 1776 bus
164 1721 259 1778 autea
281 1712 443 1791 damnate,
457 1731 493 1777 se
512 1713 667 1776 damnare
689 1711 873 1794 prolitctur.
889 1711 984 1779 Circa
1008 1727 1085 1774 tero
1105 1707 1190 1790 cjus·

9 1881 10 1896 χ
86 1813 157 1878 dem
178 1811 343 1878 Tbeodori
364 1831 535 1896 personam
557 1815 663 1895 iuquit
676 1813 774 1894 Papa.

9 1909 11 1916 ’
164 1935 183 1976 a
205 1913 303 1994 Quae
324 1913 452 1996 prolata
474 1923 522 1980 est
543 1916 574 1979 iu
595 1924 704 1980 sancta
725 1913 856 1999 synodo
877 1913 1026 1996 apbcalna
1043 1910 1194 1976 delinitio

87 2015 185 2081 reluti
207 2015 418 2081 a'l'beuduru
437 2017 603 2098 disposita,
620 2017 715 2081 sicuti
736 2017 908 2081 ullerentes
929 2017 1088 2091 dicebant,
1110 2013 1191 2078 nibil

9 2181 16 2225 ι
85 2117 203 2183 babens
223 2137 363 2197 sanum,
388 2121 562 2184 evacuarit
591 2120 723 2200 quidem
745 2135 816 2182 eam
844 2126 952 2182 sancta
974 2117 1122 2203 Spnudus
1144 2135 1197 2180 rc·

9 2281 17 2326 5
85 2217 145 2282 luti
166 2237 400 2302 perversarum
415 2221 543 2303 plenam
556 2221 857 2301 intelligentiarum,
879 2221 1093 2284 condomuaus
1115 2223 1192 2283 item

9 2387 14 2428 ι
83 2338 150 2398 eos,
172 2323 232 2403 qui
253 2321 302 2385 sio
320 2321 460 2401 eupiunt.
493 2319 710 2402 Dispensatim
732 2339 812 2385 rero
834 2320 1027 2384 mentionem
1051 2319 1110 2382 riri
1131 2335 1196 2382 unu

9 2487 14 2514 Ι
83 2421 179 2502 lecit3
201 2441 312 2505 neque
331 2443 407 2488 aum
429 2423 617 2488 nominatim
642 2423 839 2487 nnatbemutl
859 2422 1013 2497 subdidit,
1034 2439 1140 2502 nequa
1161 2437 1195 2484 e·

9 2517 13 2610 ζ
81 2523 158 2590 lios.
173 2573 182 2591 .
197 2569 207 2589 .
221 2572 231 2590 .
245 2526 356 2592 Grave
376 2533 425 2590 eal
444 2527 529 2590 enim
552 2525 709 2590 iusnlture
730 2525 901 2600 deiunctis,
919 2523 971 2588 vel
991 2524 1017 2586 si
1028 2523 1102 2586 laici
1124 2523 1195 2586 lue·

9 2613 12 2734 ἑ
83 2627 159 2705 rint,
182 2629 308 2693 nedum
329 2628 406 2705 illia,
428 2629 485 2709 qni
506 2627 538 2689 in
558 2627 747 2708 episcopatu
762 2629 861 2692 ritum
883 2626 1113 2706 deposnerunt.
1136 2621 1196 2688 lu·

9 2797 11 2816 ,
78 2731 258 2796 atissimum
281 2731 365 2794 enlm
387 2737 522 2812 apparet
541 2727 755 2810 prudentibus
770 2727 847 2790 siris
867 2727 983 2791 cedere
1004 2725 1196 2808 praescienti

9 2819 10 2836 ¹
77 2831 305 2908 scilicetDeu,
323 2833 581 2912 uniuscujusque
602 2830 814 2895 voluntatem.
830 2845 847 2887 a
865 2826 906 2893 lit
926 2828 1074 2894 adductis
1093 2826 1197 2909 pluri·

76 2931 138 2996 bus
160 2934 370 3009 testimoniis,
385 2932 512 3013 quibua·
524 2929 693 2995 ostendere
707 2937 859 3006 conatur,
881 2945 944 2992 uon
959 2945 1028 2992 csse
1049 2935 1197 2992 mortuos

77 3034 405 3099 anathematizandas
419 3032 518 3098 addit:
533 3030 644 3097 auulli
661 3031 761 3096 licere
775 3031 904 3095 noritur
917 3028 1041 3109 aliquid
1056 3027 1197 3092 demur·

76 3143 214 3202 tuorum
228 3136 381 3219 judicare
395 3136 563 3218 persueis;
585 3134 640 3199 ssd
655 3135 687 3197 iu
705 3134 767 3197 boc
781 3131 936 3212 relinqui,
951 3133 983 3193 in
999 3148 1065 3212 quc
1079 3147 1197 3194 unum-

75 3255 249 3321 quemque
261 3255 434 3320 snpremns
446 3236 512 3301 dies
523 3235 655 3312 lureuit,
664 3243 698 3298 ct
710 3234 894 3316 specialiter
904 3233 943 3296 dc
952 3231 1116 3295 Theodori
1131 3247 1200 3294 mu·

75 3341 247 3420 paucateui
270 3339 398 3404 nomine
415 3338 492 3420 quid
512 3337 623 3402 Patres
645 3337 745 3400 nostri
763 3336 980 3415 disposuerint
1000 3333 1151 3412 superius
1166 3351 1200 3395 s·

76 3444 234 3508 ridentes·
259 3459 463 3523 expressum,
486 3457 562 3504 eum
576 3445 685 3503 nostru
707 3455 770 3501 non
791 3437 948 3500 audemus
963 3432 1117 3498 damnare
1129 3449 1200 3496 scn-

74 3547 192 3620 tentia,
209 3543 272 3609 aad
288 3561 346 3608 nec
361 3543 402 3606 ab
415 3543 481 3606 alio
495 3541 648 3622 quopiam
669 3538 876 3602 condemnari
901 3531 1118 3599 concedimus.
1135 3531 1201 3596 db-

68 3647 111 3712 sit
126 3653 245 3711 umen
262 3652 299 3709 ut
312 3644 532 3727 suprascripta
551 3641 692 3722 capitula
707 3638 907 3719 dogmatum,
918 3653 1003 3718 quac
1019 3633 1198 3699 secuudum

70 3767 190 3814 sensus
213 3747 448 3828 intelligentiae
468 3745 664 3827 subiectura
687 3741 778 3806 nobis
797 3746 924 3804 constat
944 3757 1013 3803 ease
1033 3737 1198 3814 damnata,

67 3851 122 3915 rel
146 3865 388 3931 quaecumque
408 3846 492 3911 dicta
515 3844 689 3927 cujuslibet
716 3843 785 3906 sius
805 3842 934 3904 nominc
956 3847 1145 3928 praenotata
1165 3855 1200 3902 e·

68 3952 261 4034 seopelicis
280 3957 314 4014 et
334 3947 594 4030 apostolicis...
613 3991 621 4007 .
637 3945 792 4008 doctrinis
812 3961 876 4006 uou
897 3941 1123 4021 congruentis,
1146 3954 1202 4020 pa·

67 4053 210 4117 tiamne.
237 4069 256 4108 s
280 4047 402 4113 Deinde
426 4048 578 4127 sequitur
598 4043 768 4109 ostendens
790 4039 867 4106 lbos
889 4041 1066 4122 Epistulam
1088 4039 1119 4102 lu
1142 4039 1202 4124 Sp·

64 4153 156 4216 nudo
179 4149 436 4216 chalcedonensi
460 4148 558 4210 luisse
579 4144 801 4210 orthodoxam
824 4141 1035 4216 declaratam,
1057 4139 1202 4219 exceptis

62 4255 204 4337 injuriis
228 4268 295 4333 per
314 4267 462 4313 errorem
485 4245 716 4330 intelligentiae
744 4245 776 4310 in
797 4261 823 4308 s.
839 4241 1000 4328 Gyrillum
1028 4241 1132 4305 dictis.
1160 4237 1202 4306 lli

70 4359 180 4440 paulo
206 4361 289 4438 pust
309 4350 483 4418 concludit.
