2982 4934
49 471 117 534 tati.
142 469 200 534 llil
222 469 304 534 enlm
326 467 541 549 Theophilum
561 469 770 534 extimulasse
802 487 860 551 per
879 470 1003 534 litteras
1024 366 1165 552 Εοίρῗιξ

48 575 136 635 niun
159 581 199 635 ut
220 571 384 656 synodum
413 579 644 652 congregaret,
666 573 822 636 damnetis
842 572 990 653 origenis
1010 573 1101 638 lihris
1122 575 1166 638 oh

47 682 277 753 praesumptos
298 691 437 737 errores.

125 795 143 834 ο
162 773 310 850 llleetns,
325 775 446 854 snhdlt,
460 774 580 839 litteris
590 773 773 855 Theophili,
788 774 880 838 laeile
896 773 926 837 iu
944 774 1092 840 iraudem
1107 778 1166 840 im·

46 877 158 957 pulsus
179 885 232 938 est
251 895 277 938 r.
295 873 447 938 Antistea.
464 873 575 952 Quom
595 883 706 939 antem
721 876 915 940 consedisset
935 880 1165 956 episcoporum

51 979 135 1040 illins
150 977 281 1041 insulae
301 976 490 1056 collegium,
509 979 616 1058 palem
637 977 801 1042 interdieit
814 977 986 1042 lectionem
1003 979 1166 1043 lihrornm

46 1079 205 1158 tirigenis.
226 1078 369 1158 ideoque
387 1078 480 1158 inhet
494 1079 654 1148 oonserlhl
667 1085 700 1141 et
722 1079 894 1141 transmitti
909 1078 1035 1152 litteras
1048 1080 1090 1140 ad
1108 1078 1166 1144 Jo-
1290 1119 1297 1128 ·

48 1197 171 1255 aunem,
195 1180 239 1241 ah
253 1179 403 1258 Origenis
423 1179 560 1243 leetione
576 1190 613 1244 ut
628 1180 803 1245 abstineret
818 1179 976 1242 suadens:
997 1181 1166 1245 indiceret·

48 1301 108 1362 que
124 1291 158 1343 et
173 1283 245 1359 ipse
266 1279 444 1362 synodum,
461 1282 627 1362 ferretque
647 1283 814 1344 decretum
837 1283 950 1344 ineam
968 1299 1045 1344 rom.
1061 1279 1165 1346 Theo·

51 1382 154 1462 philos
177 1387 370 1461 igitnroum
391 1383 450 1444 sihi
472 1383 748 1446 conciliassetoen
772 1381 923 1462 praeda·
947 1379 1165 1462 Epiphaniam

49 1484 162 1562 pietate
180 1485 385 1561 praesignem
401 1491 433 1544 et
448 1481 674 1562 famigeratori
689 1503 697 1543 a
714 1499 752 1544 ae
768 1481 901 1560 proinde
917 1489 1034 1556 nosset,
1050 1499 1084 1544 se
1099 1499 1162 1544 non

51 1585 220 1648 infeliciter
252 1601 385 1664 scopum
408 1586 550 1662 attigisse
580 1583 756 1646 destinatae
780 1582 955 1646 rnlnntatls
984 1601 1083 1658 suae,
1105 1585 1166 1646 hae

51 1683 148 1746 iratus
161 1684 371 1756 confidentia,
383 1685 831 1762 numerosameplsooporurn
845 1681 1087 1744 multitudinem
1099 1681 1167 1746 eol·

55 1785 126 1862 legit
146 1787 327 1847 etiamnum
349 1801 391 1846 en
418 1785 528 1846 ricinis
549 1783 608 1863 ipsi
631 1780 810 1863 Epiphanio
830 1781 987 1845 adserens
1006 1781 1108 1846 libror
1121 1780 1166 1845 0-

53 1887 174 1964 egenis,
193 1894 233 1949 ut
248 1885 326 1948 huie
346 1885 520 1948 adornaret
541 1885 748 1958 calumniam,
771 1885 829 1964 qni
849 1892 923 1946 ante
943 1900 1042 1946 annos
1065 1901 1165 1964 prope

53 1983 317 2056 ducentossuaru
339 1985 423 2048 diern
444 1984 580 2072 obierat.
612 1984 673 2049 Sed
695 1983 778 2046 enim
800 2001 863 2045 nno
886 1985 971 2046 hune
991 1983 1050 2046 sihi
1073 2000 1165 2062 prae·

54 2087 197 2149 stituerat
212 2086 316 2148 veluti
332 2087 523 2165 primarium
537 2102 685 2164 scopum,
701 2086 781 2165 quin
803 2085 910 2165 potius
928 2085 989 2146 hoe
1004 2101 1166 2146 sommen-

55 2192 83 2246 ιο
97 2188 178 2248 riam
201 2185 375 2250 allectahat
389 2186 428 2248 ad
451 2185 662 2264 expetendam
679 2184 834 2248 ultionem
849 2184 889 2248 de
904 2180 1055 2248 Dioscuri
1072 2184 1165 2248 disei-

56 2288 142 2365 pulis.
159 2307 176 2345 a
479 2345 482 2352 .

125 2387 231 2452 Porro
253 2397 375 2468 quanto
398 2387 552 2468 perfidiae
572 2386 711 2452 artifieio
733 2375 933 2467 Theophilus
953 2387 1017 2460 sihi„
1034 2406 1166 2452 eonsen-

57 2505 120 2550 auns
140 2498 391 2569 comparaverat
410 2487 581 2568 Epiphanii
603 2491 634 2551 in
656 2489 717 2552 hae
738 2493 947 2568 quaestinem
965 2490 1163 2554 tantumdem

57 2589 114 2666 epit
133 2607 208 2670 erga
230 2609 257 2652 s.
281 2586 528 2669 Hieronymum,
551 2589 645 2670 enjus
666 2590 851 2652 omnimode
871 2598 1010 2653 mentem
1032 2607 1165 2672 parrer·

58 2689 91 2751 tit
108 2689 137 2752 in
155 2707 287 2754 sensum
309 2691 508 2754 eontrarium
530 2689 675 2771 Origeni,
698 2709 794 2770 quem
817 2698 910 2754 antea
932 2709 959 2754 s.
975 2688 1100 2754 lioetur
1119 2685 1166 2754 rii-¹

57 2805 120 2854 roro
139 2787 348 2872 apostolieum
368 2789 601 2870 appellaverat.
618 2790 707 2856 Datis
727 2794 811 2856 enim
833 2783 1047 2857 hnio'litteris
1061 2789 1166 2855 Theo·

59 2891 155 2968 philus
175 2900 417 2966 asseveranter,
431 2891 569 2966 dieehat,
590 2909 626 2956 se
646 2893 678 2955 in
708 2892 837 2972 seriptis
857 2890 1005 2973 Origenis
1027 2891 1163 2956 nefanda

59 2989 161 3070 legisse
173 3013 186 3074 5
208 2992 362 3074 adjiciens
383 2994 532 3073 insuper,
555 2993 651 3058 illum
671 2994 844 3058 olimideo
864 3011 883 3056 a
906 2991 1070 3058 Demetrio
1088 2995 1165 3074 jure

59 3093 370 3170 anathematizatum,
386 3111 425 3158 no
446 3094 626 3158 miserrime
647 3104 743 3158 extra
759 3093 937 3159 Ecclesiam
955 3094 1082 3158 obiisse.
1105 3093 1164 3158 His

60 3195 171 3257 eunetis
191 3194 348 3258 credulus
376 3193 607 3274 Hieronymus,
629 3202 753 3260 mutata
773 3197 941 3271 sententia,
959 3213 1092 3276 prorsus
1112 3213 1164 3259 ae·

60 3295 171 3369 quierit
186 3295 405 3366 irauduleutis
420 3297 521 3375 ipsius
538 3293 709 3378 Theophili
725 3295 866 3359 consiliis
880 3303 913 3360 et
927 3297 1163 3360 narrationibus

60 3392 93 3454 de
112 3397 275 3462 monachis
296 3397 512 3474 nitriensihus,
535 3398 685 3478 quamvis
706 3399 773 3478 ipse
795 3397 936 3461 latentur
957 3397 988 3460 in
1003 3399 1065 3462 hoo
1088 3405 1163 3463 tune

62 3493 159 3570 plores
178 3498 239 3561 sihi
255 3505 289 3562 et
304 3495 486 3578 Theophilo
499 3497 678 3562 advorsari.
697 3497 907 3579 Quapropter
922 3497 1092 3562 inlelieitor
1112 3517 1164 3562 ea·

63 3602 137 3669 ptos,
157 3605 317 3678 perpetuo
337 3597 516 3678 appellarit
535 3599 579 3662 od
599 3599 724 3662 chortes
737 3597 970 3662 alexandrinas
990 3619 1068 3662 snae
1090 3599 1164 3664 illu·

65 3695 148 3761 sionis
170 3700 304 3776 iontem,
320 3697 403 3763 idest
412 3699 454 3761 ad
469 3706 584 3763 ennete
606 3699 775 3780 Theophili
790 3701 907 3781 scripta
922 3700 1077 3764 adsersus
1089 3699 1163 3763 Ori-

65 3809 173 3874 gemm,
185 3817 270 3882 quau
290 3799 433 3862 sincerae
449 3800 547 3879 ipsine
561 3803 674 3864 mentis
696 3801 823 3879 putarit
837 3804 1064 3876 emanationes,
1088 3819 1162 3864 cnm

66 3901 150 3960 ceteri
169 3903 343 3968 maledicos
363 3901 492 3966 libellos
513 3901 734 3966 existimarent
754 3918 791 3966 ea
817 3903 959 3980 scripta,
982 3903 1030 3965 nti
1052 3917 1165 3981 reapse

65 4011 93 4056 ae
111 3997 273 4088 habehant.

133 4100 282 4166 Attamen
303 4101 525 4186 llieronpmns
547 4101 699 4184 perfidiae
721 4103 859 4176 nescius,
881 4119 945 4182 que
967 4107 1093 4166 astutus
1115 4101 1165 4166 sir

70 4209 295 4269 eoretsensnm
317 4203 404 4269 illius
427 4203 555 4270 iuratus
570 4214 630 4282 est,
649 4209 752 4268 totum
773 4221 807 4266 se
828 4203 951 4266 addixit
971 4199 1162 4282 Theophilo.
