3186 4946
333 355 352 423 l

330 358 394 527 13ιί
417 464 450 527 in
470 463 734 545 praecedentibus
748 463 856 531 Tomis
875 465 1072 547 patsiactnm
1086 473 1147 546 ast,
1163 467 1241 550 jure
1262 466 1434 550 conjicien-

331 567 408 630 dum
424 567 577 644 arbitror,
591 568 729 634 innocue
747 589 788 634 se·
804 573 935 652 gessisse
949 569 1122 650 Origenem
1136 573 1169 636 tu
1182 569 1250 636 anis
1263 570 1436 636 institutio·

333 669 438 732 uibus.
460 667 535 745 Sed,
549 668 636 750 qnod
659 670 742 733 scitu
760 671 854 734 salde
875 688 935 754 par
954 679 1013 748 cst,
1030 690 1093 736 noo
1113 680 1237 738 tantnm
1258 673 1439 736 intentionis

331 787 410 832 snae
436 769 581 850 aequitas
606 769 637 831 in
667 772 733 834 suis
754 772 846 835 sario
867 790 982 851 genere
1012 773 1139 854 scriptia
1163 774 1253 838 nobis
1279 791 1441 840 commen-

331 870 432 934 danda
456 874 542 934 venit
562 890 620 952 per
634 873 706 936 illas
728 892 804 938 sane
825 881 857 936 et
871 893 966 955 saepe
980 875 1111 939 iteratas
1134 874 1190 940 Dei
1205 877 1435 952 invocationes,

331 974 378 1037 nti
398 973 610 1038 conscientiae
628 994 707 1039 snae
728 976 871 1056 integrae
894 975 1000 1040 tastis:
1033 985 1081 1040 ast
1102 984 1135 1040 et
1156 994 1349 1059 magnopere
1371 977 1439 1040 ani·
1491 977 1494 982 '
1581 985 1582 988 ’

330 1075 618 1151 madverteodum,
643 1077 747 1156 ipsum
771 1077 872 1140 veluti
894 1077 924 1138 in
943 1077 997 1158 jus
1020 1085 1191 1153 vocatum,
1223 1086 1260 1142 nt
1281 1079 1437 1142 rationem

330 1174 481 1240 redderet
499 1177 539 1241 de
559 1177 705 1242 doctrina
725 1194 798 1254 soa,
821 1194 978 1258 nusquam
998 1177 1075 1258 legi,
1097 1187 1130 1242 et
1150 1196 1259 1242 eoram
1280 1178 1436 1258 episcopis

330 1287 362 1342 et
375 1296 485 1344 coram
507 1281 575 1362 ipso
590 1279 737 1344 Romano
758 1278 911 1343 Pontifice
924 1287 957 1342 et
971 1276 1113 1342 Ecclesia
1137 1279 1325 1354 universali,
1344 1295 1438 1350 ,erro-

330 1399 383 1446 ras
401 1401 477 1447 snos
498 1392 556 1447 ant
576 1402 643 1448 essa
664 1381 858 1458 confessum,
880 1391 939 1446 ant
958 1381 1030 1444 inde
1054 1381 1248 1463 palinodiam
1270 1382 1431 1446 recitasse.

410 1483 502 1562 Quae
524 1502 575 1548 res
595 1504 614 1549 a
635 1485 732 1548 citata
760 1483 894 1565 epistola
916 1483 1043 1548 cruitur
1069 1492 1101 1547 et
1121 1485 1162 1546 ab
1184 1483 1308 1561 altera,
1341 1481 1436 1564 cujus

328 1588 520 1651 mentionem
541 1588 608 1667 agit
625 1585 771 1650 Rudinus
781 1605 793 1666 ;
816 1594 848 1650 at
862 1586 918 1651 obl
936 1587 1080 1648 eamdem
1095 1585 1330 1667 querimoniam
1345 1603 1437 1663 repe·

329 1691 367 1752 tit
385 1689 418 1752 iu
437 1706 572 1752 suornm
594 1688 754 1753 librorum
776 1687 955 1752 falsatores.
982 1685 1052 1750 lloc
1073 1697 1181 1750 antem
1203 1688 1321 1750 nedum
1343 1704 1435 1767 praa·

328 1790 401 1856 latis
420 1791 578 1869 innititur,
601 1801 757 1872 qnantum
778 1809 818 1853 ex
842 1792 940 1871 ipsius
956 1791 1050 1871 gestis
1071 1791 1219 1853 norimus
1231 1809 1242 1868 3
1265 1790 1295 1850 in
1317 1788 1435 1868 qoibns

327 1909 403 1956 eum
423 1911 441 1958 a
464 1893 552 1958 lalsis
572 1893 829 1958 accusationibus
843 1893 1027 1956 absolutum
1049 1892 1155 1954 denuo
1171 1890 1339 1972 probatur,
1356 1900 1388 1954 ct
1403 1889 1435 1953 in

327 2013 461 2059 munere
482 2013 703 2076 perseverasse
722 2013 833 2058 sacrae
847 1994 1062 2058 institutionis.
1086 1994 1134 2057 Ac
1156 1992 1269 2054 nullibi
1292 2009 1435 2072 uuquam

326 2113 344 2160 a
365 2097 540 2160 ministerio
560 2096 828 2177 praedicationis,
851 2095 998 2175 quamvis
1019 2093 1289 2158 calumniatorum
1312 2092 1432 2155 insidiis

326 2205 492 2272 vexatum,
509 2215 646 2260 cessasse
660 2197 872 2277 comperitur,
890 2196 1070 2258 testimonio
1090 2195 1300 2258 eeclesiarum
1315 2193 1436 2256 antisti·
1539 2213 1543 2222 ·

326 2306 395 2364 tum
415 2298 598 2363 auliultom.
616 2297 766 2376 Quorum
783 2300 863 2362 rotis
878 2299 992 2362 oedeus
1007 2307 1041 2360 et
1060 2299 1092 2361 io
1107 2297 1225 2362 scholis
1240 2305 1273 2360 et
1288 2297 1432 2360 fidelium

322 2408 483 2466 conventu
505 2401 632 2480 publica
654 2401 811 2477 docebat,
828 2409 890 2464 tam
913 2401 971 2464 sibi
994 2402 1154 2475 conscius,
1176 2407 1238 2462 tam
1260 2397 1429 2480 episeopis,

323 2517 463 2582 qnorum
486 2502 625 2567 odicium
648 2504 791 2580 obierat,
815 2502 895 2566 nibil
916 2509 1028 2566 contra
1048 2500 1258 2582 apostolicam
1278 2507 1311 2564 et
1331 2497 1435 2564 eccle·

322 2605 480 2668 siasticam
504 2605 706 2669 traditionem
727 2607 832 2686 ipsum
855 2611 1026 2668 ostentare.

403 2702 491 2768 Haeo
512 2706 617 2768 omnia
638 2714 750 2787 aperte
770 2714 802 2769 et
822 2706 959 2786 ingenue
979 2706 1124 2770 declarat
1144 2695 1354 2768 Adamantius
1376 2702 1434 2766 ini·

325 2808 369 2870 tio
384 2804 476 2871 Tomi
489 2804 542 2870 vl.
558 2827 589 2872 u.
601 2805 629 2874 l.
642 2807 678 2871 s'rs
691 2807 859 2884 Ioannem,
875 2809 1033 2889 inquienss
1050 2806 1141 2872 odam
1163 2807 1202 2869 ad
1217 2807 1366 2886 quintum
1383 2813 1431 2868 to-

322 2924 411 2970 mum
433 2925 549 2989 usque,
572 2911 720 2988 quamvis
740 2908 905 2974 adversari
927 2910 1017 2973 nobis
1032 2909 1199 2972 rideretur
1213 2905 1433 2972 Alexandriae

323 3010 480 3089 procella,
502 3029 586 3092 quae
608 3029 758 3076 concessa
781 3011 886 3086 incre,
914 3011 1017 3076 locuti
1031 3030 1155 3087 snmus,
1172 3010 1251 3076 Jesn
1266 3011 1431 3089 increpan-

325 3116 356 3172 te
371 3120 480 3174 reutos
495 3122 528 3173 et
541 3111 644 3174 undas
666 3113 775 3174 maris.
799 3109 851 3176 Ex
867 3114 928 3176 hoe
942 3131 1020 3176 casu
1034 3111 1210 3192 progressi,
1225 3111 1364 3175 extracti
1377 3125 1431 3172 su·

324 3229 394 3275 mus
415 3231 456 3276 ex
478 3213 647 3298 Aegypto,
677 3213 745 3278 [leo
766 3231 822 3276 nos
843 3213 1027 3287 liberante,
1059 3215 1115 3293 qui
1137 3211 1250 3275 eduxit
1271 3209 1429 3290 poputum

322 3331 418 3377 suum
440 3333 481 3378 ex
502 3331 538 3377 ea
550 3335 561 3395 3
594 3315 706 3378 deiude
726 3317 855 3380 inimico
877 3316 1032 3379 adversos
1053 3333 1110 3378 nos
1142 3312 1349 3377 acerbissime
1371 3330 1431 3392 pn-

319 3424 433 3496 guanto
447 3435 505 3497 per
524 3435 598 3481 suas
614 3435 714 3480 novas
735 3416 871 3491 litteras,
895 3434 1008 3480 revera
1027 3413 1202 3495 Evangelio
1225 3414 1379 3489 inimicas,
1396 3421 1430 3478 et

320 3536 429 3581 omues
450 3519 588 3604 Aegypti
606 3527 716 3582 ventos
730 3517 886 3582 adversos
907 3536 964 3582 nos
981 3521 1171 3592 concitante,
1193 3525 1279 3578 stara
1296 3535 1345 3579 me
1366 3534 1432 3579 ma·

320 3621 366 3700 gis
387 3620 624 3684 adhortabatur
640 3621 724 3684 ratio
738 3619 777 3682 ad
794 3629 970 3695 certamen,
991 3628 1024 3682 et
1043 3635 1176 3681 serrare
1197 3615 1431 3697 prsestantissi·

319 3738 403 3782 mam
425 3723 486 3783 mei
508 3737 656 3801 partem,
686 3739 783 3801 qnam
810 3721 995 3801 importune
1027 3717 1225 3800 conjungere
1255 3726 1430 3783 restantem

318 3819 534 3902 Scriptorum,
557 3832 729 3904 autequam
752 3824 883 3886 rationis
903 3823 1067 3886 discursus
1090 3821 1356 3902 tranquillitatem
1379 3835 1430 3884 rc-

320 3923 454 4005 ciperet3
473 3941 513 3987 oc
534 3923 617 3988 lorte
631 3924 837 4004 cogitationes
852 3941 970 4002 pravae
991 3923 1224 3986 incalescerent
1241 3923 1272 3984 in
1289 3921 1428 3984 animam

322 4042 424 4089 meam
456 4027 633 4108 procellam
665 4026 827 4088 inducere.
860 4022 947 4101 Quin
967 4024 1111 4090 absentes
1132 4026 1250 4098 etiam,
1273 4021 1430 4104 quintilli

317 4124 357 4187 de
379 4143 468 4189 more
488 4127 623 4203 adsunt,
647 4127 776 4190 veloces
796 4127 994 4205 scriptores,
1017 4143 1068 4190 me
1089 4124 1320 4206 prohibebant,
1342 4137 1428 4201 guae

316 4227 559 4306 excogitassem,
575 4228 728 4294 mandare
743 4227 871 4293 littoris.
888 4224 983 4294 Nunc
999 4245 1089 4306 raro,
1110 4224 1240 4306 quando
1253 4222 1429 4288 adversum
