<?xml version="1.0" encoding="UTF-8"?>
<!DOCTYPE html PUBLIC "-//W3C//DTD XHTML 1.0 Transitional//EN"
    "http://www.w3.org/TR/xhtml1/DTD/xhtml1-transitional.dtd">
<html xmlns="http://www.w3.org/1999/xhtml" xml:lang="en" lang="en">
 <head>
  <title>
</title>
<meta http-equiv="Content-Type" content="text/html;charset=utf-8" />
  <meta name='ocr-system' content='tesseract 3.04.00' />
  <meta name='ocr-capabilities' content='ocr_page ocr_carea ocr_par ocr_line ocrx_word'/>
</head>
<body>
  <div class='ocr_page' id='page_1' title='image "./insgregoriinyss01vincgoog/insgregoriinyss01vincgoog_0620.png"; bbox 0 0 3066 4950; ppageno 0'>
   <div class='ocr_carea' id='block_1_1' title="bbox 1104 423 1167 494">
    <p class='ocr_par' dir='ltr' id='par_1_1' title="bbox 1104 423 1167 494">
     <span class='ocr_line' id='line_1_1' title="bbox 1104 423 1167 494; baseline 0 0"><span class='ocrx_word' id='word_1_1' title='bbox 1104 423 1167 494; x_wconf 72' lang='lat' dir='ltr'><strong>em</strong></span> 
     </span>
    </p>
   </div>
   <div class='ocr_carea' id='block_1_2' title="bbox 17 517 1169 1418">
    <p class='ocr_par' dir='ltr' id='par_1_2' title="bbox 17 517 1169 809">
     <span class='ocr_line' id='line_1_2' title="bbox 17 517 1167 610; baseline 0.003 -20"><span class='ocrx_word' id='word_1_2' title='bbox 17 517 18 524; x_wconf 60' lang='lat'><em>&#39;</em></span> <span class='ocrx_word' id='word_1_3' title='bbox 75 536 132 591; x_wconf 89' lang='lat' dir='ltr'><strong>stra</strong></span> <span class='ocrx_word' id='word_1_4' title='bbox 151 531 181 591; x_wconf 91' lang='lat' dir='ltr'><strong>ct</strong></span> <span class='ocrx_word' id='word_1_5' title='bbox 193 545 251 607; x_wconf 88' lang='lat' dir='ltr'><strong>pro</strong></span> <span class='ocrx_word' id='word_1_6' title='bbox 270 527 462 592; x_wconf 83' lang='lat' dir='ltr'><strong>sacerdotali</strong></span> <span class='ocrx_word' id='word_1_7' title='bbox 484 527 590 592; x_wconf 84' lang='lat' dir='ltr'><strong>olllclc</strong></span> <span class='ocrx_word' id='word_1_8' title='bbox 611 533 643 592; x_wconf 88' lang='lat' dir='ltr'><strong>et</strong></span> <span class='ocrx_word' id='word_1_9' title='bbox 666 547 726 609; x_wconf 87' lang='lat' dir='ltr'><strong>pru</strong></span> <span class='ocrx_word' id='word_1_10' title='bbox 747 527 983 610; x_wconf 87' lang='lat' dir='ltr'><strong>multiplicibus</strong></span> <span class='ocrx_word' id='word_1_11' title='bbox 1004 530 1167 609; x_wconf 87' lang='lat' dir='ltr'><strong>praestitis</strong></span> 
     </span>
     <span class='ocr_line' id='line_1_3' title="bbox 73 629 1169 711; baseline 0 -19"><span class='ocrx_word' id='word_1_12' title='bbox 73 629 245 694; x_wconf 82' lang='lat' dir='ltr'><strong>clementiae</strong></span> <span class='ocrx_word' id='word_1_13' title='bbox 267 639 405 706; x_wconf 84' lang='lat' dir='ltr'><strong>restrae,</strong></span> <span class='ocrx_word' id='word_1_14' title='bbox 422 649 553 696; x_wconf 84' lang='lat' dir='ltr'><strong>cansam</strong></span> <span class='ocrx_word' id='word_1_15' title='bbox 576 630 649 711; x_wconf 91' lang='lat' dir='ltr'><strong>plns</strong></span> <span class='ocrx_word' id='word_1_16' title='bbox 669 630 742 694; x_wconf 88' lang='lat' dir='ltr'><strong>aliis</strong></span> <span class='ocrx_word' id='word_1_17' title='bbox 763 631 867 694; x_wconf 87' lang='lat' dir='ltr'><strong>habeo</strong></span> <span class='ocrx_word' id='word_1_18' title='bbox 888 630 1076 711; x_wconf 68' lang='lat' dir='ltr'><strong>cogitandi)</strong></span> <span class='ocrx_word' id='word_1_19' title='bbox 1093 646 1169 711; x_wconf 78' lang='lat' dir='ltr'><strong>sng-</strong></span> 
     </span>
     <span class='ocr_line' id='line_1_4' title="bbox 73 735 395 809; baseline -0.006 -17"><span class='ocrx_word' id='word_1_20' title='bbox 73 747 140 809; x_wconf 76' lang='lat' dir='ltr'><strong>pcre</strong></span> <span class='ocrx_word' id='word_1_21' title='bbox 159 749 217 793; x_wconf 90' lang='lat' dir='ltr'><strong>non</strong></span> <span class='ocrx_word' id='word_1_22' title='bbox 238 735 395 794; x_wconf 78' lang='lat' dir='ltr'><strong>omitto.»</strong></span> 
     </span>
    </p>

    <p class='ocr_par' dir='ltr' id='par_1_3' title="bbox 68 827 1169 1418">
     <span class='ocr_line' id='line_1_5' title="bbox 142 827 1168 912; baseline 0.004 -20"><span class='ocrx_word' id='word_1_23' title='bbox 142 827 293 893; x_wconf 83' lang='lat' dir='ltr'><strong>Etcnisis</strong></span> <span class='ocrx_word' id='word_1_24' title='bbox 315 833 372 895; x_wconf 87' lang='lat' dir='ltr'><strong>has</strong></span> <span class='ocrx_word' id='word_1_25' title='bbox 387 831 495 912; x_wconf 80' lang='lat' dir='ltr'><strong>vigilii</strong></span> <span class='ocrx_word' id='word_1_26' title='bbox 517 831 753 897; x_wconf 88' lang='lat' dir='ltr'><strong>testiticstiones</strong></span> <span class='ocrx_word' id='word_1_27' title='bbox 782 830 900 912; x_wconf 76' lang='lat' dir='ltr'><strong>legenti</strong></span> <span class='ocrx_word' id='word_1_28' title='bbox 922 831 1087 912; x_wconf 86' lang='lat' dir='ltr'><strong>quomodo</strong></span> <span class='ocrx_word' id='word_1_29' title='bbox 1108 849 1168 896; x_wconf 89' lang='lat' dir='ltr'><strong>un·</strong></span> 
     </span>
     <span class='ocr_line' id='line_1_6' title="bbox 72 931 1165 1012; baseline 0.005 -22"><span class='ocrx_word' id='word_1_30' title='bbox 72 945 158 1007; x_wconf 83' lang='lat' dir='ltr'><strong>qnam</strong></span> <span class='ocrx_word' id='word_1_31' title='bbox 179 931 246 994; x_wconf 84' lang='lat' dir='ltr'><strong>heri</strong></span> <span class='ocrx_word' id='word_1_32' title='bbox 274 933 368 996; x_wconf 91' lang='lat' dir='ltr'><strong>locus</strong></span> <span class='ocrx_word' id='word_1_33' title='bbox 389 934 507 1012; x_wconf 87' lang='lat' dir='ltr'><strong>poterit</strong></span> <span class='ocrx_word' id='word_1_34' title='bbox 527 932 566 996; x_wconf 92' lang='lat' dir='ltr'><strong>de</strong></span> <span class='ocrx_word' id='word_1_35' title='bbox 587 933 770 997; x_wconf 85' lang='lat' dir='ltr'><strong>orthodoxa</strong></span> <span class='ocrx_word' id='word_1_36' title='bbox 802 933 902 1012; x_wconf 88' lang='lat' dir='ltr'><strong>ipsius</strong></span> <span class='ocrx_word' id='word_1_37' title='bbox 933 932 995 996; x_wconf 86' lang='lat' dir='ltr'><strong>tidc</strong></span> <span class='ocrx_word' id='word_1_38' title='bbox 1016 931 1165 996; x_wconf 85' lang='lat' dir='ltr'><strong>dubitan-</strong></span> 
     </span>
     <span class='ocr_line' id='line_1_7' title="bbox 72 1027 1167 1113; baseline 0.007 -25"><span class='ocrx_word' id='word_1_39' title='bbox 72 1027 123 1092; x_wconf 83' lang='lat' dir='ltr'><strong>di?</strong></span> <span class='ocrx_word' id='word_1_40' title='bbox 140 1030 243 1096; x_wconf 84' lang='lat' dir='ltr'><strong>Sicubi</strong></span> <span class='ocrx_word' id='word_1_41' title='bbox 265 1033 417 1096; x_wconf 88' lang='lat' dir='ltr'><strong>nimirum</strong></span> <span class='ocrx_word' id='word_1_42' title='bbox 441 1033 725 1113; x_wconf 77' lang='lat' dir='ltr'><strong>praedecessorum</strong></span> <span class='ocrx_word' id='word_1_43' title='bbox 746 1049 882 1096; x_wconf 87' lang='lat' dir='ltr'><strong>snorum</strong></span> <span class='ocrx_word' id='word_1_44' title='bbox 900 1031 1091 1098; x_wconf 83' lang='lat' dir='ltr'><strong>Pontificum</strong></span> <span class='ocrx_word' id='word_1_45' title='bbox 1113 1052 1167 1096; x_wconf 86' lang='lat' dir='ltr'><strong>vo·</strong></span> 
     </span>
     <span class='ocr_line' id='line_1_8' title="bbox 70 1131 1167 1214; baseline 0.005 -22"><span class='ocrx_word' id='word_1_46' title='bbox 70 1131 160 1210; x_wconf 78' lang='lat' dir='ltr'><strong>stigiis</strong></span> <span class='ocrx_word' id='word_1_47' title='bbox 181 1132 359 1211; x_wconf 79' lang='lat' dir='ltr'>inhaerens,</span> <span class='ocrx_word' id='word_1_48' title='bbox 373 1136 475 1214; x_wconf 89' lang='lat' dir='ltr'><strong>inquit</strong></span> <span class='ocrx_word' id='word_1_49' title='bbox 489 1132 693 1198; x_wconf 75' lang='lat' dir='ltr'><strong>Iustiniano:</strong></span> <span class='ocrx_word' id='word_1_50' title='bbox 722 1135 808 1214; x_wconf 84' lang='lat' dir='ltr'><strong>qnod</strong></span> <span class='ocrx_word' id='word_1_51' title='bbox 826 1151 882 1198; x_wconf 76' lang='lat' dir='ltr'><strong>sees</strong></span> <span class='ocrx_word' id='word_1_52' title='bbox 902 1133 1034 1197; x_wconf 82' lang='lat' dir='ltr'><strong>summis</strong></span> <span class='ocrx_word' id='word_1_53' title='bbox 1048 1132 1167 1198; x_wconf 80' lang='lat' dir='ltr'><strong>viribus</strong></span> 
     </span>
     <span class='ocr_line' id='line_1_9' title="bbox 70 1230 1168 1316; baseline 0.008 -23"><span class='ocrx_word' id='word_1_54' title='bbox 70 1230 157 1310; x_wconf 79' lang='lat' dir='ltr'><strong>sequi,</strong></span> <span class='ocrx_word' id='word_1_55' title='bbox 178 1253 354 1315; x_wconf 77' lang='lat' dir='ltr'><strong>summopere</strong></span> <span class='ocrx_word' id='word_1_56' title='bbox 385 1234 512 1300; x_wconf 76' lang='lat' dir='ltr'><strong>adnixis</strong></span> <span class='ocrx_word' id='word_1_57' title='bbox 541 1237 701 1316; x_wconf 70' lang='lat' dir='ltr'><strong>defendere</strong></span> <span class='ocrx_word' id='word_1_58' title='bbox 717 1235 847 1316; x_wconf 87' lang='lat' dir='ltr'><strong>pietatis</strong></span> <span class='ocrx_word' id='word_1_59' title='bbox 866 1245 984 1300; x_wconf 82' lang='lat' dir='ltr'><strong>cestrae</strong></span> <span class='ocrx_word' id='word_1_60' title='bbox 1005 1237 1168 1302; x_wconf 79' lang='lat' dir='ltr'><strong>clementia</strong></span> 
     </span>
     <span class='ocr_line' id='line_1_10' title="bbox 68 1330 1169 1418; baseline 0.007 -22"><span class='ocrx_word' id='word_1_61' title='bbox 68 1330 307 1398; x_wconf 81' lang='lat' dir='ltr'><strong>s&#39;sdnbitnbititcr</strong></span> <span class='ocrx_word' id='word_1_62' title='bbox 318 1347 486 1417; x_wconf 81' lang='lat' dir='ltr'><strong>opscscnt.</strong></span> <span class='ocrx_word' id='word_1_63' title='bbox 502 1337 543 1401; x_wconf 86' lang='lat' dir='ltr'><strong>Et</strong></span> <span class='ocrx_word' id='word_1_64' title='bbox 555 1339 733 1418; x_wconf 86' lang='lat' dir='ltr'><strong>quomodo,</strong></span> <span class='ocrx_word' id='word_1_65' title='bbox 751 1338 890 1418; x_wconf 85' lang='lat' dir='ltr'><strong>acceptis</strong></span> <span class='ocrx_word' id='word_1_66' title='bbox 906 1338 1093 1404; x_wconf 72' lang='lat' dir='ltr'><strong>testimoniis</strong></span> <span class='ocrx_word' id='word_1_67' title='bbox 1109 1335 1169 1404; x_wconf 84' lang='lat' dir='ltr'><strong>nn·</strong></span> 
     </span>
    </p>
   </div>
   <div class='ocr_carea' id='block_1_3' title="bbox 69 1437 1292 1520">
    <p class='ocr_par' dir='ltr' id='par_1_4' title="bbox 69 1437 1292 1520">
     <span class='ocr_line' id='line_1_11' title="bbox 69 1437 1292 1520; baseline 0.007 -23"><span class='ocrx_word' id='word_1_68' title='bbox 69 1453 121 1514; x_wconf 91' lang='lat' dir='ltr'><strong>per</strong></span> <span class='ocrx_word' id='word_1_69' title='bbox 139 1439 239 1501; x_wconf 85' lang='lat' dir='ltr'><strong>citatis</strong></span> <span class='ocrx_word' id='word_1_70' title='bbox 262 1439 637 1520; x_wconf 56' lang='lat' dir='ltr'><strong>contentionumque</strong></span> <span class='ocrx_word' id='word_1_71' title='bbox 659 1440 779 1514; x_wconf 85' lang='lat' dir='ltr'><strong>animo,</strong></span> <span class='ocrx_word' id='word_1_72' title='bbox 801 1439 886 1514; x_wconf 89' lang='lat' dir='ltr'><strong>dico,</strong></span> <span class='ocrx_word' id='word_1_73' title='bbox 910 1437 1166 1505; x_wconf 83' lang='lat' dir='ltr'><strong>islnstinienum</strong></span> <span class='ocrx_word' id='word_1_74' title='bbox 1288 1483 1292 1490; x_wconf 91' lang='lat'>-</span> 
     </span>
    </p>
   </div>
   <div class='ocr_carea' id='block_1_4' title="bbox 55 1535 1171 4358">
    <p class='ocr_par' dir='ltr' id='par_1_5' title="bbox 65 1535 1171 2332">
     <span class='ocr_line' id='line_1_12' title="bbox 69 1535 1171 1621; baseline 0.007 -27"><span class='ocrx_word' id='word_1_75' title='bbox 69 1535 228 1600; x_wconf 73' lang='lat' dir='ltr'><strong>certiorem</strong></span> <span class='ocrx_word' id='word_1_76' title='bbox 247 1537 372 1615; x_wconf 90' lang='lat' dir='ltr'><strong>lecerit,</strong></span> <span class='ocrx_word' id='word_1_77' title='bbox 389 1539 514 1603; x_wconf 84' lang='lat' dir='ltr'><strong>dicens:</strong></span> <span class='ocrx_word' id='word_1_78' title='bbox 527 1542 714 1621; x_wconf 81' lang='lat' dir='ltr'><strong>perpendere</strong></span> <span class='ocrx_word' id='word_1_79' title='bbox 728 1549 832 1602; x_wconf 83' lang='lat' dir='ltr'><strong>temes</strong></span> <span class='ocrx_word' id='word_1_80' title='bbox 845 1539 927 1602; x_wconf 84' lang='lat' dir='ltr'><strong>debet</strong></span> <span class='ocrx_word' id='word_1_81' title='bbox 942 1549 1062 1602; x_wconf 75' lang='lat' dir='ltr'><strong>smirne</strong></span> <span class='ocrx_word' id='word_1_82' title='bbox 1069 1537 1171 1619; x_wconf 84' lang='lat' dir='ltr'><strong>ps&#39;etc·</strong></span> 
     </span>
     <span class='ocr_line' id='line_1_13' title="bbox 70 1633 1169 1722; baseline 0.006 -26"><span class='ocrx_word' id='word_1_83' title='bbox 70 1633 106 1698; x_wconf 87' lang='lat' dir='ltr'><strong>tis</strong></span> <span class='ocrx_word' id='word_1_84' title='bbox 128 1639 296 1717; x_wconf 78' lang='lat' dir='ltr'><strong>prudentio</strong></span> <span class='ocrx_word' id='word_1_85' title='bbox 315 1639 522 1715; x_wconf 78' lang='lat' dir='ltr'><strong>admiranda,</strong></span> <span class='ocrx_word' id='word_1_86' title='bbox 545 1641 622 1721; x_wconf 79' lang='lat' dir='ltr'><strong>puin</strong></span> <span class='ocrx_word' id='word_1_87' title='bbox 641 1661 706 1706; x_wconf 78' lang='lat' dir='ltr'><strong>uos</strong></span> <span class='ocrx_word' id='word_1_88' title='bbox 736 1640 830 1722; x_wconf 80' lang='lat' dir='ltr'><strong>dipssi</strong></span> <span class='ocrx_word' id='word_1_89' title='bbox 858 1651 1023 1706; x_wconf 80' lang='lat' dir='ltr'><strong>cessentur</strong></span> <span class='ocrx_word' id='word_1_90' title='bbox 1041 1639 1169 1706; x_wconf 80' lang='lat' dir='ltr'><strong>satisti-</strong></span> 
     </span>
     <span class='ocr_line' id='line_1_14' title="bbox 68 1739 1170 1826; baseline 0.007 -26"><span class='ocrx_word' id='word_1_91' title='bbox 68 1747 118 1810; x_wconf 87' lang='lat' dir='ltr'><strong>tss‚</strong></span> <span class='ocrx_word' id='word_1_92' title='bbox 131 1739 184 1820; x_wconf 81' lang='lat' dir='ltr'><strong>psci</strong></span> <span class='ocrx_word' id='word_1_93' title='bbox 201 1743 420 1822; x_wconf 75' lang='lat' dir='ltr'><strong>praefatorum</strong></span> <span class='ocrx_word' id='word_1_94' title='bbox 432 1743 613 1823; x_wconf 77' lang='lat' dir='ltr'><strong>praesertum</strong></span> <span class='ocrx_word' id='word_1_95' title='bbox 627 1742 717 1808; x_wconf 88' lang='lat' dir='ltr'><strong>Sedis</strong></span> <span class='ocrx_word' id='word_1_96' title='bbox 731 1745 927 1826; x_wconf 76' lang='lat' dir='ltr'><strong>Apostolicne</strong></span> <span class='ocrx_word' id='word_1_97' title='bbox 945 1742 1170 1810; x_wconf 78' lang='lat' dir='ltr'><strong>inuiolabiliter</strong></span> 
     </span>
     <span class='ocr_line' id='line_1_15' title="bbox 66 1838 1169 1927; baseline 0.01 -28"><span class='ocrx_word' id='word_1_98' title='bbox 66 1838 182 1904; x_wconf 83' lang='lat' dir='ltr'><strong>minime</strong></span> <span class='ocrx_word' id='word_1_99' title='bbox 200 1842 373 1907; x_wconf 78' lang='lat' dir='ltr'><strong>constituta</strong></span> <span class='ocrx_word' id='word_1_100' title='bbox 393 1840 622 1910; x_wconf 68' lang='lat' dir='ltr'><strong>revenerint?</strong></span> <span class='ocrx_word' id='word_1_101' title='bbox 643 1844 737 1922; x_wconf 85' lang='lat' dir='ltr'><strong>Quas</strong></span> <span class='ocrx_word' id='word_1_102' title='bbox 758 1846 889 1927; x_wconf 87' lang='lat' dir='ltr'><strong>quidem</strong></span> <span class='ocrx_word' id='word_1_103' title='bbox 918 1848 1093 1911; x_wconf 87' lang='lat' dir='ltr'><strong>constituta</strong></span> <span class='ocrx_word' id='word_1_104' title='bbox 1114 1846 1169 1910; x_wconf 85' lang='lat' dir='ltr'><strong>da·</strong></span> 
     </span>
     <span class='ocr_line' id='line_1_16' title="bbox 66 1945 1167 2029; baseline 0.008 -26"><span class='ocrx_word' id='word_1_105' title='bbox 66 1945 223 2008; x_wconf 83' lang='lat' dir='ltr'><strong>montionis</strong></span> <span class='ocrx_word' id='word_1_106' title='bbox 243 1948 373 2010; x_wconf 85' lang='lat' dir='ltr'><strong>decreta</strong></span> <span class='ocrx_word' id='word_1_107' title='bbox 396 1947 647 2027; x_wconf 75' lang='lat' dir='ltr'><strong>designabant‚s</strong></span> <span class='ocrx_word' id='word_1_108' title='bbox 666 1947 752 2029; x_wconf 85' lang='lat' dir='ltr'><strong>Papa</strong></span> <span class='ocrx_word' id='word_1_109' title='bbox 775 1945 945 2012; x_wconf 85' lang='lat' dir='ltr'><strong>Hormisde</strong></span> <span class='ocrx_word' id='word_1_110' title='bbox 968 1955 1001 2013; x_wconf 90' lang='lat' dir='ltr'><strong>et</strong></span> <span class='ocrx_word' id='word_1_111' title='bbox 1021 1947 1167 2029; x_wconf 71' lang='lat' dir='ltr'><strong>Agapeto</strong></span> 
     </span>
     <span class='ocr_line' id='line_1_17' title="bbox 65 2043 1168 2135; baseline 0.007 -31"><span class='ocrx_word' id='word_1_112' title='bbox 65 2043 234 2127; x_wconf 81' lang='lat' dir='ltr'><strong>subscripta</strong></span> <span class='ocrx_word' id='word_1_113' title='bbox 258 2049 414 2112; x_wconf 85' lang='lat' dir='ltr'><strong>adversus</strong></span> <span class='ocrx_word' id='word_1_114' title='bbox 436 2047 578 2113; x_wconf 83' lang='lat' dir='ltr'><strong>Nestorii</strong></span> <span class='ocrx_word' id='word_1_115' title='bbox 602 2058 635 2113; x_wconf 90' lang='lat' dir='ltr'><strong>et</strong></span> <span class='ocrx_word' id='word_1_116' title='bbox 659 2047 816 2135; x_wconf 81' lang='lat' dir='ltr'><strong>Eutychis</strong></span> <span class='ocrx_word' id='word_1_117' title='bbox 837 2058 870 2114; x_wconf 87' lang='lat' dir='ltr'><strong>et</strong></span> <span class='ocrx_word' id='word_1_118' title='bbox 889 2051 1033 2114; x_wconf 88' lang='lat' dir='ltr'><strong>omnium</strong></span> <span class='ocrx_word' id='word_1_119' title='bbox 1057 2051 1168 2130; x_wconf 89' lang='lat' dir='ltr'><strong>impie·</strong></span> 
     </span>
     <span class='ocr_line' id='line_1_18' title="bbox 66 2149 1166 2231; baseline 0.007 -26"><span class='ocrx_word' id='word_1_120' title='bbox 66 2151 230 2228; x_wconf 51' lang='lat' dir='ltr'><strong>tatequni</strong></span> <span class='ocrx_word' id='word_1_121' title='bbox 261 2149 447 2214; x_wconf 74' lang='lat' dir='ltr'><strong>haeresibus</strong></span> <span class='ocrx_word' id='word_1_122' title='bbox 469 2152 543 2214; x_wconf 85' lang='lat' dir='ltr'><strong>illis.</strong></span> <span class='ocrx_word' id='word_1_123' title='bbox 564 2151 844 2217; x_wconf 87' lang='lat' dir='ltr'><strong>communicabunt</strong></span> <span class='ocrx_word' id='word_1_124' title='bbox 852 2171 864 2230; x_wconf 83' lang='lat'>3</span> <span class='ocrx_word' id='word_1_125' title='bbox 895 2151 1066 2231; x_wconf 85' lang='lat' dir='ltr'><strong>inquibus</strong></span> <span class='ocrx_word' id='word_1_126' title='bbox 1089 2159 1166 2215; x_wconf 89' lang='lat' dir='ltr'><strong>tnnc</strong></span> 
     </span>
     <span class='ocr_line' id='line_1_19' title="bbox 66 2247 1095 2332; baseline 0.008 -24"><span class='ocrx_word' id='word_1_127' title='bbox 66 2247 151 2312; x_wconf 84' lang='lat' dir='ltr'><strong>valde</strong></span> <span class='ocrx_word' id='word_1_128' title='bbox 171 2251 355 2314; x_wconf 77' lang='lat' dir='ltr'><strong>eminebant</strong></span> <span class='ocrx_word' id='word_1_129' title='bbox 374 2253 520 2331; x_wconf 79' lang='lat' dir='ltr'><strong>acephali</strong></span> <span class='ocrx_word' id='word_1_130' title='bbox 541 2259 709 2318; x_wconf 87' lang='lat' dir='ltr'><strong>eteorum</strong></span> <span class='ocrx_word' id='word_1_131' title='bbox 735 2261 890 2332; x_wconf 82' lang='lat' dir='ltr'><strong>petronus</strong></span> <span class='ocrx_word' id='word_1_132' title='bbox 911 2253 1095 2317; x_wconf 76' lang='lat' dir='ltr'><strong>Anthimns.</strong></span> 
     </span>
    </p>

    <p class='ocr_par' dir='ltr' id='par_1_6' title="bbox 55 2349 1170 4358">
     <span class='ocr_line' id='line_1_20' title="bbox 137 2349 1170 2435; baseline 0.002 -21"><span class='ocrx_word' id='word_1_133' title='bbox 137 2349 177 2414; x_wconf 86' lang='lat' dir='ltr'><strong>Et</strong></span> <span class='ocrx_word' id='word_1_134' title='bbox 192 2369 259 2432; x_wconf 87' lang='lat' dir='ltr'><strong>qna</strong></span> <span class='ocrx_word' id='word_1_135' title='bbox 281 2354 406 2416; x_wconf 87' lang='lat' dir='ltr'><strong>ratione</strong></span> <span class='ocrx_word' id='word_1_136' title='bbox 422 2353 535 2434; x_wconf 86' lang='lat' dir='ltr'><strong>deinde</strong></span> <span class='ocrx_word' id='word_1_137' title='bbox 554 2353 695 2418; x_wconf 87' lang='lat' dir='ltr'><strong>subdens</strong></span> <span class='ocrx_word' id='word_1_138' title='bbox 707 2355 891 2435; x_wconf 78' lang='lat' dir='ltr'><strong>scripserit:</strong></span> <span class='ocrx_word' id='word_1_139' title='bbox 908 2351 943 2416; x_wconf 79' lang='lat' dir='ltr'><strong>ts</strong></span> <span class='ocrx_word' id='word_1_140' title='bbox 964 2354 1054 2416; x_wconf 76' lang='lat' dir='ltr'><strong>mello</strong></span> <span class='ocrx_word' id='word_1_141' title='bbox 1072 2373 1093 2416; x_wconf 86' lang='lat' dir='ltr'><strong>e</strong></span> <span class='ocrx_word' id='word_1_142' title='bbox 1112 2371 1170 2417; x_wconf 83' lang='lat' dir='ltr'><strong>ssc-</strong></span> 
     </span>
     <span class='ocr_line' id='line_1_21' title="bbox 64 2447 1168 2537; baseline 0.005 -26"><span class='ocrx_word' id='word_1_143' title='bbox 64 2447 105 2512; x_wconf 87' lang='lat' dir='ltr'><strong>bis</strong></span> <span class='ocrx_word' id='word_1_144' title='bbox 122 2451 251 2532; x_wconf 82' lang='lat' dir='ltr'><strong>quidem</strong></span> <span class='ocrx_word' id='word_1_145' title='bbox 269 2455 392 2518; x_wconf 86' lang='lat' dir='ltr'><strong>moleste</strong></span> <span class='ocrx_word' id='word_1_146' title='bbox 410 2453 587 2534; x_wconf 79' lang='lat' dir='ltr'><strong>susscipitur</strong></span> <span class='ocrx_word' id='word_1_147' title='bbox 605 2477 627 2518; x_wconf 90' lang='lat' dir='ltr'><strong>n</strong></span> <span class='ocrx_word' id='word_1_148' title='bbox 643 2455 804 2536; x_wconf 84' lang='lat' dir='ltr'><strong>praedicto</strong></span> <span class='ocrx_word' id='word_1_149' title='bbox 822 2458 924 2537; x_wconf 77' lang='lat' dir='ltr'><strong>fratre</strong></span> <span class='ocrx_word' id='word_1_150' title='bbox 943 2467 1052 2520; x_wconf 82' lang='lat' dir='ltr'><strong>nostre</strong></span> <span class='ocrx_word' id='word_1_151' title='bbox 1067 2453 1168 2534; x_wconf 80' lang='lat' dir='ltr'><strong>(Mess-</strong></span> 
     </span>
     <span class='ocr_line' id='line_1_22' title="bbox 63 2555 1169 2645; baseline 0.005 -31"><span class='ocrx_word' id='word_1_152' title='bbox 63 2555 136 2631; x_wconf 75' lang='lat' dir='ltr'><strong>aa),</strong></span> <span class='ocrx_word' id='word_1_153' title='bbox 156 2557 204 2618; x_wconf 84' lang='lat' dir='ltr'><strong>vel</strong></span> <span class='ocrx_word' id='word_1_154' title='bbox 223 2577 247 2620; x_wconf 87' lang='lat' dir='ltr'><strong>n</strong></span> <span class='ocrx_word' id='word_1_155' title='bbox 266 2556 402 2645; x_wconf 77' lang='lat' dir='ltr'><strong>quolibet</strong></span> <span class='ocrx_word' id='word_1_156' title='bbox 421 2555 486 2620; x_wconf 83' lang='lat' dir='ltr'><strong>ctio</strong></span> <span class='ocrx_word' id='word_1_157' title='bbox 506 2557 541 2620; x_wconf 80' lang='lat' dir='ltr'><strong>iss</strong></span> <span class='ocrx_word' id='word_1_158' title='bbox 563 2557 733 2623; x_wconf 80' lang='lat' dir='ltr'><strong>haereticos</strong></span> <span class='ocrx_word' id='word_1_159' title='bbox 753 2560 841 2622; x_wconf 84' lang='lat' dir='ltr'><strong>dicto</strong></span> <span class='ocrx_word' id='word_1_160' title='bbox 860 2557 1046 2622; x_wconf 79' lang='lat' dir='ltr'><strong>damnatio:</strong></span> <span class='ocrx_word' id='word_1_161' title='bbox 1068 2559 1122 2620; x_wconf 90' lang='lat' dir='ltr'><strong>sed</strong></span> <span class='ocrx_word' id='word_1_162' title='bbox 1141 2566 1169 2620; x_wconf 88' lang='lat' dir='ltr'><strong>et</strong></span> 
     </span>
     <span class='ocr_line' id='line_1_23' title="bbox 63 2647 1168 2740; baseline 0.006 -25"><span class='ocrx_word' id='word_1_163' title='bbox 63 2651 182 2718; x_wconf 83' lang='lat' dir='ltr'><strong>libenter</strong></span> <span class='ocrx_word' id='word_1_164' title='bbox 203 2659 427 2737; x_wconf 79' lang='lat' dir='ltr'><strong>amplectimur¹</strong></span> <span class='ocrx_word' id='word_1_165' title='bbox 437 2677 453 2732; x_wconf 84' lang='lat'><strong>,·</strong></span> <span class='ocrx_word' id='word_1_166' title='bbox 473 2669 501 2721; x_wconf 87' lang='lat' dir='ltr'><strong>el</strong></span> <span class='ocrx_word' id='word_1_167' title='bbox 513 2657 600 2722; x_wconf 85' lang='lat' dir='ltr'><strong>Sedis</strong></span> <span class='ocrx_word' id='word_1_168' title='bbox 621 2658 817 2740; x_wconf 83' lang='lat' dir='ltr'><strong>Apostolicae</strong></span> <span class='ocrx_word' id='word_1_169' title='bbox 837 2658 1025 2725; x_wconf 81' lang='lat' dir='ltr'><strong>anctoritate</strong></span> <span class='ocrx_word' id='word_1_170' title='bbox 1045 2647 1168 2738; x_wconf 69' lang='lat' dir='ltr'><strong>firma·-</strong></span> 
     </span>
     <span class='ocr_line' id='line_1_24' title="bbox 61 2758 1169 2841; baseline 0.005 -23"><span class='ocrx_word' id='word_1_171' title='bbox 61 2773 136 2830; x_wconf 83' lang='lat' dir='ltr'><strong>mtss‚</strong></span> <span class='ocrx_word' id='word_1_172' title='bbox 160 2758 326 2838; x_wconf 76' lang='lat' dir='ltr'><strong>complices</strong></span> <span class='ocrx_word' id='word_1_173' title='bbox 353 2760 576 2824; x_wconf 81' lang='lat' dir='ltr'><strong>damnatorum</strong></span> <span class='ocrx_word' id='word_1_174' title='bbox 597 2760 699 2825; x_wconf 77' lang='lat' dir='ltr'><strong>simili</strong></span> <span class='ocrx_word' id='word_1_175' title='bbox 726 2759 934 2827; x_wconf 80' lang='lat' dir='ltr'><strong>anathematis</strong></span> <span class='ocrx_word' id='word_1_176' title='bbox 965 2760 1085 2825; x_wconf 79' lang='lat' dir='ltr'><strong>stitione</strong></span> <span class='ocrx_word' id='word_1_177' title='bbox 1102 2763 1169 2841; x_wconf 85' lang='lat' dir='ltr'><strong>ple·</strong></span> 
     </span>
     <span class='ocr_line' id='line_1_25' title="bbox 63 2854 1169 2943; baseline 0.005 -27"><span class='ocrx_word' id='word_1_178' title='bbox 63 2854 197 2923; x_wconf 77' lang='lat' dir='ltr'><strong>etentes?</strong></span> <span class='ocrx_word' id='word_1_179' title='bbox 217 2858 262 2922; x_wconf 89' lang='lat' dir='ltr'><strong>Et</strong></span> <span class='ocrx_word' id='word_1_180' title='bbox 283 2859 374 2939; x_wconf 86' lang='lat' dir='ltr'><strong>quali</strong></span> <span class='ocrx_word' id='word_1_181' title='bbox 389 2859 529 2940; x_wconf 88' lang='lat' dir='ltr'><strong>deniqne</strong></span> <span class='ocrx_word' id='word_1_182' title='bbox 548 2879 631 2924; x_wconf 89' lang='lat' dir='ltr'><strong>snsu</strong></span> <span class='ocrx_word' id='word_1_183' title='bbox 649 2859 784 2942; x_wconf 73' lang='lat' dir='ltr'><strong>vigilius</strong></span> <span class='ocrx_word' id='word_1_184' title='bbox 804 2862 843 2924; x_wconf 90' lang='lat' dir='ltr'><strong>sd</strong></span> <span class='ocrx_word' id='word_1_185' title='bbox 867 2862 1099 2943; x_wconf 71' lang='lat' dir='ltr'><strong>imperatorem</strong></span> <span class='ocrx_word' id='word_1_186' title='bbox 1121 2862 1169 2923; x_wconf 89' lang='lat' dir='ltr'><strong>sl·</strong></span> 
     </span>
     <span class='ocr_line' id='line_1_26' title="bbox 61 2955 1169 3042; baseline 0.005 -24"><span class='ocrx_word' id='word_1_187' title='bbox 61 2955 198 3036; x_wconf 87' lang='lat' dir='ltr'><strong>locutus,</strong></span> <span class='ocrx_word' id='word_1_188' title='bbox 225 2963 405 3025; x_wconf 89' lang='lat' dir='ltr'><strong>obtestatus</strong></span> <span class='ocrx_word' id='word_1_189' title='bbox 426 2969 495 3026; x_wconf 79' lang='lat' dir='ltr'><strong>ests</strong></span> <span class='ocrx_word' id='word_1_190' title='bbox 514 2960 669 3026; x_wconf 80' lang='lat' dir='ltr'><strong>rationem</strong></span> <span class='ocrx_word' id='word_1_191' title='bbox 690 2961 739 3026; x_wconf 83' lang='lat' dir='ltr'><strong>isis</strong></span> <span class='ocrx_word' id='word_1_192' title='bbox 760 2961 861 3042; x_wconf 75' lang='lat' dir='ltr'><strong>ipisus</strong></span> <span class='ocrx_word' id='word_1_193' title='bbox 884 2965 999 3042; x_wconf 72' lang='lat' dir='ltr'><strong>(prout</strong></span> <span class='ocrx_word' id='word_1_194' title='bbox 1020 2959 1169 3025; x_wconf 81' lang='lat' dir='ltr'><strong>christia·</strong></span> 
     </span>
     <span class='ocr_line' id='line_1_27' title="bbox 59 3058 1168 3142; baseline 0.005 -21"><span class='ocrx_word' id='word_1_195' title='bbox 59 3058 166 3124; x_wconf 81' lang='lat' dir='ltr'><strong>citatis</strong></span> <span class='ocrx_word' id='word_1_196' title='bbox 178 3061 299 3124; x_wconf 83' lang='lat' dir='ltr'><strong>vestrae</strong></span> <span class='ocrx_word' id='word_1_197' title='bbox 313 3060 461 3124; x_wconf 79' lang='lat' dir='ltr'><strong>meritum</strong></span> <span class='ocrx_word' id='word_1_198' title='bbox 478 3061 669 3141; x_wconf 82' lang='lat' dir='ltr'><strong>postulabat)</strong></span> <span class='ocrx_word' id='word_1_199' title='bbox 684 3061 720 3124; x_wconf 85' lang='lat' dir='ltr'><strong>in</strong></span> <span class='ocrx_word' id='word_1_200' title='bbox 741 3073 896 3142; x_wconf 80' lang='lat' dir='ltr'><strong>punctum</strong></span> <span class='ocrx_word' id='word_1_201' title='bbox 908 3063 1083 3140; x_wconf 64' lang='lat' dir='ltr'><strong>&#39;saluimum</strong></span> <span class='ocrx_word' id='word_1_202' title='bbox 1098 3063 1168 3126; x_wconf 83' lang='lat' dir='ltr'><strong>red·</strong></span> 
     </span>
     <span class='ocr_line' id='line_1_28' title="bbox 61 3160 1169 3248; baseline 0.002 -26"><span class='ocrx_word' id='word_1_203' title='bbox 61 3160 170 3226; x_wconf 76' lang='lat' dir='ltr'><strong>didisse</strong></span> <span class='ocrx_word' id='word_1_204' title='bbox 182 3162 340 3244; x_wconf 57' lang='lat' dir='ltr'><strong>sufficiam·</strong></span> <span class='ocrx_word' id='word_1_205' title='bbox 354 3161 499 3243; x_wconf 78' lang='lat' dir='ltr'><strong>quamvis</strong></span> <span class='ocrx_word' id='word_1_206' title='bbox 513 3181 570 3248; x_wconf 78' lang='lat' dir='ltr'><strong>nos</strong></span> <span class='ocrx_word' id='word_1_207' title='bbox 584 3161 668 3224; x_wconf 79' lang='lat' dir='ltr'><strong>nihil</strong></span> <span class='ocrx_word' id='word_1_208' title='bbox 682 3171 793 3224; x_wconf 81' lang='lat' dir='ltr'><strong>contra</strong></span> <span class='ocrx_word' id='word_1_209' title='bbox 813 3163 999 3242; x_wconf 71' lang='lat' dir='ltr'><strong>synodalis,</strong></span> <span class='ocrx_word' id='word_1_210' title='bbox 1010 3164 1060 3224; x_wconf 85' lang='lat' dir='ltr'><strong>vel</strong></span> <span class='ocrx_word' id='word_1_211' title='bbox 1078 3182 1169 3242; x_wconf 85' lang='lat' dir='ltr'><strong>prce·</strong></span> 
     </span>
     <span class='ocr_line' id='line_1_29' title="bbox 60 3261 1166 3344; baseline 0.003 -21"><span class='ocrx_word' id='word_1_212' title='bbox 60 3261 250 3329; x_wconf 80' lang='lat' dir='ltr'><strong>decessorum</strong></span> <span class='ocrx_word' id='word_1_213' title='bbox 270 3274 451 3332; x_wconf 81' lang='lat' dir='ltr'><strong>nestrorum</strong></span> <span class='ocrx_word' id='word_1_214' title='bbox 462 3265 648 3344; x_wconf 78' lang='lat' dir='ltr'><strong>praesulum</strong></span> <span class='ocrx_word' id='word_1_215' title='bbox 669 3261 756 3328; x_wconf 81' lang='lat' dir='ltr'><strong>Sectis</strong></span> <span class='ocrx_word' id='word_1_216' title='bbox 771 3263 966 3344; x_wconf 77' lang='lat' dir='ltr'><strong>Apostolicne</strong></span> <span class='ocrx_word' id='word_1_217' title='bbox 979 3265 1166 3338; x_wconf 79' lang='lat' dir='ltr'><strong>constituta,</strong></span> 
     </span>
     <span class='ocr_line' id='line_1_30' title="bbox 59 3364 1168 3446; baseline 0.005 -22"><span class='ocrx_word' id='word_1_218' title='bbox 59 3373 111 3426; x_wconf 82' lang='lat' dir='ltr'><strong>out</strong></span> <span class='ocrx_word' id='word_1_219' title='bbox 129 3364 320 3430; x_wconf 82' lang='lat' dir='ltr'><strong>commisisse</strong></span> <span class='ocrx_word' id='word_1_220' title='bbox 332 3364 469 3446; x_wconf 80' lang='lat' dir='ltr'><strong>aliquid.</strong></span> <span class='ocrx_word' id='word_1_221' title='bbox 484 3376 541 3429; x_wconf 84' lang='lat' dir='ltr'><strong>ont</strong></span> <span class='ocrx_word' id='word_1_222' title='bbox 554 3376 699 3438; x_wconf 83' lang='lat' dir='ltr'><strong>tentasse,</strong></span> <span class='ocrx_word' id='word_1_223' title='bbox 722 3365 891 3446; x_wconf 83' lang='lat' dir='ltr'><strong>qnisquam</strong></span> <span class='ocrx_word' id='word_1_224' title='bbox 904 3364 973 3430; x_wconf 87' lang='lat' dir='ltr'><strong>licet</strong></span> <span class='ocrx_word' id='word_1_225' title='bbox 993 3375 1117 3428; x_wconf 78' lang='lat' dir='ltr'><strong>astatus</strong></span> <span class='ocrx_word' id='word_1_226' title='bbox 1139 3375 1168 3430; x_wconf 89' lang='lat' dir='ltr'><strong>et</strong></span> 
     </span>
     <span class='ocr_line' id='line_1_31' title="bbox 58 3462 1170 3548; baseline 0.001 -21"><span class='ocrx_word' id='word_1_227' title='bbox 58 3465 178 3528; x_wconf 80' lang='lat' dir='ltr'><strong>subtilis</strong></span> <span class='ocrx_word' id='word_1_228' title='bbox 200 3462 369 3531; x_wconf 75' lang='lat' dir='ltr'><strong>inveniet?</strong></span> <span class='ocrx_word' id='word_1_229' title='bbox 383 3465 615 3548; x_wconf 81' lang='lat' dir='ltr'><strong>Huiuscemodi</strong></span> <span class='ocrx_word' id='word_1_230' title='bbox 630 3467 738 3548; x_wconf 73' lang='lat' dir='ltr'><strong>vigilii</strong></span> <span class='ocrx_word' id='word_1_231' title='bbox 755 3467 934 3532; x_wconf 87' lang='lat' dir='ltr'><strong>testilicatio</strong></span> <span class='ocrx_word' id='word_1_232' title='bbox 955 3485 1081 3530; x_wconf 91' lang='lat' dir='ltr'><strong>omnem</strong></span> <span class='ocrx_word' id='word_1_233' title='bbox 1102 3466 1170 3529; x_wconf 83' lang='lat' dir='ltr'><strong>atli-</strong></span> 
     </span>
     <span class='ocr_line' id='line_1_32' title="bbox 58 3569 1169 3650; baseline 0.002 -22"><span class='ocrx_word' id='word_1_234' title='bbox 58 3569 112 3629; x_wconf 88' lang='lat' dir='ltr'><strong>mit</strong></span> <span class='ocrx_word' id='word_1_235' title='bbox 125 3587 144 3630; x_wconf 88' lang='lat' dir='ltr'><strong>a</strong></span> <span class='ocrx_word' id='word_1_236' title='bbox 159 3573 227 3635; x_wconf 89' lang='lat' dir='ltr'><strong>suis</strong></span> <span class='ocrx_word' id='word_1_237' title='bbox 243 3569 435 3633; x_wconf 84' lang='lat' dir='ltr'><strong>adversariis</strong></span> <span class='ocrx_word' id='word_1_238' title='bbox 450 3576 667 3650; x_wconf 79' lang='lat' dir='ltr'><strong>praetentum,</strong></span> <span class='ocrx_word' id='word_1_239' title='bbox 681 3571 784 3650; x_wconf 90' lang='lat' dir='ltr'><strong>ipsnm</strong></span> <span class='ocrx_word' id='word_1_240' title='bbox 800 3570 916 3650; x_wconf 82' lang='lat' dir='ltr'><strong>quovis</strong></span> <span class='ocrx_word' id='word_1_241' title='bbox 931 3569 1074 3633; x_wconf 90' lang='lat' dir='ltr'><strong>modoet</strong></span> <span class='ocrx_word' id='word_1_242' title='bbox 1090 3576 1169 3631; x_wconf 93' lang='lat' dir='ltr'><strong>tem·</strong></span> 
     </span>
     <span class='ocr_line' id='line_1_33' title="bbox 58 3669 1169 3746; baseline -0.001 -16"><span class='ocrx_word' id='word_1_243' title='bbox 58 3685 134 3746; x_wconf 88' lang='lat' dir='ltr'><strong>pore</strong></span> <span class='ocrx_word' id='word_1_244' title='bbox 154 3670 375 3746; x_wconf 85' lang='lat' dir='ltr'><strong>insimulandi,</strong></span> <span class='ocrx_word' id='word_1_245' title='bbox 390 3679 449 3733; x_wconf 86' lang='lat' dir='ltr'><strong>ant</strong></span> <span class='ocrx_word' id='word_1_246' title='bbox 470 3670 510 3733; x_wconf 90' lang='lat' dir='ltr'><strong>de</strong></span> <span class='ocrx_word' id='word_1_247' title='bbox 531 3670 668 3744; x_wconf 78' lang='lat' dir='ltr'><strong>haeresi,</strong></span> <span class='ocrx_word' id='word_1_248' title='bbox 689 3672 757 3734; x_wconf 82' lang='lat' dir='ltr'><strong>sive</strong></span> <span class='ocrx_word' id='word_1_249' title='bbox 778 3689 854 3734; x_wconf 91' lang='lat' dir='ltr'><strong>cnm</strong></span> <span class='ocrx_word' id='word_1_250' title='bbox 869 3669 1039 3733; x_wconf 81' lang='lat' dir='ltr'><strong>haereticis</strong></span> <span class='ocrx_word' id='word_1_251' title='bbox 1060 3669 1169 3731; x_wconf 91' lang='lat' dir='ltr'><strong>conni-</strong></span> 
     </span>
     <span class='ocr_line' id='line_1_34' title="bbox 57 3767 1168 3852; baseline 0.002 -24"><span class='ocrx_word' id='word_1_252' title='bbox 57 3772 171 3834; x_wconf 79' lang='lat' dir='ltr'><strong>ventis.</strong></span> <span class='ocrx_word' id='word_1_253' title='bbox 197 3769 315 3852; x_wconf 87' lang='lat' dir='ltr'><strong>Neque</strong></span> <span class='ocrx_word' id='word_1_254' title='bbox 345 3773 429 3834; x_wconf 90' lang='lat' dir='ltr'><strong>enim</strong></span> <span class='ocrx_word' id='word_1_255' title='bbox 453 3780 544 3846; x_wconf 87' lang='lat' dir='ltr'><strong>tnnc,</strong></span> <span class='ocrx_word' id='word_1_256' title='bbox 569 3789 676 3850; x_wconf 88' lang='lat' dir='ltr'><strong>nequo</strong></span> <span class='ocrx_word' id='word_1_257' title='bbox 697 3778 789 3835; x_wconf 86' lang='lat' dir='ltr'><strong>antea</strong></span> <span class='ocrx_word' id='word_1_258' title='bbox 813 3771 884 3833; x_wconf 89' lang='lat' dir='ltr'><strong>inde</strong></span> <span class='ocrx_word' id='word_1_259' title='bbox 915 3772 1058 3844; x_wconf 86' lang='lat' dir='ltr'><strong>cruitur,</strong></span> <span class='ocrx_word' id='word_1_260' title='bbox 1081 3767 1168 3848; x_wconf 81' lang='lat' dir='ltr'><strong>Vigi-</strong></span> 
     </span>
     <span class='ocr_line' id='line_1_35' title="bbox 55 3867 1170 3954; baseline 0.002 -26"><span class='ocrx_word' id='word_1_261' title='bbox 55 3867 133 3934; x_wconf 90' lang='lat' dir='ltr'><strong>linm</strong></span> <span class='ocrx_word' id='word_1_262' title='bbox 152 3873 283 3954; x_wconf 86' lang='lat' dir='ltr'><strong>lapsum</strong></span> <span class='ocrx_word' id='word_1_263' title='bbox 303 3872 400 3936; x_wconf 87' lang='lat' dir='ltr'><strong>inisse</strong></span> <span class='ocrx_word' id='word_1_264' title='bbox 413 3873 443 3934; x_wconf 92' lang='lat' dir='ltr'><strong>iu</strong></span> <span class='ocrx_word' id='word_1_265' title='bbox 465 3890 624 3946; x_wconf 87' lang='lat' dir='ltr'><strong>errorem,</strong></span> <span class='ocrx_word' id='word_1_266' title='bbox 645 3874 714 3936; x_wconf 82' lang='lat' dir='ltr'><strong>sive</strong></span> <span class='ocrx_word' id='word_1_267' title='bbox 729 3873 769 3934; x_wconf 90' lang='lat' dir='ltr'><strong>de</strong></span> <span class='ocrx_word' id='word_1_268' title='bbox 793 3872 1077 3952; x_wconf 85' lang='lat' dir='ltr'><strong>praedecessorum</strong></span> <span class='ocrx_word' id='word_1_269' title='bbox 1092 3889 1170 3932; x_wconf 87' lang='lat' dir='ltr'><strong>sno·</strong></span> 
     </span>
     <span class='ocr_line' id='line_1_36' title="bbox 59 3971 1169 4050; baseline 0 -19"><span class='ocrx_word' id='word_1_270' title='bbox 59 3981 136 4033; x_wconf 86' lang='lat' dir='ltr'><strong>rum</strong></span> <span class='ocrx_word' id='word_1_271' title='bbox 151 3975 337 4038; x_wconf 88' lang='lat' dir='ltr'><strong>constitutis</strong></span> <span class='ocrx_word' id='word_1_272' title='bbox 358 3974 533 4049; x_wconf 84' lang='lat' dir='ltr'><strong>dubitasse,</strong></span> <span class='ocrx_word' id='word_1_273' title='bbox 558 3991 617 4038; x_wconf 87' lang='lat' dir='ltr'><strong>sen</strong></span> <span class='ocrx_word' id='word_1_274' title='bbox 639 3975 878 4039; x_wconf 84' lang='lat' dir='ltr'><strong>haereticorum</strong></span> <span class='ocrx_word' id='word_1_275' title='bbox 911 3972 1080 4036; x_wconf 86' lang='lat' dir='ltr'><strong>indulsisse</strong></span> <span class='ocrx_word' id='word_1_276' title='bbox 1102 3971 1169 4050; x_wconf 91' lang='lat' dir='ltr'><strong>pla-</strong></span> 
     </span>
     <span class='ocr_line' id='line_1_37' title="bbox 56 4071 1167 4155; baseline -0.003 -21"><span class='ocrx_word' id='word_1_277' title='bbox 56 4075 134 4136; x_wconf 87' lang='lat' dir='ltr'><strong>citis.</strong></span> <span class='ocrx_word' id='word_1_278' title='bbox 167 4073 211 4138; x_wconf 82' lang='lat' dir='ltr'><strong>Et</strong></span> <span class='ocrx_word' id='word_1_279' title='bbox 232 4075 370 4155; x_wconf 87' lang='lat' dir='ltr'><strong>amplius</strong></span> <span class='ocrx_word' id='word_1_280' title='bbox 393 4083 458 4139; x_wconf 86' lang='lat' dir='ltr'><strong>tem</strong></span> <span class='ocrx_word' id='word_1_281' title='bbox 490 4075 659 4154; x_wconf 85' lang='lat' dir='ltr'><strong>perspicus</strong></span> <span class='ocrx_word' id='word_1_282' title='bbox 687 4080 719 4138; x_wconf 93' lang='lat' dir='ltr'><strong>et</strong></span> <span class='ocrx_word' id='word_1_283' title='bbox 742 4073 848 4153; x_wconf 87' lang='lat' dir='ltr'><strong>ampla</strong></span> <span class='ocrx_word' id='word_1_284' title='bbox 872 4071 981 4152; x_wconf 81' lang='lat' dir='ltr'><strong>Vigilii</strong></span> <span class='ocrx_word' id='word_1_285' title='bbox 1009 4078 1167 4152; x_wconf 87' lang='lat' dir='ltr'><strong>protesta-</strong></span> 
     </span>
     <span class='ocr_line' id='line_1_38' title="bbox 58 4173 1165 4252; baseline -0.002 -17"><span class='ocrx_word' id='word_1_286' title='bbox 58 4177 101 4237; x_wconf 91' lang='lat' dir='ltr'><strong>tio</strong></span> <span class='ocrx_word' id='word_1_287' title='bbox 131 4195 246 4239; x_wconf 88' lang='lat' dir='ltr'><strong>coram</strong></span> <span class='ocrx_word' id='word_1_288' title='bbox 278 4175 472 4252; x_wconf 81' lang='lat' dir='ltr'><strong>iustiniano,</strong></span> <span class='ocrx_word' id='word_1_289' title='bbox 505 4193 567 4239; x_wconf 91' lang='lat' dir='ltr'><strong>non</strong></span> <span class='ocrx_word' id='word_1_290' title='bbox 596 4175 704 4238; x_wconf 91' lang='lat' dir='ltr'><strong>solnm</strong></span> <span class='ocrx_word' id='word_1_291' title='bbox 736 4174 776 4238; x_wconf 86' lang='lat' dir='ltr'><strong>de</strong></span> <span class='ocrx_word' id='word_1_292' title='bbox 807 4173 880 4238; x_wconf 85' lang='lat' dir='ltr'><strong>lidci</strong></span> <span class='ocrx_word' id='word_1_293' title='bbox 911 4191 990 4237; x_wconf 88' lang='lat' dir='ltr'><strong>snae</strong></span> <span class='ocrx_word' id='word_1_294' title='bbox 1020 4173 1165 4237; x_wconf 88' lang='lat' dir='ltr'><strong>sincerae</strong></span> 
     </span>
     <span class='ocr_line' id='line_1_39' title="bbox 55 4275 1168 4358; baseline 0 -20"><span class='ocrx_word' id='word_1_295' title='bbox 55 4277 255 4356; x_wconf 79' lang='lat' dir='ltr'><strong>professione</strong></span> <span class='ocrx_word' id='word_1_296' title='bbox 276 4276 462 4358; x_wconf 77' lang='lat' dir='ltr'><strong>exponenda</strong></span> <span class='ocrx_word' id='word_1_297' title='bbox 485 4284 554 4358; x_wconf 81' lang='lat' dir='ltr'><strong>ost;</strong></span> <span class='ocrx_word' id='word_1_298' title='bbox 569 4277 623 4342; x_wconf 86' lang='lat' dir='ltr'><strong>sed</strong></span> <span class='ocrx_word' id='word_1_299' title='bbox 646 4278 742 4342; x_wconf 86' lang='lat' dir='ltr'><strong>etiam</strong></span> <span class='ocrx_word' id='word_1_300' title='bbox 763 4275 803 4340; x_wconf 88' lang='lat' dir='ltr'><strong>de</strong></span> <span class='ocrx_word' id='word_1_301' title='bbox 824 4276 975 4341; x_wconf 84' lang='lat' dir='ltr'><strong>cononica</strong></span> <span class='ocrx_word' id='word_1_302' title='bbox 998 4277 1097 4355; x_wconf 86' lang='lat' dir='ltr'><strong>ipsius</strong></span> <span class='ocrx_word' id='word_1_303' title='bbox 1118 4292 1168 4338; x_wconf 90' lang='lat' dir='ltr'><strong>ss·</strong></span> 
     </span>
    </p>
   </div>
   <div class='ocr_carea' id='block_1_5' title="bbox 177 4373 1179 4475">
    <p class='ocr_par' dir='ltr' id='par_1_7' title="bbox 177 4373 1179 4475">
     <span class='ocr_line' id='line_1_40' title="bbox 177 4373 1179 4475; baseline -0.005 -31"><span class='ocrx_word' id='word_1_304' title='bbox 177 4375 244 4444; x_wconf 77' lang='lat' dir='ltr'><strong>ms.</strong></span> <span class='ocrx_word' id='word_1_305' title='bbox 267 4376 322 4443; x_wconf 83' lang='grc' dir='ltr'><strong>ιν.</strong></span> <span class='ocrx_word' id='word_1_306' title='bbox 1009 4373 1048 4441; x_wconf 84' lang='lat' dir='ltr'><strong>tt</strong></span> <span class='ocrx_word' id='word_1_307' title='bbox 1177 4471 1179 4475; x_wconf 16' lang='grc' dir='ltr'>Ι</span> 
     </span>
    </p>
   </div>
   <div class='ocr_carea' id='block_1_6' title="bbox 0 0 1538 4950">
    <p class='ocr_par' dir='ltr' id='par_1_8' title="bbox 0 0 1538 4950">
     <span class='ocr_line' id='line_1_41' title="bbox 0 0 1538 4950; baseline 0 6"><span class='ocrx_word' id='word_1_308' title='bbox 0 0 1538 4950; x_wconf 95' lang='lat' dir='ltr'><strong> </strong></span> 
     </span>
    </p>
   </div>
  </div>
 </body>
</html>
