3138 4950
119 491 271 571 eorporis
286 483 687 568 infirmitates.·0perntnr
702 483 786 551 enim
807 487 951 566 ntraqne
970 482 1076 550 lorma
1098 499 1174 552 enm
1187 485 1237 552 al.-

120 594 226 656 tnrins
239 589 408 664 societate,
426 587 514 668 quob
530 587 645 652 babuit
659 586 829 668 proprium
842 607 852 649 e
865 583 974 651 Verbo
992 595 1103 654 antem
1118 585 1238 650 iacien-

121 699 157 757 te
169 691 258 774 quob
280 698 328 755 est
348 691 518 772 proprium
540 687 652 764 Verbi,
669 705 808 770 corpore
831 705 909 753 vero
923 687 1080 756 efficiente
1099 688 1132 754 ld
1146 685 1235 768 quob

121 801 172 860 eni
191 793 386 874 corporis.»
942 835 946 844 ,

200 891 244 960 Et
264 893 327 956 boc
347 899 409 965 est,
435 889 522 971 qnod
544 891 656 966 sensit,
678 887 803 967 docuit,
825 895 859 954 et
880 889 1046 971 proiessns
1066 897 1116 955 est
1135 887 1237 955 busti,

117 993 234 1058 ninune
256 993 289 1054 iu
309 991 416 1054 edicto
448 988 493 1054 tu
521 987 824 1070 incorruptibilitate
851 989 994 1071 eorporis
1027 988 1145 1056 Cbrirti
1163 999 1239 1056 nntr

117 1091 389 1158 resurrectionem.
408 1091 447 1156 Et
469 1092 531 1158 boc
547 1099 607 1169 est,
623 1091 712 1173 qnod
727 1111 791 1158 una
814 1092 995 1173 probarunt
1009 1093 1239 1173 episcoporum

119 1194 283 1274 plerique,
298 1192 402 1258 eidem
413 1191 667 1268 subscribentes,
682 1192 740 1257 etsi
760 1191 904 1256 obstaret
917 1190 1111 1274 Eutpcbins.
1126 1190 1160 1254 ln
1175 1191 1242 1258 stli-

121 1301 189 1371 eto‚
212 1294 357 1375 inquam,
379 1293 475 1375 enjus
496 1292 619 1358 etiamsi
642 1307 746 1374 nsque
767 1292 877 1357 adhuc
900 1309 963 1356 nnn
985 1292 1167 1358 habeantur
1192 1298 1239 1360 le.

119 1413 185 1460 nor
202 1403 237 1460 et
255 1394 408 1475 explicita
429 1397 612 1476 expositio:
635 1402 778 1462 attamen
799 1413 840 1459 ex
871 1395 1017 1475 praeinta
1039 1395 1175 1475 epistola
1195 1395 1237 1460 nb

118 1495 246 1564 Zoilum
267 1505 301 1561 et
320 1497 361 1560 ab
382 1497 488 1562 edicto
508 1499 707 1563 successoris
726 1498 778 1562 sui
797 1507 829 1562 et
849 1499 1051 1577 potissimum
1066 1498 1238 1578 apennina

117 1599 306 1662 narratione
320 1595 446 1662 Leontii
467 1599 499 1662 iu
520 1598 651 1679 dialogo
673 1599 785 1674 citato,
800 1599 945 1672 eruitur,
962 1598 1053 1680 quali
1071 1605 1176 1664 mense
1189 1597 1238 1662 tli-
1324 1603 1328 1608 “

118 1705 242 1764 emtum
265 1699 377 1773 luerit,
393 1699 547 1780 expositis
569 1700 612 1761 ibi
628 1699 806 1764 rationibus
828 1716 890 1762 cnr
905 1697 1023 1764 Christi
1040 1716 1161 1780 corpus
1182 1715 1238 1763 nn·

119 1808 152 1864 te
173 1801 444 1866 resurrectionem
476 1799 779 1879 incorruptibilem
799 1798 1007 1880 impassibile,
1030 1817 1137 1880 eoque
1167 1799 1238 1880 ipso

121 1908 268 1981 tempore
283 1901 498 1982 corruptibile
511 1908 544 1966 el
559 1900 709 1981 passibile
721 1899 899 1965 liceretur.
923 1897 975 1964 Ob
995 1899 1077 1964 illud
1099 1900 1235 1977 scilicet,

119 2000 232 2083 quob,
245 2020 320 2066 cum
345 2020 385 2066 ea
413 2003 542 2067 unione·
562 1999 662 2066 Verbi
683 2001 782 2065 bivini
803 2000 997 2081 impassibile
1024 2000 1120 2075 toret,
1142 2017 1238 2082 spon·

121 2108 167 2178 le,
187 2121 317 2182 suoque
339 2102 541 2182 beneplacito
556 2104 694 2186 passioni
714 2101 913 2179 submiserit,
937 2112 1145 2182 mortemque
1157 2102 1238 2168 tole·

120 2205 214 2270 rurit.
231 2203 436 2286 Proinbequo
459 2205 581 2271 iruslra
609 2207 752 2271 incusari
778 2203 846 2268 dixi
868 2203 1090 2271 lastinianum
1106 2203 1146 2269 be
1175 2222 1237 2270 ruo

119 2305 172 2370 ob·
184 2307 259 2382 boe,
276 2325 434 2375 concensu
455 2325 530 2372 enm
553 2307 700 2388 gaianitis
719 2314 752 2372 et
769 2306 958 2388 julianistis,
975 2324 992 2369 u
1007 2305 1127 2387 quibus
1142 2323 1237 2386 pror·

117 2423 176 2472 sus
195 2406 311 2472 abluit.
333 2407 376 2473 Et
396 2408 469 2474 binc
485 2409 603 2488 potiori
620 2408 701 2490 jure
719 2408 961 2488 redarguendos
983 2416 1076 2487 puto,
1098 2408 1154 2487 qui
1176 2404 1238 2472 ln·

118 2507 249 2570 stiniaui
269 2509 449 2573 doctrinam
471 2509 503 2572 in
524 2527 663 2589 prrsum
695 2509 904 2574 detorserunt
923 2525 1066 2584 sensum,
1089 2523 1236 2589 praeser-

117 2607 189 2684 tim,
205 2623 303 2688 qnam
326 2609 369 2671 ibi
384 2609 547 2690 adposuit,
568 2609 748 2676 refutantes
763 2612 947 2675 cautionem
962 2609 1122 2674 delibem
1143 2606 1238 2675 chri·
1306 2687 1310 2694 p

118 2711 161 2776 eti
185 2711 351 2775 voluntale
367 2712 399 2775 in
415 2712 615 2791 passionibus
638 2712 800 2793 terunciu
816 2712 859 2776 ita
883 2717 919 2775 ut
933 2729 1008 2776 cum
1031 2711 1132 2775 rellet
1152 2712 1233 2793 ipse,

119 2817 245 2875 tontum
268 2813 344 2876 illae
364 2813 592 2894 insurgerem
624 2822 657 2881 ei
677 2815 703 2878 si
725 2814 839 2889 nollet,
861 2831 1069 2894 nunnunquam
1091 2811 1240 2892 tlomiua·¹
1271 2827 1277 2835 ·

118 2923 252 2977 rentur:
269 2933 286 2972 u
302 2911 465 2990 Quoniam
481 2934 568 2996 ,ergo
582 2914 669 2982 Deus
690 2923 761 2978 erat
783 2913 941 2991 Verbum,
964 2913 1070 2994 inquit
1089 2911 1235 2996 Gyrillne

118 3013 353 3080 alexandrinus
375 3018 406 3080 in
426 3015 585 3082 loannem
606 3016 706 3082 Libro
723 3015 776 3080 tv.
800 3035 842 3080 ex
865 3017 992 3080 verbise
1010 3015 1152 3080 Poterri
1163 3034 1236 3096 pue·

113 3113 205 3178 ribilc
225 3123 280 3190 est,
312 3125 454 3180 tremeat
475 3137 495 3182 u
515 3136 562 3182 me
581 3115 672 3182 culiu
697 3116 755 3180 iate
776 3123 838 3182 eto.
871 3119 1025 3198 quonium
1047 3135 1125 3198 ergo
1147 3114 1235 3180 Deus

114 3217 188 3282 orat
210 3215 366 3296 Verbum,
391 3221 583 3284 immortalis
605 3230 704 3300 utque
725 3219 995 3298 incorruptibilis,
1011 3227 1044 3282 el
1065 3220 1129 3282 rita
1151 3219 1232 3297 ipsa,

116 3317 297 3384 secundnm
321 3329 471 3386 naturam
488 3325 716 3400 pertimescere
739 3330 875 3385 moriem
892 3319 1065 3396 nesciebat,
1084 3319 1233 3383 omnibns

115 3421 268 3486 existimo
288 3441 356 3487 esse
388 3425 706 3488 manifestissimum:
739 3423 949 3504 permittebat
979 3430 1097 3497 iumen,
1120 3429 1234 3501 utpote

116 3521 221 3604 quiin
242 3540 339 3588 carne
358 3533 444 3600 erat,
458 3527 620 3590 sustinere
641 3543 785 3602 earnem,
806 3543 893 3604 uuae
913 3541 973 3588 sua
993 3529 1113 3590 sunt.»

207 3622 302 3700 Quod
324 3632 432 3690 autem
454 3627 593 3706 amplius
625 3628 826 3707 propositum
845 3627 954 3708 insul,
977 3631 1015 3690 ut
1036 3629 1173 3704 pateant
1195 3620 1235 3685 il·

116 3724 204 3793 lusio
225 3726 454 3792 historicorum
483 3728 660 3792 recentium
686 3730 717 3792 in
746 3727 951 3809 dijudicanda
979 3727 1168 3814 quaestione
1194 3724 1234 3786 bo

116 3824 289 3892 iustiniani
304 3827 398 3908 lapsu
419 3829 449 3895 iu
471 3828 630 3894 haeresim
644 3827 949 3910 incorruptibilium,
973 3847 1011 3892 uc
1033 3846 1095 3892 uun
1119 3825 1236 3893 Ensin·

117 3927 176 3992 mii
196 3935 230 3992 el
252 3926 382 4008 Evagrii
412 3947 509 3994 error
529 3931 560 3993 in
585 3930 827 3998 condemnando
850 3931 954 4011 ipsum
981 3929 1231 4010 imperatorum,

114 4027 273 4094 loannem
302 4032 700 4111 constantinopolitanum,
723 4039 755 4096 et
776 4029 974 4111 Gregorium
1001 4015 1231 4094 antiochenum

117 4137 273 4211 tanquam
299 4147 319 4192 a
341 4130 480 4197 raritate
509 4130 620 4196 devios
648 4130 838 4209 horrerique
867 4130 1122 4208 consentientes;
1148 4125 1232 4194 iiiut

115 4236 209 4299 estet
231 4245 331 4314 quem
363 4229 660 4310 praeclarissimum
689 4233 720 4296 in
750 4228 878 4294 duobus
905 4229 1115 4296 Sermonibns
1145 4227 1232 4292 teeti·
