3048 4946
335 384 488 568 {eninm
508 485 595 568 qnocl
623 489 691 570 ipsc
705 481 879 551 Eacuclns
900 483 948 550 ait
966 483 1003 549 io
1017 479 1164 565 Epistola
1182 482 1256 565 fidei
1274 467 1435 546 meotes

336 587 379 652 ab
400 588 548 652 beberiu
563 589 661 655 citata
685 591 718 653 in
740 586 843 653 Tnmn
865 585 920 650 ΙΙΙ.
942 583 1128 668 Spicllcpic'r
1151 607 1168 644 r
1190 584 1285 662 Quae
1305 600 1379 649 cum
1397 583 1432 646 ita

335 688 412 763 sint,
435 688 550 770 iuquit,
566 696 624 753 aut
637 690 694 753 illa
717 690 832 770 ntique
854 687 928 762 init,
944 689 1030 752 sicut
1052 705 1129 752 rere
1149 687 1224 761 luit,
1239 692 1274 750 οι
1294 692 1355 760 est,
1369 686 1435 748 erit·

336 805 404 868 que
417 787 584 854 Cctbolica
600 788 757 865 Ecclesia,
770 807 857 870 quse
873 790 933 852 tria
949 787 1099 870 Capitula
1115 805 1174 852 nec
1187 786 1366 860 damnarit,
1387 801 1436 846 nec

336 888 481 970 (lamnae
494 907 553 955 nec
566 891 635 956 istis
648 890 881 956 scelestissimis
896 889 1151 966 damnatoribus,
1163 905 1349 968 eorumque
1361 903 1437 950 eom

336 992 607 1068 mnnicatoribns,
622 993 681 1056 nisi
695 992 757 1057 snb
779 993 893 1057 merita
914 991 1145 1066 satisfactione,
1160 989 1388 1054 communicat.
1403 984 1437 1050 Et

337 1092 390 1156 isti
412 1093 531 1174 procul
550 1092 649 1158 dubio
672 1094 839 1168 baeretici,
855 1096 912 1175 qni
933 1096 1063 1158 noviter
1082 1092 1283 1156 admiserunt
1303 1089 1390 1171 qnotl
1410 1089 1436 1152 in

334 1191 497 1270 Ecclesia,
511 1212 596 1277 quae
616 1215 673 1261 eos
693 1197 910 1278 regeneravit,
923 1213 996 1262 ‚non
1011 1199 1218 1276 acceperuut.
1240 1192 1310 1256 Aut
1329 1193 1359 1254 ai
1377 1190 1436 1265 illa,

338 1296 427 1376 quoi
461 1295 577 1361 aulico
604 1297 799 1378 sacrilegum
830 1304 892 1375 est,
913 1314 977 1360 non
1007 1296 1067 1360 luit
1097 1293 1265 1360 Eatbolicc
1290 1291 1437 1366 Ecclesia,

337 1395 389 1460 isti
410 1396 506 1460 simili
536 1399 646 1476 molo,
670 1397 803 1463 remotis
824 1396 1027 1479 ambagibus,
1050 1395 1207 1460 baeretici
1227 1400 1326 1458 sunt:
1348 1392 1437 1473 quir,

339 1504 379 1562 nt
399 1497 521 1562 dictum
550 1505 611 1574 est,
633 1499 700 1580 ipsa
723 1517 778 1563 eos
803 1497 948 1564 Ecclesia
970 1497 1158 1579 baptisavit,
1188 1513 1274 1576 quae
1295 1493 1436 1573 capitula

338 1599 398 1662 ista
420 1617 585 1681 nunquam
607 1600 781 1665 damnarit.
805 1599 894 1677 Quas
915 1601 958 1665 ob
979 1618 1043 1676 res,
1066 1598 1222 1664 utrolibet
1246 1598 1377 1680 objecto
1395 1615 1438 1660 re·

336 1701 526 1782 spondeant,
543 1703 698 1768 baeretici
712 1703 946 1768 contineantur
960 1719 1089 1774 necesse
1104 1708 1163 1764 est.
1185 1701 1218 1766 Si
1237 1708 1350 1763 auten
1362 1695 1437 1779 quot
1519 1769 1520 1772 Ἴ

337 1818 454 1866 verum
479 1811 540 1877 est,
556 1804 635 1867 nibil
656 1805 804 1868 nocuisse
818 1804 931 1870 eadem
953 1800 1102 1884 Capitate
1118 1818 1178 1882 per
1191 1808 1322 1865 centnm
1337 1807 1370 1864 et
1383 1815 1439 1861 au·

337 1902 438 1983 plius,
461 1910 497 1966 ut
518 1904 719 1984 praediolum
750 1911 811 1981 est,
832 1923 932 1968 ancos
962 1902 1148 1969 Catholicae
1168 1901 1336 1968 Ecclesiae
1363 1901 1441 1964 liae·
1519 1973 1520 1980 ἵ

338 2003 405 2066 rint
413 2022 425 2082 5
448 2003 667 2085 multomagis
687 2006 852 2088 magisque
873 2023 907 2068 sc
930 2023 1003 2068 reos
1024 2003 1202 2084 intelligant
1222 1999 1440 2066 inexcusabili·
1519 1989 1520 2002 ¹

337 2110 415 2167 ter:
438 2103 694 2171 animadvertent
707 2116 865 2186 quantum
888 2106 963 2169 mali
992 2113 1103 2170 contra
1125 2105 1196 2186 ejus
1212 2105 1346 2168 decreta
1366 2117 1441 2166 com

338 2205 496 2283 miserint,
512 2207 693 2272 damnando
713 2209 801 2288 quot
815 2208 872 2272 illa
888 2225 950 2272 non
966 2207 1139 2273 damnarit.
1155 2204 1359 2287 Cognoscant
1371 2200 1440 2284 quii

338 2309 464 2388 egerint
485 2316 518 2373 ct
536 2310 674 2374 sentiant
692 2327 727 2374 sc
746 2311 788 2374 ab
808 2329 846 2374 ea
867 2311 1042 2391 praecisos,
1063 2310 1159 2393 cujus
1180 2309 1325 2384 decreta,
1349 2323 1442 2388 quan-

338 2411 455 2475 lumin
474 2411 549 2490 ipsis
563 2419 624 2490 est,
639 2413 870 2490 convellentes,
886 2413 1126 2478 baereticorum
1140 2430 1175 2477 se
1187 2413 1328 2476 catervis
1344 2411 1443 2474 laren

339 2509 396 2587 (lo,
419 2529 534 2577 corum
558 2515 639 2578 rotis
655 2515 863 2595 pertinaciter
884 2522 1112 2596 aggregarunt.
1130 2513 1298 2595 Siquidem
1318 2513 1360 2576 ab
1379 2529 1442 2575 ace·

340 2612 446 2693 pbalis
461 2614 643 2692 haereticis,
665 2615 749 2680 idest
760 2617 1032 2682 semieuticbianis
1045 2617 1206 2697 exquisita
1221 2625 1256 2680 ct
1268 2615 1375 2680 elicita
1390 2611 1442 2676 lla·

341 2716 522 2795 pitulornm
538 2715 712 2794 damnatio,
723 2727 756 2782 et
767 2716 874 2799 vigilii
888 2727 988 2798 atque
998 2718 1121 2799 Pelagii
1135 2734 1347 2783 romanorum
1359 2731 1441 2797 prae·

339 2820 576 2894 varicatnrum,
592 2827 625 2883 et
639 2820 786 2885 Primssii
810 2820 961 2904 byzaceni
977 2821 1142 2901 praecipui
1157 2820 1301 2885 doctoris
1314 2817 1439 2890 acepha-

340 2915 452 2986 lorum
472 2917 556 2982 edita
578 2925 690 2984 contra
713 2918 892 2984 Ecclesiam
912 2919 1033 3001 scripta
1055 2927 1318 3001 protestentur.»

421 3016 471 3083 En
490 3039 532 3084 οι
553 3019 636 3086 laiso
649 3021 816 3102 supposito
837 3021 950 3084 lainam
972 3021 1246 3101 consequentiam.
1261 3019 1343 3085 Cum
1362 3019 1434 3082 enin

342 3117 517 3185 Facundus
532 3120 613 3186 Acta
628 3121 747 3205 Spnoli
760 3121 1022 3188 chalcedonensis
1035 3133 1110 3202 apte
1129 3139 1191 3186 non
1212 3119 1437 3194 auimadrertit,

340 3227 404 3285 ant
422 3221 555 3286 latinam
578 3223 875 3303 interpretationem
897 3223 1000 3286 textui
1030 3239 1148 3303 graeco
1175 3223 1370 3303 praeterens,
1388 3223 1437 3284 act

344 3337 409 3384 noo
431 3322 704 3402 comprehendens
733 3323 924 3404 originalem
945 3323 1143 3388 locutionem
1166 3324 1301 3389 Petrum
1321 3337 1437 3404 graeco

345 3437 421 3486 rum
442 3423 482 3488 tta
497 3421 641 3504 Epistola
658 3424 732 3488 lbae
751 3425 887 3500 credita,
902 3441 939 3488 ac
961 3424 1088 3490 taciem
1103 3424 1201 3490 Petro
1217 3427 1376 3498 mentitos,
1389 3421 1436 3501 pal

345 3523 378 3584 in
393 3540 529 3603 persona
545 3523 652 3604 Vigilii
672 3525 848 3591 infallibilis
871 3526 1041 3606 interpres,
1059 3525 1177 3611 Spuotli
1192 3521 1436 3591 chalcedonensis

347 3631 487 3688 mentem
508 3627 660 3706 esposuit
680 3644 718 3692 ac
739 3625 895 3702 delinivit,
918 3627 1152 3692 necessariori
1175 3629 1258 3692 banc
1278 3622 1437 3690 mendacis·

344 3723 457 3790 simam
479 3734 513 3792 et
532 3725 791 3794 infaustissimum
820 3727 949 3792 devenit
967 3727 1225 3792 conclusionem:
1250 3727 1437 3808 unisonae

348 3825 421 3886 darn
445 3843 518 3906 pars
539 3829 750 3890 ecclesiarum
765 3827 1012 3891 occidentalium
1027 3826 1066 3892 ad
1082 3828 1312 3908 quinquaginta
1332 3837 1363 3892 et
1380 3839 1438 3889 am-

347 3925 435 4005 plias
455 3945 567 4004 annos,
588 3929 713 3995 etiamsi
735 3945 928 4009 magnopere
960 3927 1129 3994 Pontifices
1151 3927 1288 3994 Romani
1309 3927 1345 3992 ai
1366 3921 1435 3988 illul

348 4029 599 4095 convellendum
620 4031 854 4105 elaborassent,
877 4031 909 4093 in
929 4031 1100 4095 schismate
1121 4029 1319 4112 perdurarit.

425 4129 621 4198 Perdornrit
640 4149 728 4209 sane,
750 4149 824 4198 cum
848 4129 963 4196 lstriac
984 4119 1229 4212 cpiscopi'aono
1250 4127 1318 4198 590.
1339 4121 1432 4206 vigilii

346 4230 455 4314 Pepee
475 4231 642 4300 incretum
664 4251 703 4298 ιο
717 4249 781 4300 ιιι
802 4233 1030 4300 obtestationes
1051 4231 1203 4320 ciusdem
1218 4233 1250 4298 in
1271 4229 1431 4300 constitum
