3186 4946
136 471 211 536 tatio
229 479 262 536 et
281 471 461 556 demrtpne
483 477 641 558 accipiens
661 477 701 542 an
722 479 783 554 his,
804 479 861 560 qni
881 478 1126 562 descripserant,
1142 483 1230 546 codi-

135 590 211 646 cara,
231 592 318 654 qnae
339 577 444 642 soluit
470 578 612 658 addidit,
633 593 667 646 et
686 597 772 662 qnae
792 581 896 644 rolnit
916 582 1071 659 abstulit,
1092 593 1125 648 et
1144 583 1232 666 qnod

135 675 161 738 ei
181 677 284 740 risum
306 685 366 754 est,
389 681 599 760 permutavit,
621 683 853 747 circumferens
874 691 1025 765 unquam
1046 705 1088 749 ex
1108 687 1235 752 nominc

133 787 248 853 roano,
270 781 427 846 insultans
448 791 481 846 et
498 783 666 846 ostendens
687 803 737 860 ea,
761 802 844 864 qnae
865 784 932 864 ipse
951 790 1149 868 conscripsit.
1168 786 1231 852 Pro

135 879 245 961 onibus
264 883 465 964 indignantes
486 885 617 960 iratres,
639 887 695 966 qni
716 887 748 947 in
769 885 947 950 Palaestina
968 897 1055 964 sunt,
1078 889 1234 954 miserunt

135 983 171 1044 ad
190 1001 238 1047 me
258 983 404 1048 Athenas
426 987 599 1062 nominem,
620 991 677 1068 qni
698 989 860 1067 scciperet
879 1005 897 1052 a
918 1005 969 1052 nne
983 990 1087 1070 ipsum
1101 993 1236 1054 anthen-

136 1083 226 1148 ticum
247 1088 432 1168 exemplar,
454 1089 540 1169 qnod
564 1107 602 1150 ne
624 1090 784 1152 relectum
805 1089 947 1169 quidem,
970 1091 1022 1154 sei
1043 1093 1236 1156 recensitum

137 1203 219 1252 ansa
238 1196 335 1252 antea
358 1189 492 1271 inerat,
513 1191 567 1254 sed
589 1193 632 1255 ita
654 1191 838 1271 neglectum
855 1191 995 1272 jacebat,
1018 1203 1054 1256 nt
1076 1195 1130 1258 rix
1150 1195 1238 1258 inre·

134 1291 189 1353 uiri
209 1295 363 1372 potnerit.
386 1291 459 1356 diiai
482 1303 599 1369 nmen,
621 1305 655 1356 et
673 1294 734 1356 snb
754 1291 822 1356 lieo
838 1300 917 1356 teste
937 1293 1069 1374 loquor,
1082 1296 1234 1376 quoniam

134 1407 201 1454 cnm
220 1396 441 1458 convenissem
462 1395 555 1458 iilum
571 1397 688 1476 ipsnm,
705 1397 761 1476 qni
776 1395 1022 1459 adulteraverat
1034 1397 1169 1472 librum,
1184 1414 1236 1461 ar·

135 1511 225 1574 gneas
245 1513 352 1576 quere
373 1497 434 1560 hoc
455 1498 593 1573 iecisset,
619 1498 709 1561 velut
729 1497 805 1560 mini
826 1497 1024 1562 satisfaciens
1049 1499 1234 1579 respondit:

132 1596 273 1678 possiam
293 1595 399 1680 magis
418 1617 536 1661 ornare
555 1597 642 1662 colui
661 1597 905 1679 disputationem
923 1598 1025 1676 ilium,
1051 1609 1143 1681 cipue
1160 1619 1239 1681 pnr-

131 1715 207 1778 μη.
232 1697 349 1762 Videte
365 1701 454 1780 qnnli
475 1702 666 1782 purgatione
686 1701 933 1778 disputetionem
954 1713 1097 1765 nostram
1119 1719 1237 1783 pnrga-
1346 1711 1361 1731 ‘

132 1800 182 1862 sit
202 1796 273 1862 Tali
299 1818 427 1880 nempe,
442 1801 532 1881 quati
548 1803 738 1882 purgatione
760 1799 907 1866 Marcion
930 1801 1104 1882 Evangelia
1119 1819 1237 1882 purga·

136 1901 186 1978 rit,
206 1903 255 1966 rel
268 1903 478 1983 Apostolum,
492 1903 545 1967 rei
558 1904 647 1985 quali
660 1921 829 1968 successor
847 1904 918 1986 ejus
931 1912 1004 1985 post
1021 1906 1125 1985 ipsnm
1140 1903 1238 1986 Apel-

131 2001 183 2067 ies.
209 2001 293 2068 Nom
319 2006 405 2069 sicut
426 2006 474 2070 ilii
505 2007 746 2084 subverterunt
763 2006 1008 2089 Scripturarnm
1034 2009 1235 2072 veritatem:

131 2105 173 2168 sio
189 2112 220 2170 ot
239 2108 302 2170 iste
324 2108 461 2170 sublatis
482 2127 567 2189 qnae
589 2127 664 2172 vere
685 2109 877 2172 dictasunt:
899 2109 942 2172 ob
963 2110 1063 2172 nostri
1088 2109 1237 2174 crimine·

131 2200 239 2264 tionem
260 2203 401 2266 inseruit
425 2222 511 2284 qnae
532 2204 611 2266 isira
632 2213 717 2268 sunt.
739 2202 800 2267 Sed
821 2204 897 2270 iicet
919 2205 1061 2268 homines
1082 2206 1236 2272 haeretici

130 2309 160 2362 et
179 2301 265 2384 impii
289 2305 365 2380 sint,
386 2304 443 2384 qui
460 2305 539 2368 haec
555 2304 662 2367 iacere
682 2304 752 2368 ensi
772 2312 868 2382 sunt,
892 2312 998 2369 tamen
1018 2306 1183 2372 habebunt
1202 2317 1237 2372 et

132 2404 175 2467 ilii
190 2405 337 2487 indicem
358 2403 476 2480 Deum,
493 2407 550 2486 qni
567 2407 686 2471 talibus
700 2405 875 2470 advenum
890 2425 947 2470 nos
961 2409 1235 2474 criminationibus

133 2507 374 2572 accommodant
387 2507 493 2572 ddero.
507 2505 669 2572 Fecerunt
682 2510 744 2572 hoc
757 2516 791 2572 et
804 2509 859 2572 aiii
878 2509 1025 2574 nonnulli
1040 2512 1235 2576 conturbare

132 2609 267 2674 scientes
290 2611 452 2675 ecclesias.

202 2735 218 2774 s
230 2711 379 2794 Denique
390 2715 421 2776 in
434 2712 575 2795 Epheso,
587 2731 662 2777 cnm
677 2714 810 2778 sinisset
823 2731 874 2777 me
888 2713 1020 2795 quidam
1040 2715 1236 2788 haereticus,

131 2817 160 2875 ct
177 2813 330 2895 congredi
342 2815 498 2880 noluisset
506 2835 519 2896 3
533 2831 638 2896 neque
652 2816 781 2880 omnino
795 2833 831 2878 os
846 2832 943 2878 sunm
957 2816 1136 2894 aperuisset
1149 2815 1236 2896 apud

131 2929 198 2995 ωας
216 2917 275 2982 sed
297 2917 404 2982 nescio
424 2935 491 2998 qna
511 2937 553 2982 ex
575 2935 672 2983 cansa
694 2919 724 2980 id
746 2919 854 2982 iacere
884 2921 1035 2982 vitasset:
1062 2928 1173 3000 postea
1194 2937 1236 2983 ex

131 3021 251 3084 nomine
274 3037 348 3082 meo
367 3027 401 3083 et
418 3039 480 3085 suo
500 3023 689 3102 conscripsit
705 3022 836 3102 qnnlem
851 3022 959 3085 roinit
971 3021 1232 3102 disputationem,

130 3127 160 3182 at
179 3123 262 3185 misit
284 3120 324 3183 ad
346 3122 522 3203 discipnios
541 3141 629 3199 snos,
652 3133 690 3186 ut
708 3140 768 3202 ego
789 3121 920 3203 qnidam
942 3123 1091 3204 cognovi,
1105 3122 1145 3186 sd
1162 3140 1235 3198 eos,

130 3221 182 3301 nni
202 3221 328 3288 nomae
348 3232 466 3298 erant,
489 3225 696 3304 pervenisse:
718 3224 774 3287 sed
795 3241 859 3287 non
879 3223 1015 3300 dubito,
1046 3225 1124 3306 quin
1144 3233 1177 3287 et
1195 3221 1237 3287 ed

130 3322 216 3400 aiios,
238 3325 299 3407 qni
319 3343 378 3406 per
396 3327 523 3390 diversa
545 3325 615 3388 ioca
645 3333 729 3389 snut.
755 3322 933 3389 insultabat
960 3334 1068 3390 antem
1089 3333 1120 3390 et
1147 3323 1235 3405 apnd

131 3423 346 3504 Antiochiam,
368 3427 558 3509 prinsqnnm
579 3443 639 3507 ego
659 3426 739 3490 ilinc
761 3428 902 3490 venirem
913 3447 925 3506 ;
947 3427 989 3490 ita
1012 3435 1095 3490 utet
1109 3424 1147 3488 nd
1164 3425 1237 3506 pin-

129 3526 221 3590 ritnos
241 3539 428 3592 nostrornm
451 3531 635 3607 perveniret
654 3527 710 3589 illa
732 3528 928 3608 disputatio,
950 3545 1047 3608 qnam
1071 3526 1230 3606 petubas.

130 3625 184 3692 Sed
207 3631 263 3694 nbi
290 3629 380 3704 adei,
403 3630 515 3693 moltis
535 3631 756 3710 praesentibus
777 3647 852 3692 enm
873 3630 977 3709 segni.
1001 3626 1147 3708 Cumque
1166 3626 1234 3707 jsm

128 3729 188 3792 sine
216 3732 290 3796 uilo
311 3733 435 3813 pudore
451 3733 656 3812 pertenderet
670 3732 873 3812 impudenter
887 3748 1031 3794 asserere
1047 3729 1232 3808 falsitatem,

129 3835 251 3910 poposci
275 3841 310 3897 nt
331 3833 413 3896 iiber
435 3833 620 3898 deferretur
640 3836 672 3896 in
695 3835 848 3907 medinm,
865 3841 898 3897 et
920 3833 1015 3896 stilos
1033 3850 1123 3896 mens
1136 3849 1235 3913 ngno·

128 3945 306 4000 sceretnrn
329 3936 508 4014 iratribns5
531 3937 587 4016 qni
609 3938 724 4016 ntique
746 3943 955 4017 cognoscunt,
978 3953 1063 4015 quse
1081 3935 1172 3999 soleo
1188 3935 1235 3998 di-

128 4045 264 4112 epotare,
289 4036 341 4099 sel
361 4037 560 4118 quati·soieo
584 4039 630 4098 uti
650 4037 804 4100 doctrine.
824 4035 887 4113 Qui
903 4055 976 4101 cum
991 4053 1231 4101 snsnsnones·
1353 4087 1356 4095 .

127 4144 171 4196 set
190 4137 337 4216 proierre
357 4138 491 4211 librom,
515 4139 680 4200 convictus
701 4137 742 4199 sb
763 4139 910 4200 omnibns
931 4145 963 4200 et
980 4137 1166 4202 ooniutntns
1180 4143 1230 4200 est

130 4232 277 4302 falsitatis.
302 4235 343 4300 Et
363 4239 406 4301 ita
427 4255 620 4318 persuasum
640 4246 689 4303 est
709 4237 876 4315 iratribus,
899 4255 938 4302 ne
953 4255 1067 4304 surena
1080 4239 1232 4303 crimina·
