3042 4940
88 481 230 548 sitibus
251 481 407 568 Capitulis
434 501 509 549 enm
539 484 794 551 substantlsiiter
814 483 984 564 ttttsrant,
1007 486 1197 568 nullamque

87 593 215 650 servent
234 605 309 652 enm
332 589 381 653 isis
401 588 596 668 analogiam,
614 589 744 654 minime
764 589 827 654 dici
843 598 960 671 potest,
976 591 1007 652 in
1028 589 1092 654 dlis
1107 588 1200 670 Capi·

87 687 161 751 tuiis
182 687 476 770 eomprehensos,a
501 688 652 755 l’stribus
673 689 808 758 Consilii
827 691 994 756 demorsos
1015 690 1137 767 luisse,
1160 697 1198 758 ni

85 788 130 852 sie
150 787 291 853 detestat
304 789 525 870 suppleretur.

162 886 301 971 vigilius
321 891 524 958 aConstitnti
547 894 703 975 principio
718 913 757 958 eo
777 911 869 958 snam
889 892 1024 958 intendit
1044 899 1195 969 mentam,

86 987 127 1050 tlt
149 1007 248 1056 soum
270 994 447 1058 maximnm
468 995 576 1075 erepti
594 995 751 1076 studium,
776 1013 852 1078 erga
880 995 1046 1080 Synodnrn
1072 995 1199 1060 edales·

86 1090 278 1158 dunensem
297 1092 570 1175 «Postmodum,
591 1099 707 1179 inquit,
731 1101 814 1162 besti
834 1096 1093 1164 chalcedonensis
1113 1093 1196 1162 Con·

85 1194 148 1257 ciiii
176 1197 435 1276 expositionem,
459 1200 511 1262 rel
539 1201 622 1264 besti
644 1199 759 1265 Leonis
786 1199 954 1282 epistolam
975 1200 1016 1263 do
1034 1204 1143 1264 saneta
1164 1206 1199 1263 et

86 1296 269 1362 orthodoxe
292 1297 353 1362 tide
373 1301 560 1381 posuimus.
574 1347 583 1365 .
597 1346 605 1363 .
618 1303 834 1368 necessarium
848 1299 1116 1367 valdoeredimus
1136 1317 1198 1379 pro

84 1399 152 1479 ejus
171 1402 330 1465 serrendo
352 1419 411 1482 per
430 1406 535 1464 omnia
558 1404 759 1481 reverentis,
781 1404 821 1468 ds
848 1401 1075 1485 supresoriptis
1097 1401 1196 1466 trium

85 1497 309 1580 Capitnlorum
330 1504 571 1584 quaestionibns
592 1503 763 1585 diligenter
794 1503 913 1568 debers
933 1521 990 1568 nos
1014 1511 1130 1568 cuncta
1150 1501 1196 1564 di·
1269 1503 1276 1514 '

84 1611 223 1680 soulers,
245 1612 279 1668 et
298 1613 393 1669 cauis
415 1606 673 1686 promulgatione
691 1609 867 1671 sententias
886 1605 1019 1669 delinire
1040 1613 1101 1667 ete.
1126 1622 1142 1660 n
1158 1601 1200 1667 Et

83 1703 127 1767 sie
146 1704 307 1786 usquead
329 1705 426 1769 linem
441 1723 577 1786 pergens
596 1709 720 1771 statuit:
741 1705 910 1772 Praedicta
929 1703 1031 1788 ipitur
1050 1706 1115 1769 tria
1139 1703 1196 1766 Ca·

79 1799 182 1881 pitulo
200 1802 509 1870 amtlsmartzamos
538 1814 630 1888 atque
649 1807 848 1872 damnantur.
881 1806 992 1884 Qnrre
1013 1803 1199 1870 luculenter

85 1903 202 1982 patefit,
218 1904 399 1970 nullimode
420 1907 451 1970 in
479 1907 629 1987 vigiliano
650 1906 831 1974 Constituto
847 1908 966 1972 habere
986 1907 1129 1988 potuisse
1148 1905 1197 1968 lo·

83 2021 153 2068 eom
173 2007 403 2084 mutationem,
423 2016 482 2072 snt
500 2025 652 2074 sensnum
672 2027 693 2074 e
710 2007 858 2075 Patribus
879 2006 1197 2088 constantinopolite-

84 2107 128 2172 nis
147 2109 374 2190 expositurum
395 2110 686 2176 obtruncationem.
701 2109 840 2177 Domum
861 2110 901 2174 ad
923 2110 1093 2190 hueusque
1114 2109 1199 2172 diets

83 2206 234 2273 firmanda
261 2218 328 2273 tom
349 2210 452 2276 relata
471 2211 510 2276 sd
532 2211 681 2292 Origenis
713 2213 933 2278 exclusionem
955 2210 996 2273 sl>
1016 2211 1077 2274 isso
1096 2209 1200 2296 Syne-

84 2308 134 2387 do,
155 2319 226 2376 tum
250 2313 353 2376 rolste
373 2313 414 2376 sd
435 2311 609 2378 Constituti
628 2330 757 2378 sensnm
778 2330 883 2394 aeque
904 2331 942 2378 ae
964 2310 1098 2376 Petrum
1119 2327 1195 2376 onas

83 2407 195 2492 vigilio
209 2415 418 2480 oonoordism
434 2417 467 2480 in
488 2415 591 2479 tribus
602 2413 762 2495 Capitulis
778 2414 977 2490 damnandis,
994 2413 1082 2477 testis
1102 2409 1194 2478 adest

83 2507 190 2578 Viotor
210 2516 422 2600 tununensis„
438 2513 503 2592 Qui
528 2516 588 2580 etsi
609 2516 728 2588 trorum
743 2513 969 2595 Cspitnlornm
991 2513 1141 2578 delensor
1159 2519 1195 2582 et
1287 2531 1290 2538 ·

84 2611 290 2680 ndrerssrins
310 2613 471 2695 Origenis,
493 2623 600 2680 temen
625 2615 760 2696 limpide
781 2616 902 2680 letetur
924 2625 1012 2692 tuno,
1034 2615 1103 2680 sire
1125 2619 1197 2695 post

84 2709 292 2780 Consulatum
314 2712 422 2782 Basilii
443 2733 493 2779 an.
515 2711 606 2780 xltt.
626 2715 801 2781 adunatam
823 2715 921 2780 inimo
940 2712 1117 2797 Synodnm.
1144 2711 1197 2777 lii

82 2811 141 2878 tria
149 2834 240 2900 saepe
255 2817 326 2896 [uia
343 2815 492 2897 capituto
504 2833 575 2880 eunt
594 2816 824 2899 defmdsntidus
843 2815 997 2898 suijeom
1016 2812 1195 2880 damuatio-

82 2916 127 2988 ni,
142 2915 201 2980 tali
214 2935 249 2981 re
267 2925 415 2998 perpetua
434 2917 630 2984 nummatis
650 2913 929 2998 eleemoysnam
948 2914 1124 2997 aliquanda
1144 2915 1198 2980 ad·

80 3016 188 3082 mirera
207 3017 413 3095 tentamrint,
431 3020 513 3102 puos'
531 3018 748 3084 damnationis
767 3016 939 3084 sententiae
958 3015 1174 3082 reddiderant.

154 3117 310 3184 Fortasse
329 3121 402 3201 qais
421 3126 533 3184 eontra
554 3127 641 3185 stans
661 3120 767 3186 dioeir
785 3138 861 3184 enm
881 3136 960 3199 erpo
981 3117 1061 3183 nihil
1081 3125 1192 3184 actum

81 3219 119 3284 sit
137 3223 168 3286 in
187 3221 305 3304 quinta
327 3220 457 3307 syuodo
477 3222 517 3286 de
536 3221 698 3303 Origene,
718 3221 806 3286 illusi
829 3225 906 3286 sunt
925 3219 1113 3300 scriptores,
1136 3217 1194 3299 qui

82 3338 118 3386 eo
136 3323 205 3405 ipso
233 3333 381 3406 ternpore
396 3324 538 3390 virentes
561 3324 710 3390 obtestati
731 3310 818 3399 sunt,
842 3321 940 3386 inisse
966 3331 1043 3385 tane
1063 3321 1194 3383 damna·

82 3427 144 3489 tum
163 3427 335 3508 eumdem
356 3443 462 3509 eoque
492 3427 592 3508 torgis
613 3444 687 3491 enm
708 3426 881 3503 lroedsque
899 3429 1074 3488 serventur
1103 3421 1190 3485 litto⁴

81 3541 133 3590 rse
150 3524 326 3594 iustiniani
345 3528 386 3594 sd
407 3527 575 3608 Mensem,
598 3529 654 3594 ulti
675 3527 858 3610 imperator
876 3523 973 3590 instat
992 3541 1053 3608 pro
1074 3521 1190 3605 huius·

81 3629 161 3693 modi
181 3629 398 3695 damnatione.
504 3671 508 3678 ·

152 3729 239 3796 linio
261 3731 455 3812 respondens
476 3730 563 3796 hand
583 3729 722 3807 latiales,
755 3729 934 3810 imperente
953 3724 1137 3791 iustiniano
1157 3740 1191 3790 a·

80 3832 161 3892 otum
176 3830 277 3896 luisse
294 3831 334 3897 ds
353 3826 504 3913 Origene.
519 3829 644 3898 Verum
657 3831 746 3912 quod
759 3828 878 3894 amodo
892 3836 999 3904 teneo,
1020 3825 1097 3891 setis
1112 3822 1190 3888 milri

77 3928 116 3992 sit
132 3932 308 3996 ostendisse
327 3936 360 3998 io
379 3933 510 4019 Synodo
530 3935 737 3999 oeanmeuioa
767 3932 863 4015 iaxta
885 3931 1056 4009 horasque
1076 3924 1192 4007 prolis·

79 4035 119 4108 tr,
140 4049 160 4098 a
181 4032 334 4102 Patribus
353 4035 434 4102 nihil
454 4035 495 4102 de
515 4051 555 4101 so
575 4036 770 4118 quaesitum.
791 4031 840 4098 tls
860 4032 977 4102 ueteris
998 4029 1092 4095 iuira.

415 4187 843 4291 wm-
