3042 4940
95 489 133 556 Et
152 492 254 574 primo
273 492 328 575 qut
353 493 396 558 ita
424 494 562 573 disserit,
579 495 660 562 bane
677 493 844 562 rideretur
865 498 1124 579 comeonenttam
1148 393 1205 565 regr-⁷

93 593 188 658 inisse
210 611 252 657 ex
267 594 419 676 praetatis
431 596 588 678 exemptio
609 615 737 662 eruere.
757 596 857 663 Sicuti
873 601 912 664 de
928 600 1145 682 Apollinarim
1159 600 1202 668 de

93 691 236 774 Eutyche
256 711 295 757 ae
314 695 354 760 de
375 694 514 775 Origene
541 695 662 760 iaetnrn
684 705 733 762 est
761 707 833 779 post
860 707 996 764 mortem
1018 702 1204 766 anathema·

92 798 190 859 tiaatis
199 817 211 875 3
233 796 277 858 itn
292 813 377 860 unno
397 797 429 860 in
454 798 515 861 bae
529 796 658 881 Synodo
681 798 757 863 iecit
772 807 877 866 restra
892 805 1043 868 aauotitua
1057 812 1089 868 et
1112 801 1200 886 vigi·

90 898 149 960 tius
172 897 255 980 Papo
276 899 316 963 de
337 896 510 963 Theodoro
532 908 767 980 mopsuesteno.

163 998 195 1062 Si
216 1009 325 1064 autem
356 999 481 1077 (veluti
511 1007 545 1064 et
565 999 665 1078 mibi)
699 1001 803 1067 minus
824 1003 977 1068 oonoinna
1008 1005 1200 1072 admittatur

91 1099 166 1162 bren
186 1099 409 1179 interpretatio
424 1101 467 1164 ita
490 1112 526 1165 ut
542 1101 716 1166 deserenda
737 1104 790 1180 sit,
807 1104 975 1168 videratur
990 1109 1096 1187 potius
1116 1108 1198 1174 aite-

92 1201 353 1266 rineeedendnm
384 1203 482 1285 vulgo
512 1211 663 1284 acceptae
692 1204 854 1284 opinioni3
877 1205 993 1268 ibidem
1023 1207 1147 1272 aoiiioet
1167 1209 1200 1272 in

91 1302 198 1383 quinto
230 1303 376 1369 Conniiio
403 1303 575 1384 significari
606 1305 754 1367 iteratam
784 1303 933 1384 origenis
961 1307 1200 1372 damnationem

89 1413 253 1486 postquem
275 1405 422 1470 inorata
443 1403 623 1485 Theophito
652 1401 723 1472 150.
745 1408 835 1470 aonia
855 1416 930 1471 uoto
949 1410 1201 1477 anathematiza·

93 1515 149 1570 tna.
172 1503 403 1572 Verumtamen
418 1508 515 1588 plura
536 1514 664 1572 manent
677 1506 883 1588 disquirenda
896 1507 936 1572 da
951 1507 1136 1591 hujusmodi
1149 1510 1200 1574 io·

88 1609 221 1673 entinois
238 1627 334 1674 sensu
357 1609 459 1673 relate
480 1609 518 1672 ad
541 1607 661 1694 Synodi
692 1616 829 1672 mentem
851 1611 882 1672 iu
905 1611 965 1674 bne
984 1614 1197 1678 anathematis

89 1712 330 1774 restauratione.
363 1709 412 1774 de
440 1712 550 1791 itaque
573 1727 743 1789 ingerente
776 1727 879 1789 quum
909 1708 1130 1778 luteriuoutnr
1149 1715 1198 1779 ait

87 1811 164 1892 prod
181 1829 269 1874 onor
288 1810 325 1876 io
343 1811 413 1891 ipro
440 1810 513 1892 feeit
533 1819 562 1874 et
582 1808 738 1874 rooetitor
757 1820 862 1874 oestro
881 1819 911 1874 at
938 1808 1069 1892 Vipiiitrr
1092 1811 1196 1894 Papo,

88 1922 141 1976 ant
159 1913 198 1974 de
220 1913 380 1994 praesenti
400 1910 529 1994 syuodo
551 1913 631 1976 ideat
653 1912 692 1975 de
713 1912 894 1992 praemissis
916 1910 1106 1978 notionibus
1131 1914 1199 1980 die·

88 2027 155 2074 rum
178 2011 453 2091 praecedentium,
482 2011 600 2091 quibua
632 2009 744 2076 Patres
776 2021 1017 2090 rennuerunt,
1038 2013 1199 2094 loquitur.

87 2121 140 2176 ant
158 2112 197 2176 de
217 2111 426 2198 spondentia
449 2114 653 2192 praecedenti
666 2120 788 2193 septem
809 2112 850 2174 ab
872 2114 944 2175 bino
958 2115 1047 2178 annis
1067 2117 1200 2180 eiroiter

88 2215 230 2278 adunata.
254 2215 288 2279 Si
310 2216 350 2277 de
369 2217 436 2294 ipsa
458 2214 587 2296 synodo
608 2215 815 2278 oecumenico
837 2214 987 2296 loquitur
1003 2215 1047 2293 iet
1069 2217 1203 2282 maniis·

87 2324 130 2380 ate
149 2335 189 2380 ex
212 2316 373 2397 partiente
395 2333 483 2378 nune
503 2317 639 2393 onustat)
662 2323 739 2378 tuno
759 2333 886 2380 neeesse
908 2315 993 2381 toret
1024 2325 1061 2381 ut
1081 2317 1116 2382 iu
1134 2319 1201 2398 pri-

88 2434 146 2492 ma,
167 2426 223 2480 aut
244 2420 278 2482 in
298 2416 451 2489 seeundo,
478 2417 546 2478 sire
569 2416 662 2478 tertia
682 2417 751 2478 sire
771 2426 888 2496 quarta
911 2415 1047 2482 dotioue
1068 2427 1100 2481 nt
1126 2420 1200 2499 qui-

87 2517 152 2580 dem
171 2517 303 2600 apeoiaii
328 2524 467 2580 tractatu
489 2516 630 2580 discussa
648 2516 760 2580 inisset
781 2519 930 2596 quaestio
943 2516 1092 2598 Origonis
1112 2519 1199 2600 ejus·

89 2635 147 2698 que
166 2619 371 2699 proscriptio.
386 2615 428 2680 dt
442 2619 474 2680 io
491 2616 539 2678 bis
553 2623 698 2696 quatuor
712 2615 901 2693 dationibus
923 2618 966 2679 nii
988 2618 1122 2697 dietum,
1138 2636 1199 2686 ueu

88 2721 282 2800 propositum
305 2719 367 2783 init
387 2719 426 2781 de
446 2718 597 2796 Origene.
622 2717 806 2790 Praeterea,
822 2720 916 2782 sicuti
938 2718 1054 2782 ibidem
1077 2720 1198 2786 dicitnr

86 2818 119 2882 io
137 2821 204 2902 ipro
221 2821 298 2903 serit
317 2830 346 2883 et
371 2817 523 2882 auertitur
543 2829 646 2882 oestro
664 2827 694 2881 et
721 2817 853 2899 Vipiiiua
876 2819 980 2900 Papo,
1014 2821 1075 2884 boo
1098 2824 1197 2902 megia

86 2923 277 3004 autiregatur
297 2922 438 3002 opinioni
459 2930 599 2993 nostrae,
631 2920 718 3000 quod
741 2921 892 2984 nimirum
914 2939 978 2984 non
999 2921 1062 2986 boo
1082 2920 1196 2988 Conni·

87 3021 161 3086 lium
180 3023 469 3086 animadverterint
490 3021 622 3096 Patres,
643 3019 697 3084 aed
720 3019 861 3084 alterum
881 3020 1085 3099 praecedens.
1109 3018 1197 3102 Vigi-

87 3121 143 3187 tius
156 3142 295 3204 namque
311 3121 395 3202 Papa
418 3139 522 3201 osque
544 3122 685 3184 huonon
706 3120 853 3184 interfuit
874 3117 1038 3200 Concitio3
1055 3121 1195 3202 ideoque

86 3243 182 3306 usque
211 3227 252 3290 ad
274 3225 443 3289 Actionem
464 3224 608 3303 quintam
630 3239 689 3286 noo
720 3224 745 3286 is
769 3221 909 3302 probare
928 3241 988 3286 nee
1017 3223 1195 3303 reprobare

87 3329 183 3403 potnit
202 3334 275 3392 uota
296 3325 416 3410 Synodi
426 3344 439 3405 3
460 3341 520 3388 nee
539 3324 579 3388 de
600 3320 748 3402 Origeuia
770 3337 904 3402 persona
919 3322 1098 3403 quidquam
1119 3339 1195 3406 pro·

86 3429 242 3493 nunoiaro.

156 3529 188 3594 Si
204 3548 284 3595 uero
304 3527 452 3610 Origeuia
473 3526 634 3590 damnatio
650 3530 743 3589 extra
765 3525 846 3590 bnon
860 3524 1027 3609 synodum
1040 3543 1192 3592 oecume-

87 3631 180 3694 ninnm
200 3631 403 3713 exportanda
423 3629 486 3708 sit3
508 3635 541 3691 et
560 3627 586 3692 si
604 3627 801 3692 vocabulum
822 3645 909 3690 nune
924 3628 1060 3693 relative
1074 3629 1114 3693 ad
1135 3645 1193 3692 au·

87 3745 137 3793 nos
156 3729 225 3804 bati.
249 3733 303 3796 rei
321 3728 373 3798 tt.
406 3729 600 3794 intenderint
624 3727 735 3794 Patres
746 3749 758 3808 3
780 3729 911 3810 quando
931 3729 1066 3807 anilioet,
1088 3737 1127 3794 ut
1146 3729 1194 3794 nit

88 3829 249 3900 ineundus
263 3831 504 3906 hermianensis,
519 3831 659 3894 adunata
674 3838 722 3896 eet
734 3829 883 3915 synodus
900 3834 1102 3911 septuaginta
1121 3830 1193 3895 tere

85 3934 300 4013 episcoporum
322 3933 394 4012 (atii
417 3933 545 4012 triginta
565 3935 735 4010 usserunt)
757 3929 904 3994 Romano
925 3929 1076 3995 Antistito
1097 3946 1191 4011 prae·

84 4035 167 4109 senti,
189 4035 346 4116 perijure
367 4035 490 4098 incutio
518 4033 701 4114 praedaene
720 4029 758 4094 io
776 4029 847 4110 ipso
865 4028 941 4113 serit
957 4029 1112 4096 rnortitor
1137 4047 1189 4094 rr-

85 4141 156 4207 rtro,
169 4138 271 4202 minus
292 4145 445 4201 uoourata
468 4135 663 4199 babereturr
680 4150 742 4196 nnn
764 4133 848 4196 enim
861 4127 931 4200 toti.
946 4129 1088 4213 episcopt
1110 4130 1187 4195 buin

88 4229 219 4304 Concitio
233 4237 395 4306 adstitere.
409 4235 471 4304 Sed
494 4237 556 4304 boe
579 4242 729 4302 tremeat.
743 4231 804 4302 Sed
818 4233 906 4316 quod
929 4251 1006 4304 rere
1021 4250 1188 4317 praesum·
