3028 4942
343 519 415 584 tos,
437 525 476 570 ne
497 509 538 572 ab
559 505 690 571 Rulllno
721 521 780 586 per
800 502 924 568 ltaliam
947 502 1180 584 dissiparentur
1200 505 1372 586 origeniani
1394 525 1438 570 er·
1500 531 1501 590 i

338 628 442 686 rores,
458 611 622 674 submissis
643 609 764 672 idoneis
779 608 878 684 airis,
898 609 1039 673 bdelium
1054 626 1151 672 aures
1171 617 1269 689 atque
1284 612 1315 673 iu
1332 612 1434 691 primia
1500 625 1501 640 ¹

341 713 568 796 episcoporum
591 727 831 790 praeoccupare
852 710 1022 774 studuisse.
1039 708 1268 790 coniecturam
1290 710 1321 773 id
1344 711 1436 792 pluri·
1500 719 1501 728 ’

340 831 429 877 mum
451 822 569 893 auget,
592 811 679 892 quod
702 811 851 875 lluliinus
874 812 1056 893 Aquileiam
1079 829 1236 891 pergens,
1259 809 1437 884 Mediolani,

342 931 407 993 qua
429 915 491 976 iter
511 913 706 988 instituerat,
728 913 903 993 aliquando
926 923 1083 987 moratus,
1106 913 1233 975 obviam
1249 913 1364 978 babuit
1383 911 1439 975 llu-

340 1014 464 1078 sebium
478 1033 734 1078 cremonensem:
761 1033 909 1095 quocum
927 1021 958 1078 et
973 1017 1150 1078 altercatus
1164 1022 1213 1078 est
1226 1015 1265 1077 de
1280 1015 1367 1088 loeo,
1381 1015 1439 1075 siae

340 1117 494 1180 sententia
507 1118 647 1197 quadam
666 1118 823 1180 versionis
840 1116 1034 1180 Periurclaou
1055 1119 1177 1198 abipso
1193 1125 1314 1180 temere
1338 1117 1440 1196 depra-

343 1227 427 1282 vata.
452 1216 533 1281 llinc
554 1217 704 1283 Norisius
726 1219 945 1284 indubitanter
965 1219 1104 1294 conticit,
1127 1217 1295 1282 Bullinum
1316 1238 1357 1280 eo
1377 1235 1441 1280 con·

340 1320 415 1383 silio
436 1317 656 1384 Mediolanum
680 1328 747 1383 tum
770 1320 955 1402 Aquileiam
976 1339 1010 1385 se
1032 1320 1228 1396 contulisse,
1254 1329 1292 1382 ut
1313 1317 1441 1382 elarissi·

342 1437 411 1483 mos
431 1421 586 1484 antistites
602 1417 788 1496 Venerium,
811 1429 908 1501 atque
924 1421 1144 1484 Chromatium
1165 1421 1223 1483 sibi
1238 1419 1440 1500 adiungeret:

341 1537 483 1598 quorum
504 1539 565 1600 ope
587 1521 706 1597 iretus,
731 1530 903 1600 utramque
924 1522 1086 1585 civitatem
1115 1522 1212 1600 impio
1236 1521 1384 1601 dogmate
1402 1520 1442 1580 la·

342 1618 531 1684 belactaret.
549 1618 672 1685 Verum
693 1638 792 1700 quam
817 1631 904 1684 recte
926 1621 956 1683 id
978 1621 1110 1701 colligat
1131 1621 1362 1700 praelaudatus
1383 1621 1441 1682 Au·

342 1727 425 1795 ctor,
441 1721 495 1784 alii
507 1722 662 1803 iudicent.
680 1719 762 1786 Nam
778 1721 855 1802 quid
877 1721 1085 1803 coniunctum
1103 1723 1221 1784 babere
1239 1723 1364 1784 tandem
1380 1739 1441 1801 pos·
1500 1743 1501 1800 i

344 1824 386 1884 sit
400 1823 558 1904 eiusmodi
572 1843 729 1888 occursus
743 1831 776 1886 et
788 1822 1005 1904 expostulatio
1022 1823 1074 1886 ael
1086 1841 1161 1886 eum
1178 1826 1329 1886 intentata
1343 1827 1443 1906 iprout

345 1922 494 1989 Norisius
521 1926 649 2003 censet)
675 1927 900 2007 episcoporum
922 1926 1166 2005 approbatione,
1195 1927 1244 1988 vel
1267 1945 1341 1988 cum
1366 1925 1442 1988 neia-

344 2029 395 2090 rio
416 2045 500 2091 ausu
521 2027 746 2108 propagandae
767 2028 973 2108 origenianae
1003 2026 1184 2106 impietatis,
1207 2045 1269 2089 non
1291 2027 1442 2091 mehercle

346 2129 450 2193 rideo.

427 2250 444 2288 e
459 2227 579 2292 Deinde
594 2231 649 2311 qui
668 2239 714 2295 tot
735 2230 897 2294 molestias
907 2231 1098 2311 Origenismi
1114 2249 1209 2295 causa
1223 2229 1346 2294 liomae
1359 2229 1442 2292 susti·

344 2331 486 2394 unisset:
508 2331 565 2412 qui
586 2339 619 2395 et
639 2333 812 2397 submissos
827 2351 1074 2414 quaquaversus
1094 2341 1201 2396 nosset
1219 2333 1269 2396 sni
1293 2331 1442 2392 obtrecta-

344 2441 451 2508 tores:
471 2436 526 2512 qni
542 2434 678 2515 denique
695 2435 893 2498 haereticum
909 2453 943 2499 se
959 2436 1069 2498 baberi
1088 2451 1250 2514 nunquam
1266 2450 1376 2512 passus
1389 2438 1440 2502 est,

343 2551 475 2597 rursum
496 2553 535 2598 ue
555 2533 746 2616 Origenismi
768 2537 895 2600 nomine
913 2525 1100 2609 Mediolani,
1118 2536 1189 2599 dein
1206 2534 1375 2616 Aquileiae
1395 2549 1440 2593 ne·
1499 2569 1500 2592 t

343 2637 465 2715 gotium
486 2637 545 2699 sibl
560 2637 733 2702 ooullatum
749 2639 848 2702 vellet
859 2637 876 2702 ‘l
892 2638 1057 2702 Postremo
1072 2639 1149 2718 quid
1170 2635 1355 2700 Mediolano
1375 2652 1441 2698 uam

342 2736 522 2822 Aquileia?
537 2737 622 2816 Quid
638 2738 777 2804 Venerio
791 2757 865 2803 eum
883 2737 1096 2804 Chromatio'?
1110 2737 1196 2802 Num
1212 2757 1291 2817 ergo
1305 2739 1333 2800 si
1346 2734 1441 2816 siquid

228 2922 232 2932 Ι
343 2836 494 2902 llultinus
521 2841 588 2903 illio
608 2841 773 2904 intentarit
803 2841 912 2921 (quod
936 2847 1124 2903 tamennon
1158 2837 1360 2915 ostenditur)
1391 2836 1441 2898 idi·

344 2957 438 3018 psum
459 2943 565 3004 statim
587 2953 721 3006 conatus
751 2943 851 3005 luerit
872 2939 1073 3022 Aquileiae?
1095 2943 1143 3003 An
1168 2959 1244 3003 vero
1265 2939 1441 3004 Chromatio

341 3041 520 3103 damnatori
542 3041 702 3122 Origenis,
719 3052 806 3105 tanta
827 3062 901 3105 eum
921 3033 1051 3105 llnltino
1072 3045 1302 3107 intercessisset
1320 3039 1442 3104 necessi·

342 3141 436 3214 tudo,
457 3151 576 3221 quauta
599 3154 756 3224 perpetuo
778 3145 969 3218 intercessit,
997 3147 1023 3205 si
1044 3163 1078 3206 se
1098 3161 1256 3224 suamque
1276 3141 1437 3205 dioecesim

344 3245 526 3322 origeniana
550 3253 636 3323 peste
659 3247 713 3308 bic
734 3245 864 3308 inlicere
886 3243 1065 3309 tentasset?
1086 3264 1102 3302 a

427 3343 505 3407 lteur
527 3345 711 3410 Cacciarins
733 3349 764 3408 in
785 3349 880 3409 eitata
897 3345 1128 3410 {dissertatione
1143 3365 1171 3409 e.
1188 3343 1273 3410 xxt.
1298 3365 1356 3426 pro
1373 3341 1440 3408 ttut·

344 3443 409 3508 lino
429 3447 525 3525 plura
547 3449 774 3512 animadvertit
788 3448 827 3510 de
841 3450 892 3523 iis,
913 3466 997 3527 qnae
1013 3445 1231 3529 Hieronymus
1257 3449 1316 3527 ipsi
1338 3445 1442 3528 obiecit
1498 3451 1499 3520 ss

345 3563 387 3608 ex
409 3544 589 3626 Apologia,
612 3567 710 3628 quam
732 3565 792 3626 pro
813 3565 871 3610 sua
894 3548 955 3609 lide
977 3549 1060 3610 misit
1081 3547 1249 3610 Anastasio
1273 3545 1397 3626 Papae=
1416 3545 1441 3604 in
1498 3593 1499 3598 ,

346 3648 464 3726 quibus
486 3650 565 3712 baec
586 3650 721 3712 notanda
743 3660 837 3712 suut:
862 3647 1010 3729 ultaque
1032 3647 1178 3712 llulliuus
1203 3667 1344 3730 purgans
1364 3665 1395 3712 se
1408 3645 1442 3706 A·
1498 3673 1499 3716 t

346 3752 497 3826 nastasio,
521 3761 586 3812 tres
598 3759 756 3812 memorat
776 3753 947 3814 sententias
962 3751 1001 3812 de
1023 3752 1202 3814 animarum
1221 3751 1400 3814 creationes
1415 3763 1442 3806 a·
1498 3717 1499 3767 ¹

346 3849 424 3911 liam
440 3851 664 3926 asserentium,
681 3869 734 3914 eus
748 3869 822 3914 eum
838 3870 977 3932 corpore
990 3851 1122 3914 diiluodi
1138 3869 1196 3930 per
1217 3852 1350 3915 humani
1365 3847 1443 3912 seui·

347 3953 394 4014 nis
410 3951 588 4028 traducem,
605 3954 700 4018 aliam
717 3953 1001 4034 propugnantium,
1016 3953 1160 4016 iormatis
1173 3954 1239 4033 iam
1251 3951 1440 4034 corporibus,

347 4067 366 4110 a
389 4049 456 4112 lleo
477 4053 594 4128 creari,
617 4063 714 4132 atque
735 4053 880 4116 inluudia
912 4057 1039 4117 tertiam
1062 4053 1200 4132 denique
1221 4053 1373 4124 illorum,
1392 4045 1439 4126 qui

346 4166 401 4211 eas
416 4150 514 4212 laetas
530 4159 644 4231 putant
659 4153 747 4214 initio
762 4154 932 4216 creationis
948 4172 1072 4228 rerum,
1085 4154 1193 4215 divino
1208 4163 1319 4217 autern
1331 4145 1439 4233 judicto

346 4267 432 4314 nunc
447 4253 478 4314 iu
499 4253 692 4331 corporibus
707 4254 892 4334 dispensari.
915 4251 998 4317 l'uua
1016 4251 1119 4320 Deum
1143 4263 1290 4333 testatus,
1308 4257 1393 4332 negat
1408 4261 1439 4306 se
