3186 4946
1188 425 1230 496 23

121 523 287 591 mulsae?
298 533 330 590 et
345 526 429 590 idem
445 525 665 615 Hieronymus
680 530 780 607 addit,
797 530 1065 597 commendatitiis
1080 528 1226 613 ejusdem

125 625 275 694 Demetrii
309 631 424 695 litteris
455 632 653 696 Alexandria
686 632 868 714 proiectum
902 631 1225 716 venisse-hemam,

125 739 159 796 ut
179 733 390 797 ecclesiarum
411 733 547 798 dissidiis
568 736 753 799 consuleret
773 743 806 799 el
826 753 955 799 errores
983 737 1024 799 ah
1045 736 1109 800 illis
1135 753 1228 800 saer·
1355 726 1358 732 ’

125 833 230 898 taret?
251 837 301 899 hc
327 835 441 900 deinde
472 835 661 901 Caesaream
695 835 894 902 Palaestinae
922 845 1070 920 repetens
1097 838 1229 902 scholae

124 935 311 1000 christianae
332 938 375 1000 ihi
391 955 508 1001 munus
524 939 616 1016 obiit,
634 939 791 1020 episcopis
805 949 838 1002 et
853 936 1000 1003 ddelihus
1013 941 1161 1003 omnihus
1177 957 1229 1004 ec·

124 1037 341 1118 reptissimus5
363 1045 395 1102 el
415 1039 455 1101 ad
478 1057 587 1120 quem,
611 1040 711 1120 paulo
733 1046 806 1119 post
828 1039 1001 1102 virtutibus
1015 1050 1048 1102 et
1061 1040 1229 1103 miraculis

123 1139 152 1201 in
172 1139 230 1201 rita
253 1158 313 1203 sua
328 1140 659 1204 commendatissimas
675 1139 917 1205 Neocaesareae
933 1142 1103 1222 episcopus
1123 1143 1229 1205 adhuc

122 1239 243 1319 iuuenis
254 1259 326 1305 sese
342 1244 464 1322 recepit
478 1239 757 1320 Gregoriuleui
772 1261 847 1306 cunt
860 1261 900 1306 ec
915 1242 954 1305 ad
971 1243 1228 1323 quinquennium

124 1353 349 1418 commoratus,
374 1355 498 1408 tautum
521 1343 659 1425 proiecit
678 1345 740 1409 suh
763 1350 850 1409 tauto
877 1351 1100 1426 praeceptore,
1133 1353 1169 1407 ut
1189 1344 1231 1407 ah

124 1461 160 1505 so
178 1442 344 1509 discedens
365 1447 447 1526 grati
468 1447 565 1510 animi
587 1465 665 1528 erqo
686 1435 835 1512 sollemni
856 1447 1034 1511 cumularit
1051 1447 1167 1527 elogio.
1196 1445 1231 1508 ln

123 1562 194 1624 quo,
210 1545 265 1610 obi
282 1549 408 1611 notavit
428 1565 457 1610 n.
469 1545 499 1611 5.
518 1565 648 1612 sacrum
664 1549 750 1613 hunc
767 1551 872 1614 tirum
886 1550 928 1611 ah
944 1549 1231 1613 alexandrinorum

125 1649 200 1712 urhe
220 1650 252 1712 in
275 1651 365 1713 hunc
384 1649 494 1714 locum
518 1653 663 1729 venisse,
686 1652 834 1731 deinceps
855 1651 895 1716 de
916 1671 976 1716 suo
996 1653 1103 1718 laetus
1124 1651 1232 1734 prole·

124 1754 173 1812 ctu
192 1751 223 1813 io
244 1750 462 1817 Christianam
484 1751 683 1834 Religionem
706 1771 736 1815 n.
751 1749 801 1822 ttl.
816 1754 943 1818 subdite

197 1849 321 1933 «Rogo
343 1861 451 1917 autern
474 1855 693 1936 philosophos,
710 1855 766 1936 qui
783 1871 869 1918 nnnc
888 1861 975 1933 sunt,
995 1861 1158 1936 quotquot
1172 1871 1231 1934 ego

125 1955 191 2016 nori
212 1954 295 2035 ipse,
318 1963 351 2018 et
371 1939 459 2036 quos'
474 1955 546 2019 aliis
567 1957 772 2020 narrantibus
792 1957 915 2034 andivi,
932 1957 1075 2020 homines
1090 1957 1167 2021 item
1181 1973 1232 2020 ce·

126 2062 217 2136 teros;
240 2064 279 2120 ut
301 2075 386 2136 quae
397 2075 419 2140 ¹a
434 2058 525 2120 nohis
542 2075 628 2122 nunc
639 2057 805 2135 dicuntur,
822 2075 928 2139 aequo
943 2059 1049 2121 animo
1064 2058 1232 2139 accipiant.

124 2151 186 2219 Nec
207 2174 289 2220 vero
311 2157 483 2238 quisquam
506 2159 585 2222 haec
606 2158 714 2222 dicere
735 2158 915 2222 arbitretur
935 2166 994 2222 aut
1017 2175 1128 2221 amore
1158 2175 1234 2238 erga

128 2257 227 2319 rirum
248 2265 310 2322 aut
330 2259 535 2339 reliquorum
557 2260 827 2340 philosophorum
848 2260 924 2323 odic
948 2304 1080 2322 ......
1109 2257 1174 2336 Qui
1195 2277 1235 2323 ne

126 2356 382 2424 adolescentulus
403 2360 546 2441 quidem,
570 2379 644 2424 cum
665 2362 858 2443 popularem
880 2361 1136 2442 elequentiama
1163 2361 1237 2424 rhe-

127 2463 193 2522 tore
213 2459 374 2536 docerer,
396 2461 510 2526 landes
531 2461 726 2542 cujusquam
747 2470 859 2543 sponte
889 2463 1040 2543 persequi
1066 2469 1235 2542 poteram,

129 2578 206 2641 quae
229 2580 329 2626 uerae
343 2581 406 2626 non
419 2571 535 2626 essent.
555 2561 667 2640 Quare
682 2583 787 2645 neque
816 2567 902 2629 hunc
916 2566 1052 2630 laudare
1067 2565 1236 2629 instituens

127 2663 263 2728 aliorum
288 2664 578 2746 vituperationibus
600 2667 715 2729 extolli
746 2668 833 2730 hunc
854 2676 1006 2747 oportere
1022 2668 1177 2731 arbitror.
1196 2665 1238 2732 ttt

127 2764 193 2826 viro
213 2783 291 2827 sane
311 2764 451 2844 injurius
472 2784 587 2840 essem,
602 2769 628 2829 si
650 2768 791 2832 aliorum
816 2768 911 2843 vitiis,
926 2777 963 2831 ut
986 2769 1089 2848 majus
1111 2766 1235 2848 aliquid

128 2863 164 2927 de
183 2865 251 2946 ipso
275 2865 383 2928 dicere
405 2865 560 2942 habeam,
584 2867 709 2931 beatam
731 2868 802 2948 ejus
825 2867 923 2930 vitam
946 2867 1096 2931 conterre
1118 2869 1236 2932 relims

127 2983 184 3028 non
204 2968 287 3030 adeo
307 2985 380 3031 sum
402 2983 511 3032 amens
523 2989 533 3046 ;
557 2969 612 3030 sed
634 2969 721 3048 quod
744 2968 819 3031 milti
842 2969 970 3044 accidit,
987 2972 1055 3032 sine
1080 2969 1147 3033 ulla
1164 2987 1239 3034 con·

130 3068 287 3143 tentione,
308 3067 468 3148 nulloque
489 3069 643 3132 orationis
666 3070 741 3132 inco
763 3069 943 3133 confitebor
967 3077 1028 3132 etc.
1046 3090 1061 3128 a
1090 3069 1139 3134 hu
1161 3070 1239 3134 into·

130 3171 187 3231 rim
209 3187 400 3250 progressus
423 3172 454 3233 in
474 3171 626 3235 laudibus
647 3170 795 3250 Origenia
823 3173 987 3249 texendis,
1012 3171 1117 3235 virum
1140 3171 1240 3251 piissi-

129 3285 214 3333 mum
236 3289 276 3334 ac
297 3270 366 3334 lere
387 3271 531 3334 divinum
553 3277 730 3353 nuncupat.
747 3271 794 3334 dc
814 3273 845 3334 in
863 3271 978 3335 dirinis
994 3271 1239 3352 Scripturisex-

129 3372 277 3449 ponendis
298 3373 354 3435 ait:
368 3368 521 3436 silenum
539 3374 599 3436 hoc
614 3373 670 3434 ille
686 3376 863 3437 maximum
875 3373 1027 3436 divinitus
1039 3391 1238 3446 concessum,

132 3481 316 3552 sortemque
338 3473 378 3535 de
399 3475 492 3537 coelo
513 3476 667 3554 optimam
691 3474 799 3549 hebet,
817 3482 852 3537 ut
868 3473 925 3538 Dei
940 3489 1125 3536 sermonum
1143 3475 1241 3536 inter·

131 3590 198 3651 pres
218 3576 260 3637 sit
281 3575 366 3656 apud
391 3576 556 3656 homines;
579 3572 704 3654 licique
727 3577 838 3653 verba,
861 3575 952 3655 quasi
975 3573 1043 3638 Deo
1069 3575 1236 3655 loquente,

130 3673 283 3754 intelligat
295 3695 306 3754 ;
329 3683 362 3738 et
383 3678 578 3753 hominihus,
602 3684 637 3739 ut
660 3677 805 3740 homines
821 3678 1011 3757 percipiant,
1035 3683 1166 3738 enarret
1181 3719 1238 3738 ...

131 3772 235 3855 dtque
257 3783 294 3839 ul
316 3779 426 3857 paucis
454 3778 580 3854 dicum,
605 3778 719 3840 hortus
740 3775 870 3856 quidam
898 3793 1013 3839 revera
1034 3775 1126 3838 nobis
1148 3781 1239 3850 erat,

132 3878 230 3955 magni
253 3877 342 3940 illius
363 3878 503 3957 paradisi
527 3876 585 3940 llcl
606 3878 848 3942 similitudinem
872 3877 1015 3940 relercna
1038 3883 1099 3941 etc.
1118 3896 1134 3934 a

207 3975 248 4040 dt
268 3981 296 4042 si
318 3985 405 4042 tanta
426 3981 592 4059 scripserit
614 3987 720 4043 tantus
743 3977 794 4040 tir
814 3978 853 4041 dc
874 3975 1037 4058 Origene,
1061 3978 1132 4058 quis
1155 3979 1239 4042 hunc

134 4075 262 4142 audebit
282 4097 470 4160 nuncupare
493 4080 706 4154 haereticum,
728 4079 931 4161 proindeque
952 4078 1101 4158 iugatum
1123 4079 1163 4140 ah
1183 4077 1245 4140 he·

132 4185 237 4261 ssppto,
261 4186 298 4243 ul
319 4181 450 4244 hortum
473 4180 599 4243 divinae
620 4182 772 4242 scientiae
789 4179 947 4259 plantaret
962 4181 994 4240 in
1011 4187 1096 4242 terra
1114 4179 1239 4241 alienat
1281 4194 1289 4207 ·

134 4280 277 4344 coelestis
298 4283 521 4363 philosophiae
543 4283 666 4346 radices
688 4281 800 4361 tigerat
823 4284 853 4344 in
869 4299 948 4363 agro
964 4279 1126 4362 proian03
1142 4279 1239 4343 divini
