3048 4946
70 565 190 645 epistota
216 565 393 647 plurimum
414 565 553 645 statutt,
576 573 611 630 ut
634 563 797 630 Pontificio
811 561 919 648 Viqiiii
942 553 976 628 in¹
994 582 1056 630 suo
1075 562 1163 647 latii·

69 667 114 728 oio
132 665 311 730 adstrueret
330 666 549 742 stabilitatem

137 765 343 844 contesimo,
366 787 425 832 nec
447 770 509 832 hoc
529 775 578 830 est
589 764 877 849 praetereuntium,
899 783 985 842 carn,
1007 781 1093 846 quae
1113 764 1163 830 ‹ii-

65 867 141 932 citor
155 865 260 948 Vigiiii
277 869 447 956 Encyciica
463 870 504 933 ad
520 872 705 934 universam
719 867 914 944 Ecclesiam,
925 876 957 932 et
970 866 1059 933 aliud
1076 865 1163 948 cios·

64 969 127 1033 tien
144 967 301 1034 Pontificio
321 972 489 1036 decretum
505 971 544 1036 sie
565 971 774 1052 suspensione
792 979 824 1035 ct
838 970 1043 1036 damnatione
1057 967 1161 1034 roao-

63 1071 125 1134 iori
141 1071 318 1136 Caesareae
333 1072 556 1156 Cappadociae
577 1073 733 1155 episcopi,
747 1083 840 1138 extra
862 1071 1084 1154 quaestionem
1106 1090 1163 1135 uo·

62 1179 152 1237 stram
169 1175 288 1254 sagari.
306 1171 342 1236 in
364 1185 505 1256 utroque
529 1174 614 1238 cuim
634 1175 756 1256 scripto
770 1173 861 1238 uuila
884 1173 1016 1250 mentio,
1032 1191 1092 1237 nec
1107 1191 1164 1237 cx·

60 1272 159 1355 plicita
171 1293 229 1340 uec
248 1278 435 1341 summatim
452 1277 617 1357 reperitur
637 1276 677 1341 sic
698 1278 927 1357 cpiscoporum
946 1273 1097 1340 conflictu
1119 1274 1163 1338 ob

62 1374 115 1436 tria
135 1373 375 1456 capitulascti
389 1396 432 1441 ex
453 1377 591 1440 noveno
613 1376 808 1454 trecennis,
830 1374 935 1440 altera
950 1374 1164 1455 comprohen-

60 1473 141 1540 ditur
159 1481 309 1558 quaestio
329 1479 435 1544 multo
457 1485 529 1559 post
550 1480 668 1559 agitata
692 1481 792 1560 panio
811 1485 886 1542 ante
899 1477 1073 1543 iustiniani
1094 1475 1163 1540 citi·

61 1586 135 1653 tun,
156 1579 196 1644 ie
219 1577 319 1646 Verbi
342 1577 399 1644 iici
420 1579 699 1660 dispensationem
719 1595 830 1654 carne,
846 1578 929 1643 idest
949 1577 989 1642 tie
1012 1579 1162 1642 incorru-

58 1679 224 1760 ptibilitate
245 1683 393 1763 corporis
413 1680 534 1747 Christi
549 1690 624 1745 note
645 1681 933 1746 resurrectionem:
955 1679 1050 1762 cuius
1070 1695 1164 1759 prae·

57 1781 159 1859 ciouns
180 1792 291 1862 partos
310 1784 454 1865 suscepit
474 1786 541 1863 ipse
562 1780 755 1846 Theodorus
775 1779 964 1846 Caesareas.
986 1779 1163 1844 Praeterea

57 1897 112 1946 nec
131 1884 345 1963 ignorandum
367 1894 426 1962 est,
449 1887 587 1966 quaein
611 1885 673 1948 trac
696 1889 904 1967 praesumpta
927 1881 1035 1963 vigilii
1057 1879 1163 1966 Ency·

54 1983 127 2048 ciica
145 1997 325 2051 narrantur
345 1987 386 2050 ab
401 1987 470 2068 ipso
483 1977 641 2052 'toottfloe
658 1986 822 2051 toleratae
847 1985 1033 2049 vexationes
1053 1984 1085 2048 in
1106 1983 1162 2048 ito·

55 2085 141 2152 siiicn
173 2085 264 2154 Petri
285 2089 317 2152 in
338 2087 502 2166 Ormisda,
533 2089 660 2153 easdem
689 2088 782 2153 citari
812 2085 965 2168 praetatis
989 2085 1162 2150 adornatas

55 2185 303 2253 circumstantiis
323 2187 364 2251 ab
387 2186 558 2253 Eustethio
580 2191 612 2254 in
637 2189 702 2253 rita
722 2207 749 2253 ss
771 2186 924 2274 Eutychii
946 2205 978 2251 n.
1000 2185 1053 2252 37.
1076 2185 1165 2267 acuti

54 2283 268 2354 Boiiandistas
297 2289 348 2352 die
368 2286 399 2354 6.
422 2289 563 2370 Aprilia3
595 2307 698 2371 quutn
727 2289 795 2370 ipse
824 2290 1008 2371 patriarcha
1037 2289 1162 2370 primns

52 2387 221 2455 iustiniani
238 2389 355 2454 Edicto
369 2390 499 2464 restitit,
514 2390 626 2472 inquo
646 2393 801 2456 sententia
824 2390 1072 2456 continebatur:
1094 2407 1164 2453 cor·

44 2509 104 2572 pes
127 2489 250 2558 Christi
268 2500 342 2556 onte
368 2490 624 2556 resurrectionem
643 2491 681 2556 oi»
700 2492 850 2556 unionem
874 2511 945 2557 cam
974 2491 1061 2555 Vario
1080 2489 1164 2555 dioi-

49 2612 101 2670 ao,
118 2593 314 2676 impossibile
342 2591 441 2674 [uisas
460 2605 489 2657 ct
508 2593 765 2676 incorruptibiles
798 2597 837 2659 dc
868 2614 935 2677 qno
957 2594 1092 2659 inieriur
1116 2594 1164 2657 tii·

47 2695 246 2775 contahitur.
270 2693 480 2777 Quapropter
500 2715 574 2760 curn
596 2697 775 2760 nuilimode
796 2699 1005 2769 ostendimus.
1022 2695 1078 2758 has
1100 2695 1164 2758 cir·

47 2800 260 2862 constantias
274 2795 511 2860 accommodari
529 2795 635 2877 Vigiiii
653 2799 761 2878 quatis,
779 2807 866 2878 patet
891 2799 1048 2880 genuinae
1065 2799 1165 2861 histo·
1217 2835 1219 2840 -

46 2899 112 2962 riae
133 2908 352 2980 corruptores
372 2897 503 2962 aliunde
525 2907 690 2963 mutuatos
712 2919 793 2974 csse,
810 2900 890 2963 idest
911 2900 951 2963 ab
975 2899 1158 2965 Eustathio.

47 2994 108 3074 Qui
133 2998 329 3078 ceteroquin
353 3016 494 3063 coaevus
517 3000 617 3076 testis,
634 3017 696 3062 noo
711 3002 750 3063 ad
768 2999 935 3080 vigilium,
951 2999 1004 3064 sed
1022 3010 1095 3079 post
1109 2998 1164 3062 Vi·

44 3096 107 3176 giiii
128 3099 291 3179 ipsius-ct
309 3097 431 3179 Pelagii
455 3098 559 3180 Papae
575 3097 599 3160 Ι.
622 3101 759 3175 obitum,
773 3101 862 3182 jure,
880 3101 1015 3181 ingenue
1036 3119 1074 3164 ac
1093 3101 1163 3165 sino

46 3197 199 3264 iiiusione
223 3201 306 3264 isaac
327 3201 453 3275 retulit,
475 3200 619 3279 cruciata
642 3209 718 3264 tunc
740 3202 954 3266 invalescente
975 3203 1164 3281 quaestione

44 3296 82 3364 ic
95 3300 359 3382 impassibilitate
381 3302 528 3383 corporis
544 3301 662 3368 Christi
677 3300 756 3365 Jcsu
781 3309 855 3364 ants
877 3303 1160 3366 resurrectionem.

120 3400 273 3482 ideoque
293 3409 422 3478 cuncta,
437 3421 522 3482 qnae
536 3403 576 3466 dc
589 3402 855 3466 obtestationibus
876 3411 1052 3466 narrantur
1072 3420 1091 3466 n
1109 3400 1165 3465 Vi·

41 3503 117 3584 qilio
132 3506 264 3569 emissis
286 3522 347 3584 pro
363 3504 466 3568 tribur
487 3503 647 3585 Capitulis
672 3504 827 3568 adsersus
849 3503 1038 3568 eorumdem
1059 3521 1164 3585 expu-

40 3605 339 3686 contesseratio
360 3605 533 3686 palinodia,
551 3625 609 3671 seu
624 3607 663 3670 oe
680 3605 1012 3686 tergiversationibus,
1034 3605 1103 3669 sire
1122 3604 1163 3669 dc

41 3709 227 3789 sacrilegiis
251 3707 283 3768 in
303 3707 454 3770 cumdem
475 3708 623 3787 patratis,
653 3717 711 3772 aut
731 3707 772 3770 tic
795 3707 967 3782 violentiis,
987 3706 1030 3769 ¹tie
1051 3723 1161 3770 carce·

40 3807 131 3876 ribus
153 3809 200 3874 ait
224 3812 297 3890 ipso
319 3808 405 3890 Papa
428 3809 592 3885 toleratis,
615 3808 798 3874 iustiuinno
821 3809 968 3890 iubente,
990 3816 1029 3872 ut
1049 3807 1166 3872 conde·

40 3912 164 3976 sonatio
186 3917 453 3988 extorqueretur
485 3910 584 3974 trium
605 3908 849 3990 capitulorum,
871 3910 956 3973 inter
979 3907 1166 3972 commenti·

42 4013 101 4076 tias
116 4011 329 4078 numeranda
354 4019 427 4076 sunt
449 4012 729 4076 schismaticorum
748 4012 949 4076 narrationes
972 4011 1012 4073 ad
1027 4011 1166 4075 iiiuden·
1287 4073 1292 4086 ,

37 4113 130 4189 dum,
164 4131 258 4195 quae
279 4113 408 4178 sincere
434 4122 468 4177 ct
487 4114 641 4179 canonice
661 4113 790 4178 definita
821 4118 896 4178 suut
919 4114 950 4176 in
971 4111 1101 4197 synodo
1123 4109 1160 4177 V.

34 4222 67 4278 et
88 4233 107 4280 a
133 4212 264 4297 Vigiiio
288 4213 415 4280 iirtuata
436 4217 468 4280 in
489 4211 674 4282 Constituto
694 4215 899 4282 novissimo.¹

448 4435 768 4480 ..w-—
