2982 4934
293 352 488 538 {Percurre
509 472 575 529 ιιιι
596 470 762 536 quamque
781 452 856 518 ldeo
874 450 973 516 monti
995 449 1158 521 Ecclesiae
1180 447 1295 512 Patres
1316 448 1395 512 altis-

294 561 373 624 sime
387 557 665 633 commendarunt,
683 556 783 619 ueluti
798 555 949 618 eximiam
961 551 1080 618 Christi
1092 551 1329 631 discipulorum
1344 559 1399 612 tes·

292 677 414 735 seram,
437 677 475 722 ac
492 657 668 739 Religionis
688 657 887 721 Christianae
907 673 1006 736 super
1028 671 1123 720 vanas
1143 655 1349 718 ethnicorum
1370 660 1399 714 st

292 760 562 843 philosophorum
582 767 684 824 sectas
705 757 995 824 luculentissimum
1026 757 1236 820 excellentiae
1259 755 1398 818 testimo·

292 864 391 926 nium.
409 860 435 925 E
450 863 568 942 quibus
583 863 732 926 omnibns
748 859 966 934 concluditur,
987 857 1220 940 Hieronymum
1242 875 1345 939 quana
1357 874 1399 918 se·

297 963 460 1026 serissime
473 970 505 1025 et
525 963 599 1025 hine
612 963 774 1025 immerito
794 959 992 1040 corripuisse
1007 955 1207 1039 Evagrium5
1222 969 1255 1022 ct
1277 965 1401 1037 praeter

296 1063 394 1145 lanius
416 1070 552 1127 mentem
575 1063 768 1127 vocabulum
800 1056 941 1130 ἀπάθεια
960 1057 1196 1140 impossibilitas
1218 1063 1403 1139 interpreta-

298 1170 366 1224 tum
387 1179 466 1225 esse.
490 1160 659 1243 Nusquam
674 1165 757 1228 enim
779 1166 876 1228 talem
897 1163 967 1228 lieri
987 1163 1070 1226 nisit
1097 1160 1269 1242 Euagrius,
1295 1162 1327 1224 in
1348 1161 1403 1222 ιιι

298 1265 361 1328 vita
384 1265 576 1328 monachum
598 1283 656 1328 nec
675 1283 872 1346 quemquam
898 1265 1119 1330 affectionibus
1145 1267 1348 1340 immunem,
1373 1271 1405 1325 ut
1483 1261 1484 1264 ’

297 1361 360 1426 Deo
374 1361 514 1445 aequalis
535 1365 658 1440 condat,
680 1375 736 1428 ιιι
758 1363 839 1428 neas
859 1365 913 1440 eil,
935 1375 993 1429 cat
1011 1382 1140 1430 ιιιιιι.

378 1461 465 1527 Ιιιιι
485 1482 583 1545 porro
605 1483 644 1529 eo
666 1467 768 1530 minus
791 1467 913 1529 admitti
935 1474 1038 1546 polest
1063 1466 1208 1530 docuisse
1229 1463 1405 1544 Euagrinm

297 1582 401 1646 neque
424 1585 465 1629 ex
486 1585 520 1630 ιι
541 1585 645 1647 neque
673 1585 714 1629 ex
735 1567 897 1647 Origene,
920 1585 986 1648 qno
1007 1567 1145 1648 amplius
1165 1566 1249 1630 alter
1269 1566 1406 1628 alterum

298 1668 461 1748 explanet,
484 1675 516 1731 ιι
536 1668 631 1730 ambo
647 1677 733 1731 reela
756 1670 903 1732 incedant
924 1671 985 1732 tia.
1004 1667 1074 1749 lpse
1095 1685 1233 1748 namque
1254 1667 1406 1746 Origenes

299 1768 495 1832 vocabulum
512 1764 858 1849 ἀπάθειαιριιιιιιιιιι
872 1771 938 1835 suis
953 1787 1121 1832 conserens
1139 1769 1344 1833 sermonibus
1358 1784 1406 1828 eo·

298 1869 370 1930 dem
392 1887 486 1957 sensu
508 1871 633 1948 ditarit,
657 1872 736 1933 idest
757 1871 797 1934 de
817 1872 995 1934 resistentia
1017 1870 1152 1948 passiva,
1169 1877 1206 1932 nt
1221 1869 1321 1949 uulgo
1336 1866 1407 1930 dici·

302 1977 368 2042 lnr,
382 1971 538 2035 adversus
549 1983 732 2036 nostrarum
743 1971 948 2034 affectionum
965 1979 1080 2038 motus.
1097 1967 1327 2051 ltaqueTomo
1339 1962 1403 2030 XX.
1483 2025 1484 2044 ξ

299 2086 329 2129 ι.
350 2067 400 2134 29.
433 2070 469 2132 in
498 2069 654 2134 Joouaam
675 2092 716 2136 es
739 2073 859 2136 Christi
891 2071 1018 2134 serbis:
1045 2089 1100 2152 ego
1126 2070 1326 2134 doemonium
1347 2083 1404 2130 saca

305 2170 410 2247 lateo,
427 2173 567 2251 prinum
587 2175 710 2249 statuit,
725 2190 888 2252 nunqnam
903 2171 971 2234 lieri
987 2191 1090 2253 posse,
1107 2181 1144 2236 ut
1158 2172 1256 2236 homo
1269 2173 1330 2236 etsi
1343 2185 1408 2250 pter·
1483 2219 1485 2274 i

312 2271 427 2349 lectus,
450 2274 597 2337 immunis
618 2276 649 2336 io
672 2276 731 2337 lanc
745 2277 805 2337 vita
828 2275 973 2338 evadato
991 2275 1153 2338 daemonis
1177 2271 1405 2338 vexationibus:

311 2393 327 2432 ι
344 2373 597 2438 Consentaneum
616 2395 692 2440 vero
707 2382 766 2453 est,
789 2369 961 2440 daemoniis
977 2379 1008 2442 in
1022 2395 1079 2440 nos
1097 2377 1338 2456 imaginationes
1358 2374 1408 2434 im·

309 2475 531 2553 primenlilsns,
548 2477 578 2538 in
600 2492 724 2556 nosque
738 2477 944 2554 operantibus
964 2480 1129 2540 innumera
1144 2477 1220 2554 alia,
1244 2493 1300 2538 nos
1318 2474 1406 2555 justa

310 2573 443 2638 illorum
466 2575 663 2640 uoluntatem
686 2577 803 2640 lacere.
829 2574 887 2654 Et,
911 2585 947 2642 nt
968 2579 1051 2640 inter
1072 2577 1215 2640 nomines
1236 2576 1348 2639 nullus
1366 2577 1408 2634 est

308 2677 430 2755 absque
449 2677 618 2754 sordibus,
650 2687 683 2740 et
703 2678 813 2741 nullus
832 2679 939 2758 justus
958 2696 1057 2758 snper
1079 2686 1220 2752 terram,
1242 2677 1300 2757 qni
1322 2673 1408 2738 iaciat
1483 2737 1484 2742 ,

310 2776 428 2840 bouum
450 2787 482 2841 et
503 2797 565 2840 non
584 2789 692 2859 peccet
702 2799 715 2858 ;
735 2781 781 2842 sic
802 2782 898 2842 etiam
920 2779 1030 2843 nullus
1047 2787 1096 2842 est
1114 2796 1274 2859 sempera
1290 2779 1409 2841 daemo-

310 2881 370 2940 niis
386 2881 535 2955 mundus,
550 2892 581 2944 ιι
596 2889 753 2960 perpetuo
775 2880 879 2944 lactus
894 2882 1028 2961 incapax
1042 2880 1237 2960 operationis
1253 2880 1378 2943 horum·
1393 2891 1407 2929 t

312 2977 432 3044 Deinde
447 2983 545 3057 addit,
570 2984 660 3046 nobis
673 3000 735 3046 non
756 2983 927 3045 contenire
942 2982 1044 3044 illude
1062 2999 1116 3060 ege
1134 2979 1332 3046 doemonium
1352 2991 1409 3038 ιιι

311 3081 415 3157 ιιιιι,
438 3085 493 3162 qui
514 3085 812 3156 exscendescimns,
835 3083 1018 3158 irascimur,
1042 3085 1148 3146 carnis
1168 3089 1260 3144 nestn
1282 3075 1410 3156 impelli·

312 3201 398 3261 mur,
411 3201 579 3247 sermonem
591 3184 649 3248 na·
658 3179 729 3284 aspi
739 3179 896 3262 ἀπάθειας
909 3184 944 3246 de
958 3180 1169 3262 opacicttisoe
1181 3185 1408 3244 ιιιιιιιιιιιιι.

392 3283 433 3348 Et
453 3303 492 3348 cn
512 3305 579 3366 qno
597 3305 693 3352 ecnsn
714 3287 869 3366 Origenes
892 3287 951 3348 hoc
975 3284 1170 3348 vocabulum
1192 3283 1334 3372 prolert,
1356 3279 1410 3340 sir·

313 3394 479 3466 tutamque
499 3389 700 3450 commendat
720 3383 952 3466 cpcciltc'litots's.
977 3383 1081 3460 Quam
1106 3402 1182 3448 vero
1202 3384 1262 3446 etsi
1283 3371 1410 3444 assecuti

313 3490 343 3548 in
361 3503 462 3567 agone
477 3497 580 3550 tamen
594 3488 825 3550 contendimus.
844 3485 984 3567 ldeoque
999 3483 1138 3548 Humilia
1161 3481 1247 3548 XXl.
1265 3490 1298 3548 et
1314 3474 1408 3544 XXU·

312 3585 441 3648 iaderae
460 3584 568 3664 Nove,
591 3587 673 3652 dnos
693 3590 858 3668 distinguit
878 3589 909 3650 in
931 3587 1028 3668 hujus
1057 3588 1140 3648 sitae
1164 3585 1339 3647 certamine
1364 3581 1412 3642 ιι·

316 3690 436 3752 minum
451 3698 565 3764 status,
581 3706 682 3753 unum
704 3689 923 3762 arietantium,
944 3687 1150 3768 pacificorum
1165 3687 1328 3750 alterum:
1347 3705 1361 3742 s
1377 3679 1411 3742 ll-

314 3790 464 3853 rietnntes
483 3800 579 3862 sunt,
601 3793 656 3869 qui
679 3791 709 3852 in
731 3791 886 3870 agonibus
908 3791 1011 3869 positi,
1034 3805 1221 3868 expugnare
1243 3785 1410 3848 diabolicas

314 3890 410 3952 aedes
429 3897 462 3952 ιι
480 3898 661 3953 structuras
682 3902 849 3953 conantur.
884 3890 1010 3953 l'acillci
1034 3906 1133 3962 sero,
1164 3889 1220 3967 gui
1242 3884 1412 3949 carnaticos

315 3991 578 4070 concupiscentiis
596 3993 767 4072 superatis,
792 4009 902 4071 pacem
924 3991 1048 4052 animae
1069 3996 1194 4068 gerunt.
1221 3985 1256 4048 ln
1278 3987 1412 4062 utrisque

319 4101 422 4154 tamen
441 4102 624 4170 perseuerat
638 4100 669 4154 et
684 4093 845 4155 contendit
859 4093 1020 4156 contraria
1039 4091 1142 4152 uirtus
1157 4087 1343 4151 amaritudo
1356 4093 1413 4165 pti·

318 4193 468 4255 sistere..
487 4237 516 4255 ..
535 4191 708 4273 Nunquam
724 4196 808 4260 euim
829 4193 945 4258 desunt
967 4193 1177 4258 tentationum
1193 4197 1299 4256 motus
1319 4183 1414 4250 aiic-
1484 4213 1485 4237 t
