3028 4942
90 439 182 505 neqne
201 421 231 486 in
252 421 431 488 divinarum
454 423 672 507 hypostasium
700 429 816 486 natura
837 423 1036 503 prioritatem
1058 441 1096 487 ao
1117 443 1174 504 po·

89 525 298 588 steriurtlatem
319 523 487 598 admittat,
510 525 639 605 quinam
660 524 857 603 relinquitur
879 525 1042 588 dubitandi
1063 526 1169 602 luens,

91 635 183 690 utrum
204 628 288 706 ipsae
310 625 342 688 in
363 643 425 690 una
448 629 587 690 increata
610 624 733 688 lleitnta
753 628 817 689 sint
842 635 875 688 et
896 626 1024 705 aequali
1044 627 1172 691 bonore
1235 685 1239 692 .

92 725 311 790 obstrueret»
333 750 341 764 ·

152 829 284 908 lnsnper
304 845 379 892 enm
399 828 514 908 legerit
545 826 703 913 Didymus
724 829 754 892 in
776 828 873 891 uitato
893 827 1040 908 Origeats
1061 827 1171 910 Opera

88 931 163 993 stouti
182 932 259 1010 legit
279 928 499 1011 Theophilus:
529 929 655 994 Verbum
675 949 780 1012 hemps
804 929 872 1007 net,
886 929 944 994 net
966 927 1088 994 Filium
1108 949 1173 994 nors

83 1031 238 1114 pertinpsre
257 1030 327 1095 oiss'
347 1033 392 1096 aa
411 1032 627 1108 rationabilia,
643 1035 686 1098 art
697 1043 795 1106 amera
815 1051 887 1096 arro
906 1051 1125 1114 munorum,
1145 1031 1173 1094 si

89 1150 182 1195 resera
204 1133 279 1194 tolia
302 1134 512 1198 intellexisset
533 1143 565 1196 et
584 1135 763 1214 scripsisset
779 1134 1001 1212 Adamantius3
1021 1133 1172 1214 qualibus

89 1237 263 1313 argumentis
274 1235 371 1316 juxta
388 1236 468 1299 bane
479 1233 648 1315 Theophili
662 1237 907 1317 expositionem,
920 1233 1077 1319 Didymus
1092 1235 1171 1314 (qul

87 1335 187 1398 sobolis
208 1337 239 1397 in
258 1336 344 1400 illud
375 1336 466 1418 Opus
487 1337 687 1417 elaborarit)
716 1337 885 1401 adstruere
906 1338 1073 1416 potuisset,
1096 1336 1173 1399 Ori·

90 1453 178 1514 penem
199 1439 285 1501 haud
302 1437 456 1504 errasse?
475 1457 549 1502 oum
565 1458 605 1502 ex
620 1439 756 1502 adverso
772 1440 827 1502 ille
843 1438 998 1520 Didymus
1013 1438 1123 1501 docuit
1136 1439 1171 1501 in

91 1535 238 1616 Epistulam
262 1539 291 1602 l.
311 1539 445 1604 loannis
466 1559 493 1604 o.
516 1538 554 1603 V.
587 1539 632 1603 lle
654 1538 782 1605 Christo
812 1540 978 1620 iuquiens:
1004 1561 1020 1598 r
1047 1538 1081 1602 ln
1103 1541 1172 1621 ipso

93 1637 230 1702 irrisibilis
253 1650 287 1702 et
310 1640 446 1704 risibilia
469 1642 619 1704 eoelestia
640 1651 673 1704 et
695 1641 860 1704 terrestria
889 1647 965 1702 sunt
984 1651 1091 1704 creata
1104 1659 1116 1720 ;
1138 1647 1171 1704 et

89 1746 145 1801 aab
161 1743 263 1804 omnia
281 1749 344 1818 est,
366 1750 399 1806 et
419 1743 450 1804 in
471 1761 510 1806 ao
534 1745 638 1806 omnis
660 1743 839 1806 consistunt
853 1741 1094 1805 tundamentum
1116 1741 1174 1804 ba·

89 1837 185 1920 beotia,
205 1843 329 1924 Opiter
350 1839 506 1908 Verbum.
529 1843 580 1909 Sio
601 1845 684 1908 enim
700 1843 827 1924 (pergit)
844 1861 958 1906 rernm
978 1843 1041 1905 erit
1060 1843 1170 1919 etiam,

88 1944 155 2020 quot
174 1946 372 2023 dictumest,
394 1955 502 2011 ereata
517 1964 535 2009 a
552 1945 619 2011 lleo
641 1946 766 2022 omnia;
789 1963 863 2008 anm
883 1945 998 2025 utique
1020 1943 1096 2008 dicit
1114 1943 1171 2009 Sa-

86 2043 180 2122 pientis
200 2048 240 2111 tle
259 2049 456 2128 semetipsa:
491 2034 564 2111 uate
584 2048 690 2111 serato
708 2045 861 2129 [rumolt
875 2063 936 2122 me,
956 2045 993 2108 ia
1008 2043 1171 2127 principia

84 2154 228 2226 nusquam
249 2157 377 2211 terreno
389 2150 519 2230 fureret,
538 2158 566 2210 et
578 2147 703 2228 abyssos
716 2157 854 2212 erraret.
934 2147 998 2212 tite
1017 2155 1061 2211 est
1079 2163 1172 2210 uerus

84 2242 151 2308 bem
169 2258 196 2310 st
214 2248 285 2314 olto
314 2261 451 2314 aetnae.
476 2248 581 2314 Verus
612 2235 714 2313 Filius
739 2248 798 2313 bei
819 2256 868 2314 est
887 2248 982 2314 lesus
1009 2249 1168 2326 Christus,

86 2363 165 2412 serus
179 2349 264 2416 bens
279 2353 431 2416 existens.
447 2351 487 2416 Et
502 2353 666 2416 oonsirlera
679 2352 952 2434 quemadmodum
964 2353 1171 2416 consubstan-

85 2448 154 2515 tialis
166 2449 263 2530 Patri,
280 2463 314 2517 et
329 2471 391 2518 non
406 2454 489 2518 idem
504 2471 654 2532 nomem,
669 2453 846 2518 secundnm
861 2452 1049 2530 Sabellinm,
1067 2451 1170 2518 Filios

82 2549 190 2616 situum
205 2554 304 2619 Patre
317 2601 325 2618 .
340 2601 368 2618 ..
385 2553 593 2637 Quapropter
613 2565 650 2622 nt
671 2557 682 2637 (
693 2556 868 2634 haeretiei)
890 2555 1086 2636 inspiciendi,
1109 2557 1166 2635 qui

84 2651 199 2719 alterins
218 2639 419 2721 substeutiae
439 2657 571 2732 dieunt,
594 2666 627 2722 et
646 2675 709 2721 non
734 2657 891 2740 ejusdem,
913 2657 1044 2720 Putrem
1065 2664 1097 2721 et
1117 2655 1170 2722 Fi·

82 2748 158 2830 lium,
178 2767 351 2836 qnatenus,
377 2759 454 2822 dnm
475 2775 539 2822 una
560 2757 707 2822 divinitas
725 2759 827 2822 Patris
848 2767 881 2821 et
902 2756 975 2820 Filii
995 2759 1165 2834 asseritur,
1264 2753 1267 2760 ’

83 2856 161 2919 etiam
180 2863 301 2924 veritos
322 2877 386 2924 una
407 2867 442 2924 et
462 2860 574 2923 eadem
605 2868 800 2940 agnoscatur
820 2867 881 2923 eto.
904 2877 921 2916 a
944 2857 1169 2934 Quaeomnia

83 2949 214 3036 Origenes
227 2969 342 3024 eontra
363 2959 491 3026 Celsum
508 2959 708 3038 (christianis
723 2960 986 3040 exprobrantem,
1006 2959 1093 3041 quorl
1116 2958 1170 3023 Je-

83 3071 140 3119 snn
154 3057 254 3125 boum
270 3063 505 3140 existimarent,
520 3081 594 3127 oum
616 3062 745 3125 mortali
766 3079 904 3142 corpore
918 3064 1100 3138 constaret)
1116 3060 1169 3124 sle·

86 3154 176 3224 inians
188 3163 420 3243 sapientissime
434 3170 467 3227 et
481 3164 703 3240 sincerissime,
719 3163 875 3226 oonolnsil
889 3159 987 3225 Libro
1000 3160 1047 3225 lll
1063 3179 1093 3225 n.
1109 3157 1166 3232 ll:

87 3255 328 3328 «Vemmtameu
349 3265 451 3329 sciant
464 3267 687 3329 criminatores
701 3265 764 3340 isti,
786 3281 883 3345 quem
904 3264 946 3326 ab
958 3265 1048 3328 initio
1062 3261 1167 3327 Deam

84 3351 187 3441 lleique
200 3361 320 3428 Filium
335 3383 405 3428 esse
418 3365 581 3432 eredimus
602 3374 634 3430 et
654 3383 714 3446 pro
736 3375 825 3430 carto
842 3363 1007 3439 hebemus,
1030 3380 1104 3427 enm
1119 3381 1168 3426 es-

85 3458 255 3530 talerbnm
277 3466 395 3545 ipsum,
410 3465 602 3547 Sapientiam
616 3469 730 3548 ipsam,
747 3467 935 3529 veritatem:
957 3464 1095 3528 mortale
1112 3481 1171 3526 un·

87 3564 218 3647 tensius
239 3585 372 3648 eorpus,
388 3573 420 3631 ot
442 3568 627 3645 humanam,
650 3587 734 3649 quse
752 3569 783 3629 in
804 3567 873 3647 ipso
887 3572 948 3643 est,
971 3567 1108 3629 animam
1121 3565 1171 3658 asl

85 3663 234 3731 maximam
255 3669 442 3748 dignitatem
463 3679 608 3734 erectam
630 3668 740 3744 tuisse,
763 3677 823 3732 eta.
845 3687 862 3726 r
1219 3660 1221 3666 '

148 3763 195 3833 Ex
215 3771 264 3834 bis
284 3769 434 3836 omnibns
457 3779 544 3852 patet
558 3771 646 3852 quod
667 3773 764 3836 sensit
784 3767 941 3853 Didymos
961 3770 999 3834 (le
1021 3770 1170 3852 dogmata

87 3864 257 3950 obristlsno,
280 3891 299 3936 e
322 3875 467 3953 penninis
488 3874 580 3938 libris
608 3873 758 3953 origenis
784 3876 997 3954 transcripto;
1019 3881 1052 3937 et
1070 3891 1170 3955 quam

86 3963 244 4050 sermone
263 3975 369 4054 ipsum
392 3982 460 4038 tuns
483 3976 524 4039 ab
545 3976 688 4057 eiusdem
709 3975 848 4038 abluisse
870 3975 1092 4039 commentitiis
1114 3993 1166 4038 er·

89 4073 206 4154 roribus,
227 4085 260 4143 at
280 4085 348 4142 tum
371 4078 570 4157 potissimum
593 4079 698 4160 (qnod
721 4076 822 4140 nostri
842 4075 964 4140 laboris
984 4077 1052 4155 est)
1074 4076 1172 4139 nnlll·

88 4167 287 4262 librigerum
307 4180 464 4263 reperisse
484 4190 646 4248 errantem
667 4180 699 4244 in
720 4179 774 4257 iis,
798 4177 837 4244 aa
858 4179 977 4260 quibus
999 4179 1169 4247 vehemen-
