<?xml version="1.0" encoding="UTF-8"?>
<!DOCTYPE html PUBLIC "-//W3C//DTD XHTML 1.0 Transitional//EN"
    "http://www.w3.org/TR/xhtml1/DTD/xhtml1-transitional.dtd">
<html xmlns="http://www.w3.org/1999/xhtml" xml:lang="en" lang="en">
 <head>
  <title>
</title>
<meta http-equiv="Content-Type" content="text/html;charset=utf-8" />
  <meta name='ocr-system' content='tesseract 3.04.00' />
  <meta name='ocr-capabilities' content='ocr_page ocr_carea ocr_par ocr_line ocrx_word'/>
</head>
<body>
  <div class='ocr_page' id='page_1' title='image "./insgregoriinyss01vincgoog/insgregoriinyss01vincgoog_0131.png"; bbox 0 0 3028 4942; ppageno 0'>
   <div class='ocr_carea' id='block_1_1' title="bbox 361 395 421 467">
    <p class='ocr_par' dir='ltr' id='par_1_1' title="bbox 361 395 421 467">
     <span class='ocr_line' id='line_1_1' title="bbox 361 395 421 467; baseline 0.033 -2"><span class='ocrx_word' id='word_1_1' title='bbox 361 395 421 467; x_wconf 86' lang='grc'><strong>110</strong></span> 
     </span>
    </p>
   </div>
   <div class='ocr_carea' id='block_1_2' title="bbox 303 501 1509 4242">
    <p class='ocr_par' dir='ltr' id='par_1_2' title="bbox 361 501 1451 588">
     <span class='ocr_line' id='line_1_2' title="bbox 361 501 1451 588; baseline 0.001 -21"><span class='ocrx_word' id='word_1_2' title='bbox 361 503 436 567; x_wconf 82' lang='lat' dir='ltr'><strong>bat:</strong></span> <span class='ocrx_word' id='word_1_3' title='bbox 461 525 477 563; x_wconf 86' lang='lat' dir='ltr'><strong>c</strong></span> <span class='ocrx_word' id='word_1_4' title='bbox 502 501 608 579; x_wconf 85' lang='lat' dir='ltr'><strong>Quum</strong></span> <span class='ocrx_word' id='word_1_5' title='bbox 636 503 752 586; x_wconf 82' lang='lat' dir='ltr'><strong>(iuquit</strong></span> <span class='ocrx_word' id='word_1_6' title='bbox 779 503 919 568; x_wconf 83' lang='lat' dir='ltr'><strong>lonnnes</strong></span> <span class='ocrx_word' id='word_1_7' title='bbox 943 505 973 569; x_wconf 91' lang='lat' dir='ltr'><strong>in</strong></span> <span class='ocrx_word' id='word_1_8' title='bbox 993 521 1051 570; x_wconf 90' lang='lat' dir='ltr'><strong>snn</strong></span> <span class='ocrx_word' id='word_1_9' title='bbox 1073 505 1246 587; x_wconf 76' lang='lat' dir='ltr'><strong>Apologia)</strong></span> <span class='ocrx_word' id='word_1_10' title='bbox 1263 513 1292 568; x_wconf 90' lang='lat' dir='ltr'><strong>et</strong></span> <span class='ocrx_word' id='word_1_11' title='bbox 1310 521 1367 569; x_wconf 83' lang='lat' dir='ltr'><strong>noc</strong></span> <span class='ocrx_word' id='word_1_12' title='bbox 1385 525 1451 588; x_wconf 82' lang='lat' dir='ltr'><strong>puo-</strong></span> 
     </span>
    </p>

    <p class='ocr_par' dir='ltr' id='par_1_3' title="bbox 361 603 1453 690">
     <span class='ocr_line' id='line_1_3' title="bbox 361 603 1453 690; baseline 0.003 -25"><span class='ocrx_word' id='word_1_13' title='bbox 361 604 433 666; x_wconf 86' lang='lat' dir='ltr'><strong>dum</strong></span> <span class='ocrx_word' id='word_1_14' title='bbox 453 603 502 667; x_wconf 86' lang='lat' dir='ltr'><strong>die</strong></span> <span class='ocrx_word' id='word_1_15' title='bbox 522 615 595 667; x_wconf 87' lang='lat' dir='ltr'><strong>ante</strong></span> <span class='ocrx_word' id='word_1_16' title='bbox 614 623 683 668; x_wconf 86' lang='lat' dir='ltr'><strong>enm</strong></span> <span class='ocrx_word' id='word_1_17' title='bbox 703 603 948 686; x_wconf 73' lang='lat' dir='ltr'><strong>(Epiphanium)</strong></span> <span class='ocrx_word' id='word_1_18' title='bbox 970 605 1095 690; x_wconf 77' lang='lat' dir='ltr'><em>loquuti</em></span> <span class='ocrx_word' id='word_1_19' title='bbox 1113 625 1256 683; x_wconf 84' lang='lat' dir='ltr'><strong>essemus,</strong></span> <span class='ocrx_word' id='word_1_20' title='bbox 1271 617 1300 670; x_wconf 86' lang='lat' dir='ltr'><strong>et</strong></span> <span class='ocrx_word' id='word_1_21' title='bbox 1316 625 1453 689; x_wconf 82' lang='lat' dir='ltr'><strong>praecem</strong></span> 
     </span>
    </p>

    <p class='ocr_par' dir='ltr' id='par_1_4' title="bbox 361 704 1454 788">
     <span class='ocr_line' id='line_1_4' title="bbox 361 704 1454 788; baseline 0 -20"><span class='ocrx_word' id='word_1_22' title='bbox 361 704 452 768; x_wconf 87' lang='lat' dir='ltr'><strong>lectio</strong></span> <span class='ocrx_word' id='word_1_23' title='bbox 474 705 679 786; x_wconf 79' lang='lat' dir='ltr'><strong>(Evangelii)</strong></span> <span class='ocrx_word' id='word_1_24' title='bbox 698 717 907 788; x_wconf 84' lang='lat' dir='ltr'><strong>prouocasset,</strong></span> <span class='ocrx_word' id='word_1_25' title='bbox 927 707 1073 772; x_wconf 82' lang='lat' dir='ltr'><strong>cndiente</strong></span> <span class='ocrx_word' id='word_1_26' title='bbox 1092 707 1149 770; x_wconf 87' lang='lat' dir='ltr'><strong>illo</strong></span> <span class='ocrx_word' id='word_1_27' title='bbox 1169 718 1197 771; x_wconf 87' lang='lat' dir='ltr'><strong>ct</strong></span> <span class='ocrx_word' id='word_1_28' title='bbox 1216 707 1363 771; x_wconf 83' lang='lat' dir='ltr'><strong>uniuerso</strong></span> <span class='ocrx_word' id='word_1_29' title='bbox 1376 709 1454 770; x_wconf 81' lang='lat' dir='ltr'><strong>eccle</strong></span> 
     </span>
    </p>

    <p class='ocr_par' dir='ltr' id='par_1_5' title="bbox 358 807 1454 891">
     <span class='ocr_line' id='line_1_5' title="bbox 358 807 1454 891; baseline 0.001 -21"><span class='ocrx_word' id='word_1_30' title='bbox 358 807 420 880; x_wconf 86' lang='lat' dir='ltr'><strong>sio,</strong></span> <span class='ocrx_word' id='word_1_31' title='bbox 452 809 488 870; x_wconf 90' lang='lat' dir='ltr'><strong>de</strong></span> <span class='ocrx_word' id='word_1_32' title='bbox 506 809 565 888; x_wconf 79' lang='lat' dir='ltr'><strong>,ide</strong></span> <span class='ocrx_word' id='word_1_33' title='bbox 592 819 621 872; x_wconf 90' lang='lat' dir='ltr'><strong>ct</strong></span> <span class='ocrx_word' id='word_1_34' title='bbox 640 809 782 872; x_wconf 83' lang='lat' dir='ltr'><strong>omnibus</strong></span> <span class='ocrx_word' id='word_1_35' title='bbox 813 809 1026 874; x_wconf 82' lang='lat' dir='ltr'><strong>ecclesiasticis</strong></span> <span class='ocrx_word' id='word_1_36' title='bbox 1046 809 1239 891; x_wconf 78' lang='lat' dir='ltr'><strong>dogmatibus</strong></span> <span class='ocrx_word' id='word_1_37' title='bbox 1269 811 1344 874; x_wconf 86' lang='lat' dir='ltr'><strong>boec</strong></span> <span class='ocrx_word' id='word_1_38' title='bbox 1370 811 1454 872; x_wconf 85' lang='lat' dir='ltr'><strong>locttti</strong></span> 
     </span>
    </p>

    <p class='ocr_par' dir='ltr' id='par_1_6' title="bbox 303 911 1456 1077">
     <span class='ocr_line' id='line_1_6' title="bbox 359 911 1456 993; baseline 0.005 -23"><span class='ocrx_word' id='word_1_39' title='bbox 359 929 482 986; x_wconf 85' lang='lat' dir='ltr'><strong>snmus,</strong></span> <span class='ocrx_word' id='word_1_40' title='bbox 502 931 581 992; x_wconf 80' lang='lat' dir='ltr'><strong>quac</strong></span> <span class='ocrx_word' id='word_1_41' title='bbox 600 921 629 975; x_wconf 87' lang='lat' dir='ltr'><strong>et</strong></span> <span class='ocrx_word' id='word_1_42' title='bbox 647 931 767 992; x_wconf 88' lang='lat' dir='ltr'><strong>semper</strong></span> <span class='ocrx_word' id='word_1_43' title='bbox 787 923 815 976; x_wconf 88' lang='lat' dir='ltr'><strong>et</strong></span> <span class='ocrx_word' id='word_1_44' title='bbox 834 913 939 993; x_wconf 78' lang='lat' dir='ltr'><strong>gratio</strong></span> <span class='ocrx_word' id='word_1_45' title='bbox 964 911 1022 976; x_wconf 87' lang='lat' dir='ltr'><strong>Dei</strong></span> <span class='ocrx_word' id='word_1_46' title='bbox 1041 912 1255 977; x_wconf 73' lang='lat' dir='ltr'><strong>indesinenter</strong></span> <span class='ocrx_word' id='word_1_47' title='bbox 1274 912 1311 976; x_wconf 87' lang='lat' dir='ltr'><strong>in</strong></span> <span class='ocrx_word' id='word_1_48' title='bbox 1329 911 1456 977; x_wconf 72' lang='lat' dir='ltr'><strong>Ecclesia</strong></span> 
     </span>
     <span class='ocr_line' id='line_1_7' title="bbox 303 1001 1061 1077; baseline -0.001 -3"><span class='ocrx_word' id='word_1_49' title='bbox 303 1001 307 1024; x_wconf 83' lang='grc'><em>’</em></span> <span class='ocrx_word' id='word_1_50' title='bbox 359 1012 500 1074; x_wconf 85' lang='lat' dir='ltr'><strong>docemus</strong></span> <span class='ocrx_word' id='word_1_51' title='bbox 521 1024 549 1075; x_wconf 89' lang='lat' dir='ltr'><strong>et</strong></span> <span class='ocrx_word' id='word_1_52' title='bbox 568 1013 604 1075; x_wconf 87' lang='lat' dir='ltr'><strong>in</strong></span> <span class='ocrx_word' id='word_1_53' title='bbox 623 1013 875 1077; x_wconf 73' lang='lat' dir='ltr'><strong><em>catechesibus.»</em></strong></span> <span class='ocrx_word' id='word_1_54' title='bbox 1059 1013 1061 1016; x_wconf 78' lang='grc'><strong>’</strong></span> 
     </span>
    </p>

    <p class='ocr_par' dir='ltr' id='par_1_7' title="bbox 359 1113 1509 2499">
     <span class='ocr_line' id='line_1_8' title="bbox 443 1113 1457 1198; baseline 0.002 -22"><span class='ocrx_word' id='word_1_55' title='bbox 443 1113 491 1177; x_wconf 83' lang='lat' dir='ltr'><strong>Ex</strong></span> <span class='ocrx_word' id='word_1_56' title='bbox 514 1115 562 1177; x_wconf 85' lang='lat' dir='ltr'><strong>his</strong></span> <span class='ocrx_word' id='word_1_57' title='bbox 584 1114 690 1178; x_wconf 79' lang='lat' dir='ltr'><strong>serbis</strong></span> <span class='ocrx_word' id='word_1_58' title='bbox 712 1135 785 1180; x_wconf 90' lang='lat' dir='ltr'><strong>cum</strong></span> <span class='ocrx_word' id='word_1_59' title='bbox 806 1118 928 1180; x_wconf 89' lang='lat' dir='ltr'><strong>sincere</strong></span> <span class='ocrx_word' id='word_1_60' title='bbox 949 1116 1177 1197; x_wconf 77' lang='lat' dir='ltr'><strong>professionem</strong></span> <span class='ocrx_word' id='word_1_61' title='bbox 1204 1133 1295 1179; x_wconf 89' lang='lat' dir='ltr'><strong>suam</strong></span> <span class='ocrx_word' id='word_1_62' title='bbox 1324 1113 1457 1198; x_wconf 88' lang='lat' dir='ltr'><strong>protnle-</strong></span> 
     </span>
     <span class='ocr_line' id='line_1_9' title="bbox 361 1215 1458 1298; baseline 0.001 -21"><span class='ocrx_word' id='word_1_63' title='bbox 361 1216 404 1277; x_wconf 86' lang='lat' dir='ltr'><strong>rit</strong></span> <span class='ocrx_word' id='word_1_64' title='bbox 426 1215 578 1292; x_wconf 79' lang='lat' dir='ltr'><strong>ioannes,</strong></span> <span class='ocrx_word' id='word_1_65' title='bbox 601 1218 843 1297; x_wconf 79' lang='lat' dir='ltr'><strong>nobiscunque</strong></span> <span class='ocrx_word' id='word_1_66' title='bbox 866 1218 1041 1298; x_wconf 87' lang='lat' dir='ltr'><strong>praebetur</strong></span> <span class='ocrx_word' id='word_1_67' title='bbox 1065 1226 1302 1298; x_wconf 70' lang='lat' dir='ltr'><strong>argumentum,</strong></span> <span class='ocrx_word' id='word_1_68' title='bbox 1327 1225 1366 1279; x_wconf 92' lang='lat' dir='ltr'><strong>ut</strong></span> <span class='ocrx_word' id='word_1_69' title='bbox 1385 1215 1458 1278; x_wconf 84' lang='lat' dir='ltr'><strong>dict·</strong></span> 
     </span>
     <span class='ocr_line' id='line_1_10' title="bbox 363 1315 1459 1403; baseline 0.001 -25"><span class='ocrx_word' id='word_1_70' title='bbox 363 1325 431 1392; x_wconf 89' lang='lat' dir='ltr'><strong>tur,</strong></span> <span class='ocrx_word' id='word_1_71' title='bbox 454 1318 521 1397; x_wconf 87' lang='lat' dir='ltr'><strong>ipse</strong></span> <span class='ocrx_word' id='word_1_72' title='bbox 542 1335 615 1380; x_wconf 92' lang='lat' dir='ltr'><strong>cum</strong></span> <span class='ocrx_word' id='word_1_73' title='bbox 639 1325 703 1382; x_wconf 89' lang='lat' dir='ltr'><strong>tota</strong></span> <span class='ocrx_word' id='word_1_74' title='bbox 728 1316 1027 1403; x_wconf 74' lang='lat' dir='ltr'><strong>Hierosolymorum</strong></span> <span class='ocrx_word' id='word_1_75' title='bbox 1050 1320 1204 1395; x_wconf 86' lang='lat' dir='ltr'><strong>ecclesie,</strong></span> <span class='ocrx_word' id='word_1_76' title='bbox 1227 1318 1377 1399; x_wconf 85' lang='lat' dir='ltr'><strong>quamvis</strong></span> <span class='ocrx_word' id='word_1_77' title='bbox 1396 1315 1459 1380; x_wconf 87' lang='lat' dir='ltr'><strong>Ori·</strong></span> 
     </span>
     <span class='ocr_line' id='line_1_11' title="bbox 359 1417 1509 1502; baseline -0.002 -20"><span class='ocrx_word' id='word_1_78' title='bbox 359 1421 447 1500; x_wconf 89' lang='lat' dir='ltr'><strong>genis</strong></span> <span class='ocrx_word' id='word_1_79' title='bbox 468 1419 629 1493; x_wconf 80' lang='lat' dir='ltr'><strong>defensor,</strong></span> <span class='ocrx_word' id='word_1_80' title='bbox 651 1417 795 1482; x_wconf 90' lang='lat' dir='ltr'><strong>eamdem</strong></span> <span class='ocrx_word' id='word_1_81' title='bbox 818 1427 922 1482; x_wconf 88' lang='lat' dir='ltr'><strong>tamen</strong></span> <span class='ocrx_word' id='word_1_82' title='bbox 945 1421 1037 1484; x_wconf 88' lang='lat' dir='ltr'><strong>tateri</strong></span> <span class='ocrx_word' id='word_1_83' title='bbox 1055 1420 1162 1496; x_wconf 88' lang='lat' dir='ltr'><strong>tidem,</strong></span> <span class='ocrx_word' id='word_1_84' title='bbox 1177 1439 1275 1502; x_wconf 86' lang='lat' dir='ltr'><strong>qnam</strong></span> <span class='ocrx_word' id='word_1_85' title='bbox 1290 1419 1457 1484; x_wconf 86' lang='lat' dir='ltr'><strong>universim</strong></span> <span class='ocrx_word' id='word_1_86' title='bbox 1508 1491 1509 1496; x_wconf 8' lang='grc' dir='ltr'>ἵ</span> 
     </span>
     <span class='ocr_line' id='line_1_12' title="bbox 360 1517 1457 1603; baseline 0.004 -21"><span class='ocrx_word' id='word_1_87' title='bbox 360 1522 523 1582; x_wconf 77' lang='lat' dir='ltr'><strong>christiani</strong></span> <span class='ocrx_word' id='word_1_88' title='bbox 541 1521 699 1583; x_wconf 89' lang='lat' dir='ltr'><strong>tenebant.</strong></span> <span class='ocrx_word' id='word_1_89' title='bbox 722 1517 812 1584; x_wconf 89' lang='lat' dir='ltr'><strong>Unde</strong></span> <span class='ocrx_word' id='word_1_90' title='bbox 826 1522 1047 1602; x_wconf 66' lang='lat' dir='ltr'><strong>subsequitur,</strong></span> <span class='ocrx_word' id='word_1_91' title='bbox 1070 1541 1131 1586; x_wconf 91' lang='lat' dir='ltr'><strong>neo</strong></span> <span class='ocrx_word' id='word_1_92' title='bbox 1146 1523 1318 1603; x_wconf 84' lang='lat' dir='ltr'><strong>Origenem</strong></span> <span class='ocrx_word' id='word_1_93' title='bbox 1342 1523 1457 1586; x_wconf 80' lang='lat' dir='ltr'><strong>diverse</strong></span> 
     </span>
     <span class='ocr_line' id='line_1_13' title="bbox 363 1624 1457 1702; baseline 0.001 -16"><span class='ocrx_word' id='word_1_94' title='bbox 363 1641 422 1686; x_wconf 89' lang='lat' dir='ltr'><strong>nec</strong></span> <span class='ocrx_word' id='word_1_95' title='bbox 444 1625 604 1685; x_wconf 82' lang='lat' dir='ltr'><strong>contrecta</strong></span> <span class='ocrx_word' id='word_1_96' title='bbox 627 1624 773 1687; x_wconf 82' lang='lat' dir='ltr'><strong>docuisse</strong></span> <span class='ocrx_word' id='word_1_97' title='bbox 794 1625 825 1686; x_wconf 92' lang='lat' dir='ltr'><strong>in</strong></span> <span class='ocrx_word' id='word_1_98' title='bbox 846 1625 912 1686; x_wconf 90' lang='lat' dir='ltr'><strong>suis</strong></span> <span class='ocrx_word' id='word_1_99' title='bbox 937 1624 1109 1702; x_wconf 90' lang='lat' dir='ltr'><strong>operibns,</strong></span> <span class='ocrx_word' id='word_1_100' title='bbox 1141 1642 1180 1688; x_wconf 90' lang='lat' dir='ltr'><strong>ac</strong></span> <span class='ocrx_word' id='word_1_101' title='bbox 1200 1624 1273 1688; x_wconf 91' lang='lat' dir='ltr'><strong>ideo</strong></span> <span class='ocrx_word' id='word_1_102' title='bbox 1293 1627 1326 1688; x_wconf 94' lang='lat' dir='ltr'><strong>in</strong></span> <span class='ocrx_word' id='word_1_103' title='bbox 1351 1643 1457 1689; x_wconf 82' lang='lat' dir='ltr'><strong>sanun</strong></span> 
     </span>
     <span class='ocr_line' id='line_1_14' title="bbox 362 1723 1509 1808; baseline 0.003 -22"><span class='ocrx_word' id='word_1_104' title='bbox 362 1725 528 1786; x_wconf 79' lang='lat' dir='ltr'><strong>laborasse</strong></span> <span class='ocrx_word' id='word_1_105' title='bbox 549 1723 776 1803; x_wconf 79' lang='lat' dir='ltr'><strong>Epiphaninm,</strong></span> <span class='ocrx_word' id='word_1_106' title='bbox 799 1743 835 1788; x_wconf 92' lang='lat' dir='ltr'><strong>ea</strong></span> <span class='ocrx_word' id='word_1_107' title='bbox 858 1724 1073 1802; x_wconf 76' lang='lat' dir='ltr'><strong>edisserendo,</strong></span> <span class='ocrx_word' id='word_1_108' title='bbox 1100 1745 1136 1789; x_wconf 89' lang='lat' dir='ltr'><strong>ea</strong></span> <span class='ocrx_word' id='word_1_109' title='bbox 1159 1727 1365 1802; x_wconf 75' lang='lat' dir='ltr'><strong>inculcando,</strong></span> <span class='ocrx_word' id='word_1_110' title='bbox 1387 1744 1459 1808; x_wconf 82' lang='lat' dir='ltr'><strong>quae</strong></span> <span class='ocrx_word' id='word_1_111' title='bbox 1508 1779 1509 1792; x_wconf 69' lang='grc'>,</span> 
     </span>
     <span class='ocr_line' id='line_1_15' title="bbox 363 1825 1458 1911; baseline 0 -21"><span class='ocrx_word' id='word_1_112' title='bbox 363 1825 646 1911; x_wconf 75' lang='lat' dir='ltr'><strong>Hierosolymitani</strong></span> <span class='ocrx_word' id='word_1_113' title='bbox 669 1828 779 1890; x_wconf 87' lang='lat' dir='ltr'><strong>fideles</strong></span> <span class='ocrx_word' id='word_1_114' title='bbox 800 1846 873 1891; x_wconf 94' lang='lat' dir='ltr'><strong>cum</strong></span> <span class='ocrx_word' id='word_1_115' title='bbox 895 1845 956 1890; x_wconf 86' lang='lat' dir='ltr'><strong>suo</strong></span> <span class='ocrx_word' id='word_1_116' title='bbox 976 1827 1126 1909; x_wconf 86' lang='lat' dir='ltr'><strong>episcopo</strong></span> <span class='ocrx_word' id='word_1_117' title='bbox 1148 1830 1198 1909; x_wconf 90' lang='lat' dir='ltr'><strong>pie</strong></span> <span class='ocrx_word' id='word_1_118' title='bbox 1219 1828 1458 1909; x_wconf 79' lang='lat' dir='ltr'><strong>profitebantur.</strong></span> 
     </span>
     <span class='ocr_line' id='line_1_16' title="bbox 363 1927 1457 2012; baseline 0 -20"><span class='ocrx_word' id='word_1_119' title='bbox 363 1927 405 1992; x_wconf 77' lang='lat' dir='ltr'><strong>lit</strong></span> <span class='ocrx_word' id='word_1_120' title='bbox 420 1931 534 1991; x_wconf 89' lang='lat' dir='ltr'><strong>merito</strong></span> <span class='ocrx_word' id='word_1_121' title='bbox 549 1949 624 1992; x_wconf 89' lang='lat' dir='ltr'><strong>sane</strong></span> <span class='ocrx_word' id='word_1_122' title='bbox 640 1929 779 1994; x_wconf 85' lang='lat' dir='ltr'><strong>loannes</strong></span> <span class='ocrx_word' id='word_1_123' title='bbox 794 1933 861 2009; x_wconf 87' lang='lat' dir='ltr'><strong>ipse</strong></span> <span class='ocrx_word' id='word_1_124' title='bbox 876 1930 906 1991; x_wconf 92' lang='lat' dir='ltr'><strong>iu</strong></span> <span class='ocrx_word' id='word_1_125' title='bbox 920 1946 978 1992; x_wconf 87' lang='lat' dir='ltr'><strong>sna</strong></span> <span class='ocrx_word' id='word_1_126' title='bbox 995 1930 1152 2009; x_wconf 76' lang='lat' dir='ltr'><strong>Apologia</strong></span> <span class='ocrx_word' id='word_1_127' title='bbox 1169 1931 1305 2012; x_wconf 81' lang='lat' dir='ltr'><strong>adjecit:</strong></span> <span class='ocrx_word' id='word_1_128' title='bbox 1323 1951 1341 1992; x_wconf 81' lang='lat' dir='ltr'><strong>c</strong></span> <span class='ocrx_word' id='word_1_129' title='bbox 1359 1930 1457 2007; x_wconf 88' lang='lat' dir='ltr'><strong>Quum</strong></span> 
     </span>
     <span class='ocr_line' id='line_1_17' title="bbox 362 2027 1458 2111; baseline 0.001 -20"><span class='ocrx_word' id='word_1_130' title='bbox 362 2029 442 2093; x_wconf 88' lang='lat' dir='ltr'><strong>baec</strong></span> <span class='ocrx_word' id='word_1_131' title='bbox 464 2039 630 2109; x_wconf 87' lang='lat' dir='ltr'><strong>praesente</strong></span> <span class='ocrx_word' id='word_1_132' title='bbox 654 2027 831 2110; x_wconf 85' lang='lat' dir='ltr'><strong>Epiphanio</strong></span> <span class='ocrx_word' id='word_1_133' title='bbox 852 2031 953 2092; x_wconf 91' lang='lat' dir='ltr'><strong>locuti</strong></span> <span class='ocrx_word' id='word_1_134' title='bbox 985 2047 1127 2097; x_wconf 86' lang='lat' dir='ltr'><strong>essemus</strong></span> <span class='ocrx_word' id='word_1_135' title='bbox 1135 2051 1147 2110; x_wconf 81' lang='lat'>3</span> <span class='ocrx_word' id='word_1_136' title='bbox 1177 2039 1208 2093; x_wconf 92' lang='lat' dir='ltr'><strong>et</strong></span> <span class='ocrx_word' id='word_1_137' title='bbox 1229 2033 1297 2111; x_wconf 88' lang='lat' dir='ltr'><strong>ipse</strong></span> <span class='ocrx_word' id='word_1_138' title='bbox 1318 2041 1392 2110; x_wconf 86' lang='lat' dir='ltr'><strong>post</strong></span> <span class='ocrx_word' id='word_1_139' title='bbox 1410 2049 1458 2093; x_wconf 86' lang='lat' dir='ltr'><strong>nos</strong></span> 
     </span>
     <span class='ocr_line' id='line_1_18' title="bbox 362 2131 1509 2210; baseline -0.001 -15"><span class='ocrx_word' id='word_1_140' title='bbox 362 2133 495 2195; x_wconf 87' lang='lat' dir='ltr'><strong>honoris</strong></span> <span class='ocrx_word' id='word_1_141' title='bbox 510 2148 618 2204; x_wconf 87' lang='lat' dir='ltr'><strong>causa,</strong></span> <span class='ocrx_word' id='word_1_142' title='bbox 634 2147 731 2209; x_wconf 87' lang='lat' dir='ltr'><strong>quem</strong></span> <span class='ocrx_word' id='word_1_143' title='bbox 751 2131 780 2192; x_wconf 89' lang='lat' dir='ltr'><strong>ei</strong></span> <span class='ocrx_word' id='word_1_144' title='bbox 794 2148 893 2210; x_wconf 90' lang='lat' dir='ltr'><strong>snper</strong></span> <span class='ocrx_word' id='word_1_145' title='bbox 906 2147 1033 2194; x_wconf 89' lang='lat' dir='ltr'><strong>omnem</strong></span> <span class='ocrx_word' id='word_1_146' title='bbox 1049 2149 1230 2194; x_wconf 85' lang='lat' dir='ltr'><strong>mensuram</strong></span> <span class='ocrx_word' id='word_1_147' title='bbox 1245 2131 1458 2207; x_wconf 84' lang='lat' dir='ltr'><strong>exhibuimus,</strong></span> <span class='ocrx_word' id='word_1_148' title='bbox 1508 2201 1509 2210; x_wconf 16' lang='lat' dir='ltr'><strong>p</strong></span> 
     </span>
     <span class='ocr_line' id='line_1_19' title="bbox 363 2213 1509 2314; baseline -0.004 -19"><span class='ocrx_word' id='word_1_149' title='bbox 363 2227 561 2314; x_wconf 81' lang='lat' dir='ltr'><strong>provocitns</strong></span> <span class='ocrx_word' id='word_1_150' title='bbox 581 2237 676 2303; x_wconf 88' lang='lat' dir='ltr'><strong>esset,</strong></span> <span class='ocrx_word' id='word_1_151' title='bbox 699 2238 736 2294; x_wconf 89' lang='lat' dir='ltr'><strong>ut</strong></span> <span class='ocrx_word' id='word_1_152' title='bbox 766 2229 908 2294; x_wconf 87' lang='lat' dir='ltr'><strong>diceret:</strong></span> <span class='ocrx_word' id='word_1_153' title='bbox 934 2231 1204 2308; x_wconf 88' lang='lat' dir='ltr'><strong>praedicationem</strong></span> <span class='ocrx_word' id='word_1_154' title='bbox 1232 2241 1378 2296; x_wconf 81' lang='lat' dir='ltr'><strong>nostrum</strong></span> <span class='ocrx_word' id='word_1_155' title='bbox 1399 2233 1461 2296; x_wconf 86' lang='lat' dir='ltr'><strong>lan·</strong></span> <span class='ocrx_word' id='word_1_156' title='bbox 1508 2213 1509 2290; x_wconf 58' lang='lat' dir='ltr'><strong>l</strong></span> 
     </span>
     <span class='ocr_line' id='line_1_20' title="bbox 365 2332 1460 2413; baseline 0.002 -19"><span class='ocrx_word' id='word_1_157' title='bbox 365 2334 466 2408; x_wconf 84' lang='lat' dir='ltr'><strong>davit,</strong></span> <span class='ocrx_word' id='word_1_158' title='bbox 483 2344 581 2413; x_wconf 89' lang='lat' dir='ltr'><strong>atque</strong></span> <span class='ocrx_word' id='word_1_159' title='bbox 599 2335 737 2396; x_wconf 87' lang='lat' dir='ltr'><strong>miratus</strong></span> <span class='ocrx_word' id='word_1_160' title='bbox 757 2340 805 2396; x_wconf 89' lang='lat' dir='ltr'><strong>est</strong></span> <span class='ocrx_word' id='word_1_161' title='bbox 812 2352 824 2412; x_wconf 88' lang='lat'>;</span> <span class='ocrx_word' id='word_1_162' title='bbox 845 2340 878 2396; x_wconf 93' lang='lat' dir='ltr'><strong>et</strong></span> <span class='ocrx_word' id='word_1_163' title='bbox 893 2333 1084 2396; x_wconf 79' lang='lat' dir='ltr'><strong>catholicam</strong></span> <span class='ocrx_word' id='word_1_164' title='bbox 1107 2332 1200 2396; x_wconf 74' lang='lat' dir='ltr'><strong>idem</strong></span> <span class='ocrx_word' id='word_1_165' title='bbox 1226 2351 1296 2396; x_wconf 88' lang='lat' dir='ltr'><strong>esse</strong></span> <span class='ocrx_word' id='word_1_166' title='bbox 1320 2333 1460 2397; x_wconf 84' lang='lat' dir='ltr'><strong>omnibns</strong></span> 
     </span>
     <span class='ocr_line' id='line_1_21' title="bbox 365 2435 681 2499; baseline -0.025 0"><span class='ocrx_word' id='word_1_167' title='bbox 365 2435 587 2499; x_wconf 74' lang='lat' dir='ltr'><strong>declaravit.»</strong></span> <span class='ocrx_word' id='word_1_168' title='bbox 675 2457 681 2475; x_wconf 90' lang='lat'><strong>·</strong></span> 
     </span>
    </p>

    <p class='ocr_par' dir='ltr' id='par_1_8' title="bbox 363 2534 1509 4242">
     <span class='ocr_line' id='line_1_22' title="bbox 443 2534 1461 2622; baseline 0.002 -23"><span class='ocrx_word' id='word_1_169' title='bbox 443 2534 562 2599; x_wconf 77' lang='lat' dir='ltr'><strong>Verum</strong></span> <span class='ocrx_word' id='word_1_170' title='bbox 585 2553 720 2616; x_wconf 86' lang='lat' dir='ltr'><strong>pergens</strong></span> <span class='ocrx_word' id='word_1_171' title='bbox 741 2535 959 2622; x_wconf 75' lang='lat' dir='ltr'><strong>Hieronymus</strong></span> <span class='ocrx_word' id='word_1_172' title='bbox 981 2537 1078 2602; x_wconf 87' lang='lat' dir='ltr'><strong>verba</strong></span> <span class='ocrx_word' id='word_1_173' title='bbox 1105 2537 1284 2619; x_wconf 76' lang='lat' dir='ltr'><strong>Apologiae</strong></span> <span class='ocrx_word' id='word_1_174' title='bbox 1303 2543 1461 2605; x_wconf 84' lang='lat' dir='ltr'><strong>scrutatus</strong></span> 
     </span>
     <span class='ocr_line' id='line_1_23' title="bbox 363 2637 1462 2722; baseline -0.003 -18"><span class='ocrx_word' id='word_1_175' title='bbox 363 2638 469 2718; x_wconf 85' lang='lat' dir='ltr'><strong>siquid</strong></span> <span class='ocrx_word' id='word_1_176' title='bbox 492 2639 521 2699; x_wconf 93' lang='lat' dir='ltr'><strong>in</strong></span> <span class='ocrx_word' id='word_1_177' title='bbox 543 2637 667 2700; x_wconf 86' lang='lat' dir='ltr'><strong>loanne</strong></span> <span class='ocrx_word' id='word_1_178' title='bbox 687 2640 939 2719; x_wconf 84' lang='lat' dir='ltr'><strong>reprehensibile</strong></span> <span class='ocrx_word' id='word_1_179' title='bbox 953 2642 1125 2720; x_wconf 84' lang='lat' dir='ltr'><strong>reperiret,</strong></span> <span class='ocrx_word' id='word_1_180' title='bbox 1143 2641 1233 2704; x_wconf 90' lang='lat' dir='ltr'><strong>nobis</strong></span> <span class='ocrx_word' id='word_1_181' title='bbox 1254 2644 1396 2722; x_wconf 90' lang='lat' dir='ltr'><strong>amplius</strong></span> <span class='ocrx_word' id='word_1_182' title='bbox 1418 2655 1462 2702; x_wconf 84' lang='lat' dir='ltr'><strong>ar·</strong></span> 
     </span>
     <span class='ocr_line' id='line_1_24' title="bbox 364 2741 1509 2825; baseline 0 -21"><span class='ocrx_word' id='word_1_183' title='bbox 364 2748 552 2822; x_wconf 84' lang='lat' dir='ltr'><strong>gumentnm</strong></span> <span class='ocrx_word' id='word_1_184' title='bbox 569 2748 711 2818; x_wconf 87' lang='lat' dir='ltr'><strong>praestat</strong></span> <span class='ocrx_word' id='word_1_185' title='bbox 731 2741 771 2804; x_wconf 89' lang='lat' dir='ltr'><strong>de</strong></span> <span class='ocrx_word' id='word_1_186' title='bbox 785 2743 910 2804; x_wconf 82' lang='lat' dir='ltr'><strong>sincere</strong></span> <span class='ocrx_word' id='word_1_187' title='bbox 929 2743 1022 2804; x_wconf 87' lang='lat' dir='ltr'><strong>istius</strong></span> <span class='ocrx_word' id='word_1_188' title='bbox 1043 2743 1116 2806; x_wconf 83' lang='lat' dir='ltr'><strong>fidei</strong></span> <span class='ocrx_word' id='word_1_189' title='bbox 1132 2744 1329 2822; x_wconf 79' lang='lat' dir='ltr'><strong>professione</strong></span> <span class='ocrx_word' id='word_1_190' title='bbox 1338 2765 1350 2825; x_wconf 79' lang='lat'>3</span> <span class='ocrx_word' id='word_1_191' title='bbox 1368 2763 1406 2810; x_wconf 87' lang='lat' dir='ltr'><strong>nc</strong></span> <span class='ocrx_word' id='word_1_192' title='bbox 1423 2745 1462 2806; x_wconf 91' lang='lat' dir='ltr'><strong>in·</strong></span> <span class='ocrx_word' id='word_1_193' title='bbox 1508 2757 1509 2820; x_wconf 55' lang='grc' dir='ltr'><strong>ι</strong></span> 
     </span>
     <span class='ocr_line' id='line_1_25' title="bbox 364 2825 1509 2925; baseline 0.002 -20"><span class='ocrx_word' id='word_1_194' title='bbox 364 2861 485 2922; x_wconf 90' lang='lat' dir='ltr'><strong>snper,</strong></span> <span class='ocrx_word' id='word_1_195' title='bbox 520 2843 606 2922; x_wconf 90' lang='lat' dir='ltr'><strong>quod</strong></span> <span class='ocrx_word' id='word_1_196' title='bbox 628 2860 703 2906; x_wconf 89' lang='lat' dir='ltr'><strong>sane</strong></span> <span class='ocrx_word' id='word_1_197' title='bbox 724 2843 844 2904; x_wconf 90' lang='lat' dir='ltr'><strong>mirum</strong></span> <span class='ocrx_word' id='word_1_198' title='bbox 863 2849 927 2918; x_wconf 88' lang='lat' dir='ltr'><strong>est,</strong></span> <span class='ocrx_word' id='word_1_199' title='bbox 960 2842 1248 2925; x_wconf 84' lang='lat' dir='ltr'><strong>indicatqunque,</strong></span> <span class='ocrx_word' id='word_1_200' title='bbox 1281 2846 1389 2924; x_wconf 89' lang='lat' dir='ltr'><strong>ipsum</strong></span> <span class='ocrx_word' id='word_1_201' title='bbox 1411 2860 1461 2907; x_wconf 85' lang='lat' dir='ltr'><strong>nec</strong></span> <span class='ocrx_word' id='word_1_202' title='bbox 1508 2825 1509 2880; x_wconf 54' lang='lat' dir='ltr'><strong>l</strong></span> 
     </span>
     <span class='ocr_line' id='line_1_26' title="bbox 365 2942 1460 3024; baseline 0.001 -19"><span class='ocrx_word' id='word_1_203' title='bbox 365 2942 480 3022; x_wconf 80' lang='lat' dir='ltr'><strong>legisse</strong></span> <span class='ocrx_word' id='word_1_204' title='bbox 501 2961 559 3005; x_wconf 90' lang='lat' dir='ltr'><strong>nec</strong></span> <span class='ocrx_word' id='word_1_205' title='bbox 581 2944 828 3022; x_wconf 87' lang='lat' dir='ltr'><strong>interpretatum</strong></span> <span class='ocrx_word' id='word_1_206' title='bbox 850 2961 918 3006; x_wconf 89' lang='lat' dir='ltr'><strong>esse</strong></span> <span class='ocrx_word' id='word_1_207' title='bbox 940 2944 971 3005; x_wconf 89' lang='lat' dir='ltr'><strong>in</strong></span> <span class='ocrx_word' id='word_1_208' title='bbox 991 2944 1083 3006; x_wconf 90' lang='lat' dir='ltr'><strong>libris</strong></span> <span class='ocrx_word' id='word_1_209' title='bbox 1098 2943 1245 3024; x_wconf 88' lang='lat' dir='ltr'><strong>Origenis</strong></span> <span class='ocrx_word' id='word_1_210' title='bbox 1265 2947 1460 3024; x_wconf 86' lang='lat' dir='ltr'><strong>spbalmata,</strong></span> 
     </span>
     <span class='ocr_line' id='line_1_27' title="bbox 365 3041 1509 3132; baseline 0.003 -28"><span class='ocrx_word' id='word_1_211' title='bbox 365 3043 407 3104; x_wconf 86' lang='lat' dir='ltr'><strong>ob</strong></span> <span class='ocrx_word' id='word_1_212' title='bbox 428 3059 512 3122; x_wconf 89' lang='lat' dir='ltr'><strong>quae</strong></span> <span class='ocrx_word' id='word_1_213' title='bbox 533 3042 572 3104; x_wconf 88' lang='lat' dir='ltr'><strong>eb</strong></span> <span class='ocrx_word' id='word_1_214' title='bbox 590 3041 769 3124; x_wconf 84' lang='lat' dir='ltr'><strong>Epiphanio</strong></span> <span class='ocrx_word' id='word_1_215' title='bbox 790 3043 989 3123; x_wconf 86' lang='lat' dir='ltr'><strong>reprobetur</strong></span> <span class='ocrx_word' id='word_1_216' title='bbox 1007 3045 1102 3108; x_wconf 89' lang='lat' dir='ltr'><strong>sicuti</strong></span> <span class='ocrx_word' id='word_1_217' title='bbox 1122 3045 1163 3106; x_wconf 86' lang='lat' dir='ltr'><strong>ab</strong></span> <span class='ocrx_word' id='word_1_218' title='bbox 1183 3046 1252 3122; x_wconf 89' lang='lat' dir='ltr'><strong>ipso</strong></span> <span class='ocrx_word' id='word_1_219' title='bbox 1269 3043 1463 3132; x_wconf 74' lang='lat' dir='ltr'><strong>Hieronymo</strong></span> <span class='ocrx_word' id='word_1_220' title='bbox 1508 3059 1509 3130; x_wconf 61' lang='lat' dir='ltr'>f</span> 
     </span>
     <span class='ocr_line' id='line_1_28' title="bbox 366 3140 1463 3225; baseline 0.004 -19"><span class='ocrx_word' id='word_1_221' title='bbox 366 3149 400 3206; x_wconf 87' lang='lat' dir='ltr'><strong>et</strong></span> <span class='ocrx_word' id='word_1_222' title='bbox 419 3140 609 3222; x_wconf 81' lang='lat' dir='ltr'><strong>Theophilo.</strong></span> <span class='ocrx_word' id='word_1_223' title='bbox 632 3143 667 3206; x_wconf 92' lang='lat' dir='ltr'><strong>ln</strong></span> <span class='ocrx_word' id='word_1_224' title='bbox 688 3162 754 3223; x_wconf 91' lang='lat' dir='ltr'><strong>qno</strong></span> <span class='ocrx_word' id='word_1_225' title='bbox 775 3162 835 3223; x_wconf 87' lang='lat' dir='ltr'><strong>ego</strong></span> <span class='ocrx_word' id='word_1_226' title='bbox 855 3163 953 3225; x_wconf 85' lang='lat' dir='ltr'><strong>quam</strong></span> <span class='ocrx_word' id='word_1_227' title='bbox 976 3146 1115 3208; x_wconf 87' lang='lat' dir='ltr'><strong>maxime</strong></span> <span class='ocrx_word' id='word_1_228' title='bbox 1136 3146 1251 3208; x_wconf 85' lang='lat' dir='ltr'><strong>laboro</strong></span> <span class='ocrx_word' id='word_1_229' title='bbox 1266 3156 1380 3210; x_wconf 83' lang='lat' dir='ltr'><strong>conten</strong></span> <span class='ocrx_word' id='word_1_230' title='bbox 1401 3163 1463 3210; x_wconf 82' lang='lat' dir='ltr'><strong>eos·</strong></span> 
     </span>
     <span class='ocr_line' id='line_1_29' title="bbox 365 3244 1463 3326; baseline 0.002 -20"><span class='ocrx_word' id='word_1_231' title='bbox 365 3244 457 3319; x_wconf 91' lang='lat' dir='ltr'><strong>dem,</strong></span> <span class='ocrx_word' id='word_1_232' title='bbox 480 3248 536 3324; x_wconf 85' lang='lat' dir='ltr'><strong>qni</strong></span> <span class='ocrx_word' id='word_1_233' title='bbox 557 3246 651 3308; x_wconf 88' lang='lat' dir='ltr'><strong>sicuti</strong></span> <span class='ocrx_word' id='word_1_234' title='bbox 672 3254 704 3309; x_wconf 88' lang='lat' dir='ltr'><strong>et</strong></span> <span class='ocrx_word' id='word_1_235' title='bbox 724 3247 847 3321; x_wconf 88' lang='lat' dir='ltr'><strong>ceteri,</strong></span> <span class='ocrx_word' id='word_1_236' title='bbox 871 3245 990 3310; x_wconf 80' lang='lat' dir='ltr'><strong>ciconia</strong></span> <span class='ocrx_word' id='word_1_237' title='bbox 1013 3264 1030 3308; x_wconf 85' lang='lat' dir='ltr'><strong>e</strong></span> <span class='ocrx_word' id='word_1_238' title='bbox 1053 3246 1196 3326; x_wconf 90' lang='lat' dir='ltr'><strong>genuinis</strong></span> <span class='ocrx_word' id='word_1_239' title='bbox 1218 3246 1402 3311; x_wconf 76' lang='lat' dir='ltr'><strong>Adamantii</strong></span> <span class='ocrx_word' id='word_1_240' title='bbox 1421 3263 1463 3308; x_wconf 89' lang='lat' dir='ltr'><strong>se·</strong></span> 
     </span>
     <span class='ocr_line' id='line_1_30' title="bbox 366 3345 1463 3428; baseline -0.003 -18"><span class='ocrx_word' id='word_1_241' title='bbox 366 3346 505 3411; x_wconf 88' lang='lat' dir='ltr'><strong>minibus</strong></span> <span class='ocrx_word' id='word_1_242' title='bbox 536 3365 705 3410; x_wconf 87' lang='lat' dir='ltr'><strong>secernere</strong></span> <span class='ocrx_word' id='word_1_243' title='bbox 725 3349 916 3411; x_wconf 87' lang='lat' dir='ltr'><strong>omiserunt.</strong></span> <span class='ocrx_word' id='word_1_244' title='bbox 948 3347 995 3410; x_wconf 84' lang='lat' dir='ltr'><strong>lte</strong></span> <span class='ocrx_word' id='word_1_245' title='bbox 1017 3367 1156 3428; x_wconf 86' lang='lat' dir='ltr'><strong>nemque</strong></span> <span class='ocrx_word' id='word_1_246' title='bbox 1178 3367 1207 3410; x_wconf 94' lang='lat' dir='ltr'><strong>n.</strong></span> <span class='ocrx_word' id='word_1_247' title='bbox 1230 3345 1279 3412; x_wconf 83' lang='lat'><strong>15.</strong></span> <span class='ocrx_word' id='word_1_248' title='bbox 1302 3351 1390 3413; x_wconf 91' lang='lat' dir='ltr'><strong>inter</strong></span> <span class='ocrx_word' id='word_1_249' title='bbox 1408 3349 1463 3410; x_wconf 86' lang='lat' dir='ltr'><strong>alie</strong></span> 
     </span>
     <span class='ocr_line' id='line_1_31' title="bbox 365 3429 1464 3530; baseline -0.002 -16"><span class='ocrx_word' id='word_1_250' title='bbox 365 3449 539 3530; x_wconf 86' lang='lat' dir='ltr'><strong>profitetur</strong></span> <span class='ocrx_word' id='word_1_251' title='bbox 558 3449 717 3514; x_wconf 86' lang='lat' dir='ltr'><strong>loannes:</strong></span> <span class='ocrx_word' id='word_1_252' title='bbox 735 3429 752 3510; x_wconf 69' lang='grc' dir='ltr'><strong>ἒ(</strong></span> <span class='ocrx_word' id='word_1_253' title='bbox 768 3449 908 3529; x_wconf 77' lang='lat' dir='ltr'><strong>Angelos</strong></span> <span class='ocrx_word' id='word_1_254' title='bbox 937 3467 1001 3513; x_wconf 89' lang='lat' dir='ltr'><strong>nnn</strong></span> <span class='ocrx_word' id='word_1_255' title='bbox 1021 3443 1197 3514; x_wconf 84' lang='lat' dir='ltr'><strong>constitisse</strong></span> <span class='ocrx_word' id='word_1_256' title='bbox 1218 3459 1335 3514; x_wconf 89' lang='lat' dir='ltr'><strong>natura</strong></span> <span class='ocrx_word' id='word_1_257' title='bbox 1357 3452 1464 3514; x_wconf 91' lang='lat' dir='ltr'><strong>immn-</strong></span> 
     </span>
     <span class='ocr_line' id='line_1_32' title="bbox 367 3549 1465 3631; baseline -0.005 -17"><span class='ocrx_word' id='word_1_258' title='bbox 367 3551 470 3627; x_wconf 86' lang='lat' dir='ltr'><strong>tnbili,</strong></span> <span class='ocrx_word' id='word_1_259' title='bbox 491 3550 546 3614; x_wconf 90' lang='lat' dir='ltr'><strong>sod</strong></span> <span class='ocrx_word' id='word_1_260' title='bbox 569 3550 730 3626; x_wconf 79' lang='lat' dir='ltr'><strong>mutabili,</strong></span> <span class='ocrx_word' id='word_1_261' title='bbox 752 3551 829 3630; x_wconf 90' lang='lat' dir='ltr'><strong>quic</strong></span> <span class='ocrx_word' id='word_1_262' title='bbox 851 3551 965 3614; x_wconf 88' lang='lat' dir='ltr'><strong>mutati</strong></span> <span class='ocrx_word' id='word_1_263' title='bbox 986 3561 1080 3631; x_wconf 69' lang='lat' dir='ltr'><strong>suut,</strong></span> <span class='ocrx_word' id='word_1_264' title='bbox 1102 3560 1197 3614; x_wconf 86' lang='lat' dir='ltr'><strong>etex</strong></span> <span class='ocrx_word' id='word_1_265' title='bbox 1218 3551 1352 3631; x_wconf 88' lang='lat' dir='ltr'><strong>propria</strong></span> <span class='ocrx_word' id='word_1_266' title='bbox 1374 3549 1465 3631; x_wconf 90' lang='lat' dir='ltr'><strong>digni·</strong></span> 
     </span>
     <span class='ocr_line' id='line_1_33' title="bbox 368 3651 1467 3734; baseline -0.004 -19"><span class='ocrx_word' id='word_1_267' title='bbox 368 3659 434 3716; x_wconf 89' lang='lat' dir='ltr'><strong>tate</strong></span> <span class='ocrx_word' id='word_1_268' title='bbox 454 3657 485 3716; x_wconf 90' lang='lat' dir='ltr'><strong>ct</strong></span> <span class='ocrx_word' id='word_1_269' title='bbox 507 3653 611 3732; x_wconf 84' lang='lat' dir='ltr'><strong>glorie</strong></span> <span class='ocrx_word' id='word_1_270' title='bbox 634 3653 733 3733; x_wconf 84' lang='lat' dir='ltr'><strong>mogis</strong></span> <span class='ocrx_word' id='word_1_271' title='bbox 754 3651 785 3714; x_wconf 91' lang='lat' dir='ltr'><strong>in</strong></span> <span class='ocrx_word' id='word_1_272' title='bbox 807 3653 999 3716; x_wconf 89' lang='lat' dir='ltr'><strong>daemonum</strong></span> <span class='ocrx_word' id='word_1_273' title='bbox 1023 3654 1168 3717; x_wconf 90' lang='lat' dir='ltr'><strong>ordinem</strong></span> <span class='ocrx_word' id='word_1_274' title='bbox 1190 3653 1304 3716; x_wconf 90' lang='lat' dir='ltr'><strong>abiisse</strong></span> <span class='ocrx_word' id='word_1_275' title='bbox 1325 3651 1467 3734; x_wconf 82' lang='lat' dir='ltr'><strong>cognoci-</strong></span> 
     </span>
     <span class='ocr_line' id='line_1_34' title="bbox 368 3750 1467 3834; baseline -0.005 -16"><span class='ocrx_word' id='word_1_276' title='bbox 368 3771 451 3818; x_wconf 88' lang='lat' dir='ltr'><strong>mus.</strong></span> <span class='ocrx_word' id='word_1_277' title='bbox 468 3750 598 3818; x_wconf 80' lang='lat' dir='ltr'><strong>bnimas</strong></span> <span class='ocrx_word' id='word_1_278' title='bbox 614 3772 691 3818; x_wconf 80' lang='lat' dir='ltr'><strong>cero</strong></span> <span class='ocrx_word' id='word_1_279' title='bbox 708 3751 873 3818; x_wconf 88' lang='lat' dir='ltr'><strong>bominum</strong></span> <span class='ocrx_word' id='word_1_280' title='bbox 889 3771 931 3816; x_wconf 82' lang='lat' dir='ltr'><strong>ex</strong></span> <span class='ocrx_word' id='word_1_281' title='bbox 946 3754 1136 3834; x_wconf 88' lang='lat' dir='ltr'><strong>augelorum</strong></span> <span class='ocrx_word' id='word_1_282' title='bbox 1151 3755 1257 3829; x_wconf 86' lang='lat' dir='ltr'><strong>ruine,</strong></span> <span class='ocrx_word' id='word_1_283' title='bbox 1272 3765 1329 3816; x_wconf 89' lang='lat' dir='ltr'><strong>ant</strong></span> <span class='ocrx_word' id='word_1_284' title='bbox 1344 3773 1386 3818; x_wconf 84' lang='lat' dir='ltr'><strong>ex</strong></span> <span class='ocrx_word' id='word_1_285' title='bbox 1400 3767 1467 3816; x_wconf 91' lang='lat' dir='ltr'><strong>con·</strong></span> 
     </span>
     <span class='ocr_line' id='line_1_35' title="bbox 369 3854 1466 3937; baseline -0.005 -19"><span class='ocrx_word' id='word_1_286' title='bbox 369 3855 516 3919; x_wconf 82' lang='lat' dir='ltr'><strong>versione</strong></span> <span class='ocrx_word' id='word_1_287' title='bbox 538 3856 619 3932; x_wconf 88' lang='lat' dir='ltr'><strong>lieri,</strong></span> <span class='ocrx_word' id='word_1_288' title='bbox 635 3873 740 3936; x_wconf 86' lang='lat' dir='ltr'><strong>neque</strong></span> <span class='ocrx_word' id='word_1_289' title='bbox 761 3854 956 3918; x_wconf 87' lang='lat' dir='ltr'><strong>credidimus</strong></span> <span class='ocrx_word' id='word_1_290' title='bbox 976 3855 1162 3937; x_wconf 87' lang='lat' dir='ltr'><strong>aliqnando,</strong></span> <span class='ocrx_word' id='word_1_291' title='bbox 1179 3875 1283 3937; x_wconf 87' lang='lat' dir='ltr'><strong>neque</strong></span> <span class='ocrx_word' id='word_1_292' title='bbox 1304 3857 1466 3920; x_wconf 89' lang='lat' dir='ltr'><strong>docuimus</strong></span> 
     </span>
     <span class='ocr_line' id='line_1_36' title="bbox 369 3955 1464 4038; baseline -0.002 -20"><span class='ocrx_word' id='word_1_293' title='bbox 369 3955 476 4034; x_wconf 69' lang='lat' dir='ltr'><strong>(absit</strong></span> <span class='ocrx_word' id='word_1_294' title='bbox 495 3959 577 4020; x_wconf 89' lang='lat' dir='ltr'><strong>enim</strong></span> <span class='ocrx_word' id='word_1_295' title='bbox 592 3958 601 4036; x_wconf 92' lang='lat'><strong>)</strong></span> <span class='ocrx_word' id='word_1_296' title='bbox 611 3977 622 4036; x_wconf 80' lang='lat'>3</span> <span class='ocrx_word' id='word_1_297' title='bbox 644 3964 678 4022; x_wconf 89' lang='lat' dir='ltr'><strong>et</strong></span> <span class='ocrx_word' id='word_1_298' title='bbox 696 3956 839 4021; x_wconf 87' lang='lat' dir='ltr'><strong>alienum</strong></span> <span class='ocrx_word' id='word_1_299' title='bbox 860 3955 923 4020; x_wconf 89' lang='lat' dir='ltr'><strong>hoo</strong></span> <span class='ocrx_word' id='word_1_300' title='bbox 943 3974 1012 4021; x_wconf 89' lang='lat' dir='ltr'><strong>esse</strong></span> <span class='ocrx_word' id='word_1_301' title='bbox 1032 3957 1303 4038; x_wconf 76' lang='lat' dir='ltr'><strong>apraedicatione</strong></span> <span class='ocrx_word' id='word_1_302' title='bbox 1323 3955 1464 4022; x_wconf 86' lang='lat' dir='ltr'><strong>ecclesia·</strong></span> 
     </span>
     <span class='ocr_line' id='line_1_37' title="bbox 367 4057 1464 4125; baseline 0.001 -4"><span class='ocrx_word' id='word_1_303' title='bbox 367 4059 447 4123; x_wconf 86' lang='lat' dir='ltr'><strong>stica</strong></span> <span class='ocrx_word' id='word_1_304' title='bbox 468 4059 668 4125; x_wconf 86' lang='lat' dir='ltr'><strong>confitemur.</strong></span> <span class='ocrx_word' id='word_1_305' title='bbox 684 4076 702 4117; x_wconf 83' lang='lat' dir='ltr'><strong>o</strong></span> <span class='ocrx_word' id='word_1_306' title='bbox 719 4057 762 4123; x_wconf 83' lang='lat' dir='ltr'><strong>Et</strong></span> <span class='ocrx_word' id='word_1_307' title='bbox 782 4059 843 4122; x_wconf 87' lang='lat' dir='ltr'><strong>hec</strong></span> <span class='ocrx_word' id='word_1_308' title='bbox 857 4058 985 4124; x_wconf 87' lang='lat' dir='ltr'><strong>interim</strong></span> <span class='ocrx_word' id='word_1_309' title='bbox 1000 4059 1211 4124; x_wconf 83' lang='lat' dir='ltr'><strong>obtestatione</strong></span> <span class='ocrx_word' id='word_1_310' title='bbox 1231 4058 1371 4124; x_wconf 83' lang='lat' dir='ltr'><strong>ioannes</strong></span> <span class='ocrx_word' id='word_1_311' title='bbox 1384 4076 1419 4124; x_wconf 90' lang='lat' dir='ltr'><strong>so</strong></span> <span class='ocrx_word' id='word_1_312' title='bbox 1436 4059 1464 4116; x_wconf 85' lang='lat' dir='ltr'><strong>et</strong></span> 
     </span>
     <span class='ocr_line' id='line_1_38' title="bbox 365 4157 1218 4242; baseline 0.002 -20"><span class='ocrx_word' id='word_1_313' title='bbox 365 4157 538 4242; x_wconf 85' lang='lat' dir='ltr'><strong>Origencm</strong></span> <span class='ocrx_word' id='word_1_314' title='bbox 557 4162 702 4230; x_wconf 86' lang='lat' dir='ltr'><strong>sincerae</strong></span> <span class='ocrx_word' id='word_1_315' title='bbox 721 4157 796 4226; x_wconf 89' lang='lat' dir='ltr'><strong>tidoi</strong></span> <span class='ocrx_word' id='word_1_316' title='bbox 817 4164 970 4240; x_wconf 74' lang='lat' dir='ltr'><strong>patronos</strong></span> <span class='ocrx_word' id='word_1_317' title='bbox 991 4160 1218 4228; x_wconf 80' lang='lat' dir='ltr'><strong>constituebat.</strong></span> 
     </span>
    </p>
   </div>
   <div class='ocr_carea' id='block_1_3' title="bbox 0 0 1532 4942">
    <p class='ocr_par' dir='ltr' id='par_1_9' title="bbox 0 0 1532 4942">
     <span class='ocr_line' id='line_1_39' title="bbox 0 0 1532 4942; baseline 0 0"><span class='ocrx_word' id='word_1_318' title='bbox 0 0 1532 4942; x_wconf 95' lang='lat' dir='ltr'><strong> </strong></span> 
     </span>
    </p>
   </div>
  </div>
 </body>
</html>
