3048 4946
195 391 379 480 ‚run

313 507 377 574 ret,
391 496 574 564 consentire
587 496 703 564 nulnit.
720 495 764 564 tt
778 499 950 581 postquem
963 493 995 564 ci
1008 495 1238 564 denuncietum
1256 496 1331 575 init,
1345 495 1428 578 quud

314 598 538 665 excludendus
559 608 655 677 esset,
671 601 729 664 nisi
752 600 888 677 luceret,
902 603 953 667 aui
977 603 1085 682 petius
1099 601 1243 675 honoris,
1258 617 1358 680 quam
1379 618 1428 661 re·

313 701 419 766 ritatia
439 702 578 768 dilectur
597 704 746 768 inventus
765 711 826 767 est.
843 701 929 780 Quid
950 704 1048 766 etiam
1071 702 1186 782 Petrus
1208 700 1429 783 hierosolymi·
1517 781 1518 784 Ἴ

312 801 436 867 tenus'i
451 802 564 868 Nonne
579 805 708 887 puttiicn
733 807 844 870 nutitla
862 805 977 882 relert,
993 806 1146 886 quonium
1161 803 1373 868 conveniente
1392 801 1428 862 ad
1517 788 1518 813 ¹

309 921 345 968 su
366 904 573 971 multitudine
595 905 843 981 monachorum,
862 906 994 988 juratus
1025 905 1259 986 pronuntiarit,
1282 901 1374 983 quud
1391 904 1430 966 ai·

310 1005 383 1086 quir
403 1006 507 1070 eidem
521 1005 654 1073 decretu
677 1008 801 1072 uuritiu
821 1009 1029 1082 consentiret,
1048 1013 1161 1072 cuutrn
1179 1003 1432 1068 calchedonem
1518 1013 1519 1044 l

309 1101 492 1200 Cuncilium
508 1103 657 1174 iaceret?
678 1106 748 1176 Nec
762 1116 870 1172 tumen
890 1125 926 1171 ue
939 1105 981 1171 alr
995 1105 1067 1186 ejus
1079 1103 1289 1170 consensione
1301 1117 1431 1182 amuen-

308 1203 357 1270 dit
370 1249 480 1270 .....

320 1341 340 1352 ..
388 1305 494 1374 elam
518 1307 664 1374 venete
685 1309 827 1376 alierum
841 1301 1011 1376 civitatum
1034 1309 1192 1391 episcopis
1215 1305 1295 1388 quid
1318 1305 1432 1384 tuqur-
1519 1285 1520 1354 l

307 1423 396 1484 mur,
412 1411 470 1489 qui
488 1415 522 1474 et
541 1428 617 1478 cnm
636 1411 780 1476 tumturn
800 1411 1090 1492 compellerentur,
1106 1410 1211 1490 uniam
1234 1407 1432 1472 reclamare·

306 1516 386 1573 runt
406 1518 518 1574 cuutre
540 1529 688 1593 maguum
709 1511 875 1597 synodum
896 1511 988 1576 fierit
1012 1518 1045 1575 et
1065 1519 1138 1591 pust
1157 1498 1430 1589 subscriptionem
1520 1557 1521 1586 t

182 1599 194 1618 ‘
270 1653 274 1662 .
309 1618 491 1676 ureururatu
512 1610 676 1693 Stephnru
697 1629 833 1678 rumano
856 1615 992 1678 diecunu
1020 1612 1151 1678 libellus
1170 1611 1332 1674 dederuut
1357 1606 1431 1674 sent

308 1709 516 1790 apostoticae
538 1715 809 1789 transmittendus.
825 1714 1013 1780 confitentes
1027 1717 1059 1778 in
1074 1714 1133 1788 eis,
1148 1711 1235 1793 quud
1250 1729 1267 1774 a
1284 1719 1434 1776 constan·

308 1801 521 1894 tiuupulit'auu
535 1817 688 1896 episuupu
703 1818 807 1881 cunuti
821 1817 1084 1882 subscriberent:
1096 1815 1154 1894 qni
1167 1815 1194 1878 si
1208 1829 1226 1874 a
1243 1821 1352 1876 vestre
1369 1812 1434 1891 uie·
1521 1820 1522 1830 ¹

312 1920 378 1979 tatu
398 1923 617 1994 quaerantur,
647 1923 801 1998 poterunt
820 1925 854 1982 et
874 1916 962 1997 eund
984 1933 1042 1979 rus
1061 1916 1179 1981 nustria
1198 1913 1433 1978 essertiuuiirna

247 2048 251 2054 ·
307 2019 468 2082 attestari.
487 2015 577 2086 Unde
590 2035 653 2083 nuu
673 2020 781 2084 sutum
804 2021 876 2101 insi,
896 2020 952 2099 uui
975 2019 1057 2100 haec
1076 2014 1306 2091 tenerentur
1326 2023 1363 2078 et
1385 2013 1434 2076 illi

310 2119 422 2195 etiam,
444 2121 502 2200 qni
534 2120 725 2186 facientibus
745 2119 1014 2186 uummnuiuaudu
1042 2117 1258 2190 consentiunt,
1281 2114 1320 2178 de
1343 2113 1437 2194 ignu-
1522 2140 1523 2202 t

307 2220 412 2282 rsntia
433 2223 620 2304 semetipsos
640 2239 800 2288 excusare
821 2237 884 2286 nuu
904 2227 1062 2302 uussuutr
1085 2225 1118 2283 et
1133 2215 1260 2313 iruatrn
1280 2214 1436 2280 diminu·
1522 2231 1523 2238 ¹

305 2316 388 2394 lant,
413 2319 532 2384 irusirs
553 2339 588 2384 sc
608 2320 721 2387 dicunt
741 2323 878 2400 nescire,
910 2315 998 2404 quu'd
1021 2309 1143 2389 iactum
1165 2329 1225 2397 est.
1245 2322 1314 2384 site
1334 2316 1437 2381 lucra

305 2421 500 2501 temporalis
516 2422 698 2503 diligentur,
719 2423 788 2490 site
803 2425 902 2503 gratis
919 2443 994 2490 suns
1008 2429 1131 2492 animas
1146 2421 1354 2503 negligentes.
1373 2415 1437 2482 Cui

306 2522 391 2584 enim
413 2541 477 2588 uun
508 2521 658 2607 sufficiat,
680 2523 720 2590 ad
743 2524 1002 2605 cognoscundum
1032 2542 1152 2592 cenare
1172 2523 1337 2594 meritum,
1361 2519 1438 2582 suta

191 2613 195 2622 ’
310 2621 469 2688 uuuiesriu
483 2632 772 2706 transgressurum,
785 2634 818 2689 ct
831 2626 936 2692 verbis
947 2625 1077 2709 publice
1092 2623 1190 2700 lecte.
1200 2629 1235 2688 et
1244 2619 1371 2686 libellis
1381 2637 1441 2682 ex·

307 2723 441 2802 uusitrt
462 2725 650 2792 Manifestus
671 2728 941 2800 heleuterrures
961 2744 1097 2802 eurum,
1112 2729 1171 2808 qut
1200 2721 1439 2788 verisimilibus

241 2821 244 2826 ’
306 2827 518 2908 argumentis,
537 2829 630 2910 queri
643 2837 828 2896 cunctentur
846 2847 906 2894 sua
922 2837 1030 2894 errata
1045 2827 1241 2894 detenduntr
1263 2831 1297 2890 et
1315 2825 1383 2890 iate
1398 2822 1438 2886 il-

307 2925 348 2992 tis
369 2927 549 3009 incognitus
570 2949 640 2998 usse
662 2937 779 3012 puteat,
802 2937 977 2998 uncturum
995 2947 1135 2996 auorum
1155 2926 1358 2994 centurione
1380 2924 1440 2988 da·

308 3031 505 3096 mnatnst»

388 3130 510 3198 lleindu
529 3137 680 3218 seqnitur
700 3137 798 3204 trium
830 3135 1059 3218 Cauituiurnur
1091 3135 1297 3216 damnaturus
1317 3134 1440 3198 redar-

306 3253 407 3319 nueus
426 3235 633 3318 origenismi,
655 3241 750 3306 sicuti
772 3246 864 3306 auten
888 3241 919 3302 in
936 3239 1034 3303 Libro
1058 3237 1081 3301 l.
1105 3257 1135 3302 n.
1154 3235 1194 3301 ΙΙ.
1217 3234 1440 3316 praemiserat

304 3337 463 3420 inquiens,
488 3341 607 3408 burum
621 3341 850 3421 Gnuitulurum
872 3350 1111 3423 exspngnaturus
1127 3340 1288 3420 inquietos
1308 3346 1339 3400 et
1357 3339 1440 3404 hae·

307 3440 425 3504 ruticus
438 3442 631 3506 subvertere
652 3443 739 3532 uisus
760 3443 895 3508 decreta
909 3442 1030 3529 Synudi
1044 3441 1319 3516 calchedonensls,
1340 3439 1439 3504 iure·

307 3541 391 3605 uisse
420 3540 635 3608 desideratam
666 3543 869 3608 numniuucm
895 3561 937 3608 ca
966 3543 1080 3608 lururu
1110 3542 1341 3623 quorumdam.
1379 3541 1439 3622 qui

292 3613 367 3708 ‘tub
388 3643 516 3708 numine
545 3643 721 3710 christiano
753 3645 893 3710 latenter
914 3645 946 3709 iu
972 3644 1116 3710 Ecclesia
1138 3645 1260 3724 gentile
1279 3643 1439 3724 (trigenis

305 3743 420 3824 uugmn
441 3752 610 3815 secuntur
623 3752 685 3811 ctu.
701 3743 808 3823 Quem
825 3746 969 3812 Facundi
983 3745 1257 3812 insimulationem
1273 3753 1437 3826 tanquam

307 3847 434 3910 inanum
456 3849 489 3912 iu
509 3847 778 3928 praecedentibus
800 3848 1026 3914 retulerimus.

389 3945 465 4012 Pust
484 3949 564 4013 hacc
579 3966 714 4030 pergens
735 3949 819 4014 idum
834 3947 1005 4015 Facundus
1027 3951 1058 4012 iu
1073 3949 1172 4014 Libro
1187 3949 1343 4015 adversar
1363 3951 1440 4016 Mu

305 4049 435 4118 cinnum
455 4065 531 4114 suns
552 4051 713 4116 instaurat
732 4050 963 4116 obtestationes
994 4067 1054 4132 pru
1078 4051 1182 4116 tribur
1203 4051 1381 4131 Capitulis,
1404 4063 1438 4118 et

306 4150 371 4214 ait:
389 4171 404 4210 n
421 4148 462 4216 Ut
482 4151 761 4218 nutumuureritis
783 4151 950 4234 quumudu
964 4155 996 4217 ia
1010 4153 1176 4234 adiutus-iu
1199 4151 1269 4228 Dei,
1290 4155 1351 4236 qui
1373 4175 1436 4220 nus

307 4251 390 4333 regit
408 4269 447 4316 nc
467 4251 587 4336 dirigit,
610 4251 830 4336 Autumnum
851 4253 1060 4322 uuuuurditcr
1073 4251 1306 4336 llilrriumqne
1326 4266 1435 4322 secte-
