3186 4946
319 403 343 454 x
1307 445 1343 456 ,.

270 476 276 492 ’
319 521 394 582 tom
422 505 538 582 eidem
572 509 834 598 transmisere3
860 509 951 589 adeo
976 521 1018 588 ut
1053 509 1209 611 amplius
1237 509 1407 590 illudere·

318 644 392 721 tur,
411 646 450 710 et
478 634 712 735 improbanda
748 637 923 715 scriberet
949 639 994 716 de
1029 640 1141 728 viris,
1178 663 1270 740 qnos
1297 653 1404 718 antea

319 759 544 839 laudaverat.

422 888 470 964 Et
493 891 610 989 quoad
630 889 886 992 Theophilum,
903 897 966 995 qui
986 895 1260 996 Hieronymum,
1275 919 1320 973 eo
1341 921 1403 973 us·

315 1037 386 1114 que
404 1017 569 1116 origenis
591 1017 832 1107 defensorem,
848 1021 1009 1099 traduxit
1028 1023 1063 1096 in
1082 1023 1300 1098 contrariam
1320 1047 1405 1123 par-

317 1155 422 1227 tam,
457 1146 547 1222 satie
580 1147 685 1224 nobis
722 1147 900 1223 satisfacit
929 1150 1043 1248 ipsius
1070 1149 1237 1226 Doctnris
1269 1151 1407 1250 episto·

317 1267 352 1344 la
380 1264 446 1346 Sd.
474 1273 520 1348 ad
548 1273 819 1350 Pammachium
843 1290 882 1351 et
902 1277 1110 1366 Oceanum3
1138 1278 1198 1352 uhi
1228 1292 1402 1355 testatur:

321 1397 507 1476 «Credite
531 1415 705 1500 experto,
739 1404 841 1501 quasi
869 1403 1087 1480 christianus
1115 1403 1321 1481 christianis
1343 1406 1404 1482 lo·

318 1550 422 1625 quor.
449 1527 632 1604 Venenata
657 1543 741 1606 sunt
765 1530 861 1606 illius
891 1529 1081 1630 (origenis)
1110 1532 1294 1630 dogmata,
1321 1532 1405 1607 alie·

318 1677 364 1728 na
400 1679 420 1729 a
452 1655 648 1754 Scripturis
679 1659 836 1744 sanctis,
870 1658 944 1732 rim
990 1657 1186 1756 Scripturis
1218 1657 1401 1734 facientia.

318 1778 417 1879 Legi,
451 1783 611 1883 inquam,
644 1785 715 1883 legi
738 1786 945 1883 Origenem,
970 1799 1009 1861 ct
1036 1786 1066 1859 si
1092 1787 1129 1859 in
1157 1785 1309 1884 legendo
1333 1786 1404 1861 cri·-

318 1931 401 1986 men
431 1925 501 1998 cst,
530 1912 673 2002 fateor3
701 1925 739 1988 et
758 1927 922 1989 nostrum
952 1913 1173 2010 marsupium
1199 1913 1403 1989 alexandri·

317 2063 386 2114 nae
406 2039 552 2115 chartae
589 2051 861 2118 evacuarunt.»
881 2040 951 2115 Sed
976 2063 998 2114 o
1032 2063 1161 2114 vanam
1181 2039 1402 2117 obtestatio-

315 2165 422 2242 nem!
439 2169 595 2245 Chartae
615 2169 868 2244 alexandrinae
883 2168 995 2243 latine
1010 2191 1137 2244 versae
1157 2167 1203 2244 ab
1222 2168 1400 2268 hierony-

316 2319 377 2370 mo
398 2309 436 2372 ct
462 2297 618 2373 Romam
637 2321 749 2397 usque
771 2296 917 2384 missae,
933 2296 1032 2371 varia
1051 2294 1242 2396 Theophili
1260 2299 1399 2397 scripta

314 2424 571 2510 continebant,
598 2426 737 2523 singula
766 2439 938 2501 contexta
975 2423 1197 2500 falsitatibus
1223 2426 1398 2501 adversus

316 2553 522 2651 Origenem,
545 2566 585 2630 ut
614 2555 781 2640 vidimus,
807 2569 845 2631 et
863 2577 953 2652 quas
978 2554 1152 2652 genuinos
1179 2553 1284 2628 istius
1311 2577 1399 2629 san-

314 2703 376 2759 sus
404 2682 546 2780 putarit
574 2705 604 2756 s.
629 2681 777 2770 Ductor,
802 2704 931 2780 parum
959 2681 1005 2757 de
1028 2679 1219 2778 Theophili
1248 2683 1399 2758 temeri·

315 2821 391 2884 tate
411 2823 449 2884 et
468 2808 606 2884 malitia
625 2811 922 2908 circumspectus.
946 2809 994 2885 Et
1013 2809 1070 2884 cui
1090 2808 1292 2908 Theophila
1319 2822 1401 2885 tan-

313 2945 392 3010 tum
419 2936 550 3012 detulit
573 2937 830 3035 Hieronymus,
864 2950 906 3012 ut
934 2949 972 3011 et
999 2936 1162 3012 lihcllnm
1191 2937 1305 3035 ipsius
1329 2937 1398 3012 ad·

314 3086 440 3140 versus
459 3089 490 3140 s.
515 3065 691 3142 loannem
706 3065 1022 3165 chrysostomum,
1044 3065 1310 3164 iniquissimum
1330 3091 1397 3144 ne·

314 3190 534 3291 laudumque
559 3218 663 3293 opus,
688 3194 801 3270 latina
822 3195 987 3270 versione
1010 3195 1174 3270 donaret.
1203 3203 1206 3210 '

421 3320 513 3394 ltom
542 3321 617 3396 dixi
645 3320 691 3396 ah
719 3323 846 3397 amicis
875 3323 951 3396 suis
980 3319 1024 3396 dc
1049 3321 1256 3396 Occidentis
1284 3322 1400 3420 parti-

313 3445 382 3522 hus
406 3446 551 3524 illusum
581 3447 856 3547 Hieronymum.
884 3449 923 3524 ln
947 3449 1015 3524 hac
1046 3449 1143 3524 enim
1171 3449 1317 3546 regione
1335 3448 1398 3524 alii

313 3597 397 3652 cum
425 3575 659 3675 flieronymo,
680 3579 739 3654 nlii
764 3601 847 3655 cum
875 3577 1018 3652 Ruffino
1038 3575 1244 3652 sentiebant
1271 3577 1306 3652 in
1335 3600 1402 3652 no·

238 3740 243 3748 ·
312 3715 351 3776 ta
384 3705 608 3801 quaestione.
645 3704 722 3782 Hoc
755 3721 878 3782 autem
911 3704 1023 3804 proha
1062 3716 1228 3779 notatum
1265 3717 1323 3780 est
1351 3703 1399 3777 ah

257 3859 261 3870 ·
313 3829 471 3904 Auctore
497 3829 601 3908 Vitae
630 3855 662 3906 s.
690 3831 899 3930 hieronymi
934 3813 967 3906 c'.
1002 3828 1110 3904 XXX.
1136 3853 1175 3904 n.
1208 3825 1260 3903 'fa
1291 3855 1308 3902 u
1337 3829 1400 3905 fli-

311 3958 547 4047 scordiarum,
576 3959 710 4057 inquit,
742 3983 852 4035 cansa
885 3957 1045 4034 maxima
1075 3957 1110 4032 in
1137 3956 1329 4056 partiarios
1361 3981 1399 4032 u·

308 4083 471 4184 triusque
504 4085 659 4162 nominis
691 4100 749 4163 cst
784 4083 1028 4163 refundenda:
1049 4084 1111 4184 qui
1142 4082 1229 4158 licet
1262 4085 1397 4182 egregii

306 4211 475 4290 catholici
508 4224 547 4290 et
571 4228 694 4294 mento
722 4215 942 4305 hona,·dum
972 4212 1041 4290 sihi
1072 4227 1195 4290 umen
1228 4211 1399 4290 scandala
