3048 4946
341 369 401 438 ldh

340 473 457 540 deinde
473 479 605 555 praeter
618 473 789 540 iustiniani
808 478 946 540 mentem
960 473 1129 554 vulgatum
1144 473 1178 536 in
1190 471 1339 538 ultionem
1351 469 1434 535 'lhao
1498 487 1499 490 ¹

343 574 415 641 dori
437 573 659 655 Cappadociae
679 582 714 640 et
733 585 931 650 ceterorum,
954 575 1011 655 qui
1041 575 1072 638 in
1093 572 1223 658 Synodo
1250 575 1432 636 oecumenica

340 693 402 758 pro
414 677 606 744 eorumdem
621 679 720 743 trium
738 676 969 758 Capitulornm
984 676 1187 744 damnatione
1203 681 1393 754 pugnandam
1404 672 1434 736 de

229 774 230 778 ’
340 775 459 857 quihus
478 775 573 840 inira.

420 873 549 950 Quanto
573 893 650 940 voro
668 875 745 956 jore
774 876 854 944 hace
869 895 929 957 ego
950 877 1132 958 suspicatus
1152 878 1211 940 sim
1226 893 1330 956 nsque
1347 871 1434 950 modop

340 992 379 1043 ac
401 984 437 1040 nt
457 995 527 1040 rem
545 980 586 1041 ita
607 996 642 1040 se
663 977 783 1040 hahere
797 979 936 1058 amplius
950 985 1086 1052 constet,
1109 995 1224 1042 eornm
1247 975 1433 1042 conterantur

337 1077 479 1152 nomina,
501 1082 589 1157 gesta
611 1084 642 1140 et
663 1084 751 1139 aetas
778 1077 899 1142 censita
921 1079 952 1142 in
974 1079 1036 1143 hoe
1057 1074 1214 1142 Tractatn
1235 1096 1278 1140 ex
1293 1071 1433 1140 Brmioria

339 1174 496 1254 Liberati,
511 1185 544 1240 et
564 1196 606 1240 ex
620 1175 726 1240 Libris
743 1174 898 1254 Facundi,
912 1195 986 1241 cnm
1008 1177 1140 1242 historia
1164 1176 1383 1248 ecclesiastica,
1401 1173 1434 1236 le·

340 1277 433 1358 pibus
454 1275 692 1356 chronologiae
717 1278 866 1340 servatis.
890 1278 925 1342 ln
946 1278 1008 1342 hoc
1028 1274 1185 1340 Tractatn
1215 1278 1353 1340 citantor
1369 1271 1436 1352 Vipi-

336 1377 416 1454 lins,
440 1375 574 1441 ldenoas
608 1378 984 1457 constantinopolitanos,
1014 1373 1123 1440 Zoilus
1154 1374 1387 1447 alexandrinus,
1404 1368 1436 1434 li·

337 1477 515 1558 phraemns
535 1479 757 1556 antiochenus,
780 1487 812 1542 et
836 1477 953 1540 Petrus
976 1477 1280 1561 hierosolymitanus
1294 1496 1302 1538 e
1317 1473 1353 1536 ad
1372 1487 1436 1552 qnos

339 1575 544 1643 lastinianus
572 1579 693 1642 misisse
721 1579 854 1656 dieitur,
884 1586 920 1641 nt
945 1579 1102 1642 adversus
1126 1577 1300 1656 Origenem
1331 1574 1437 1636 decreto

341 1677 588 1747 subscriberent
602 1680 698 1747 sicuti
711 1682 811 1750 ceteri
829 1678 972 1760 episcopi
992 1677 1178 1743 innominati
1192 1670 1438 1756 Constantinopoli

343 1780 506 1862 degentes.

421 1881 547 1947 interea
574 1879 696 1960 legitur
713 1878 829 1946 Peiros
850 1881 1018 1959 episcopus
1039 1876 1342 1962 Hierosolymorum
1357 1875 1436 1939 laton

339 1978 456 2046 obiisse
469 1997 658 2060 supremum
673 1981 758 2044 cirea
773 1997 891 2042 annum
905 1973 977 2050 nti.
994 1961 1131 2042 anctore
1142 1976 1349 2058 Theophane,
1361 1991 1436 2056 quen

338 2080 493 2160 seqnitur
523 2079 641 2160 Papius
663 2080 695 2142 in
724 2080 814 2146 notis
831 2077 983 2142 Baronii:
1010 2079 1190 2160 eodemque
1211 2087 1354 2159 tempore
1372 2091 1438 2140 nor·

343 2187 420 2247 tnus
441 2179 561 2246 dicitur
589 2179 794 2262 Ephraemns
824 2181 1053 2258 antiochenum
1080 2198 1163 2260 qnos
1193 2181 1305 2245 nmhoa
1326 2178 1437 2242 sidium

338 2274 564 2359 subscripsisse
584 2277 732 2360 Origenis
748 2277 956 2342 anathemati.
979 2277 1108 2342 Pariter
1125 2280 1211 2342 eirca
1233 2279 1321 2344 istud
1335 2287 1436 2356 tempas

339 2377 478 2460 vigilius
499 2377 598 2458 Papa,
625 2379 735 2458 quiin
760 2376 914 2442 Tractatu
945 2379 1068 2458 legitur
1097 2377 1220 2442 Romae
1251 2379 1356 2442 adhue
1371 2379 1434 2440 situs

341 2479 489 2560 Origenis
504 2479 729 2560 subscripsisse
744 2478 952 2555 damnationi,
970 2478 1058 2546 Urbe
1083 2480 1228 2544 discessit
1242 2479 1436 2546 Constantino·

340 2582 441 2661 polim
463 2581 622 2643 adituros.
638 2577 779 2662 ideoque
802 2581 863 2644 hoc
883 2600 978 2654 anno,
1000 2601 1059 2646 sen
1078 2591 1153 2645 ants
1166 2582 1435 2665 hojnsterminnn,

338 2680 512 2750 iustiniani
526 2679 728 2758 Tractatum,
750 2681 976 2764 episcoporum
1001 2691 1198 2748 conventum
1221 2679 1438 2750 adrersnsOri·

341 2783 428 2878 panis
449 2782 675 2864 blasphemias,
700 2801 738 2846 ac
758 2782 1010 2864 longinquorum
1041 2783 1304 2864 patriarcharum
1324 2778 1438 2846 snhseri
1498 2771 1499 2818 ἶ

338 2883 481 2964 ptionem
496 2883 607 2948 locum
623 2883 772 2946 hahuisse
790 2903 923 2948 necesse
939 2885 1032 2948 ieret.
1051 2884 1239 2960 Praeterea,
1254 2891 1354 2947 stante
1366 2897 1439 2962 prae
1498 2911 1499 2928 ÷

341 2982 484 3047 latorum
499 2983 744 3048 Chronistarom
766 2985 974 3060 auctoritate,
992 2982 1116 3058 Zoilus,
1132 2987 1189 3065 qui
1202 2985 1288 3048 istud
1303 2982 1440 3058 subsigna·
1498 2987 1499 3008 ¹

341 3084 390 3147 ait
405 3084 587 3159 anathema,
607 3083 793 3149 cathedram
809 3083 1038 3148 alexandrinae
1060 3085 1215 3152 ecclesiae
1240 3083 1376 3150 ascendit
1393 3079 1441 3140 eir·

339 3201 377 3248 ca
399 3201 450 3246 an.
471 3181 540 3254 543.
564 3181 773 3264 Quapropter
786 3184 869 3245 intra
894 3185 989 3248 nnius
1010 3187 1084 3248 anni
1106 3185 1260 3266 spatium,
1277 3184 1355 3247 idest
1373 3179 1439 3242 intra

339 3281 410 3354 543.
425 3291 457 3350 et
469 3277 519 3356 lt.
535 3302 631 3348 eausa
654 3285 837 3366 origeniana
854 3281 1135 3366 Constantinopoli
1156 3288 1277 3366 agitata
1299 3283 1442 3346 videretur

341 3382 374 3446 in
395 3379 527 3466 Synodo
558 3385 786 3465 episcoporum
815 3384 877 3448 snb
898 3383 1034 3448 llenoae
1067 3385 1279 3466 praesidentia
1291 3405 1303 3464 3
1323 3401 1359 3446 ao
1384 3379 1440 3440 ideo

341 3501 416 3560 pons
438 3484 564 3556 istihoc
587 3485 754 3548 anathema
777 3483 1004 3559 decrevissent,
1023 3487 1136 3550 eodem
1153 3484 1309 3550 Tractatn
1328 3483 1441 3547 nonan

341 3585 440 3652 misso
467 3584 505 3646 ad
527 3582 682 3666 vigilium
706 3585 838 3666 Papam,
869 3581 1101 3650 Alexandriam
1125 3587 1164 3650 ad
1191 3585 1331 3662 Zoilum,
1352 3582 1442 3648 Antio·
1498 3629 1499 3662 ,

342 3685 447 3750 chiam
471 3685 509 3750 ad
532 3683 767 3767 Ephraemnm,
790 3685 1049 3769 Hierosolymam
1080 3689 1119 3749 ad
1144 3688 1290 3764 Petrum,
1313 3696 1343 3752 et
1361 3683 1396 3747 ah
1413 3681 1440 3742 i'o

341 3793 488 3866 accepto,
513 3787 575 3852 hoc
598 3787 668 3868 ipso
692 3805 776 3854 anno
802 3788 971 3854 dicendum
995 3787 1080 3852 loret
1102 3788 1327 3854 confirmatum
1349 3785 1439 3848 decre

340 3890 421 3950 tom.

344 4048 348 4054 .
420 3985 637 4052 Nihilominus
658 3987 771 4054 eodem
795 4006 879 4054 anno
896 3987 1070 4054 Facundus
1091 3990 1122 4052 in
1139 3989 1238 4054 Libro
1257 3995 1364 4054 contra
1382 3980 1438 4047 lle

340 4087 468 4156 clauum
492 4089 601 4165 tradit,
623 4089 803 4156 eelehratos
822 4093 1005 4173 episcopos,
1023 4093 1055 4154 in
1077 4094 1195 4172 quihus
1216 4090 1351 4160 Zoilum,
1371 4083 1435 4148 coo·

339 4191 580 4274 ⁸¹⁸⁰ll⁰9dolim
593 4191 761 4301 advenisse
781 4195 991 4262 consulturos
1007 4195 1046 4260 de
1063 4195 1166 4262 trihus
1187 4193 1351 4276 Capitulis,
1371 4201 1433 4268 que
