3048 4946
10 475 17 538 ':
103 501 169 548 rura
190 486 337 564 nasutio
361 484 457 552 raldo
480 488 618 568 urgelm
643 505 682 554 ac
695 487 892 554 sollicitabat
906 485 1070 556 Ecclesiae
1090 487 1214 568 episeo-

100 594 212 664 maon.
236 584 278 650 Et
298 587 365 666 ipse
385 585 509 666 Zoilus,
531 593 577 654 ait
598 588 770 654 Facundus
791 590 823 652 iu
843 587 942 654 Libro
964 588 1020 654 Ν.
1045 608 1074 654 o.
1100 586 1144 654 tv
1165 587 1206 654 ad

99 682 320 762 lastinianum,
336 707 411 752 cuns
423 688 526 754 Roma
545 688 699 770 vigilium
717 692 827 754 reuire
842 700 1062 772 cognosceret,
1079 690 1210 754 obsiana

99 785 140 846 iiii
160 787 198 848 ad
218 786 364 853 Siciliam
388 789 476 854 misit
496 807 711 871 conquerens,
743 809 778 856 sa
799 796 987 858 necomitate
1008 791 1107 856 inissa
1126 807 1215 856 com·

98 886 221 966 pulsum
240 890 281 952 ad
303 891 402 969 ipsius
422 891 544 956 decreti
566 893 843 958 confirmationem
865 895 905 958 da
928 895 1025 958 trium
1044 891 1212 974 Gspituio·

10 1005 16 1046 r
99 1005 168 1050 rona
186 991 400 1056 anathemate.
423 991 467 1058 Et
485 994 575 1058 haec·
606 997 716 1060 omnia
736 999 821 1060 iutra
842 997 940 1060 auius
966 997 1039 1058 anni
1060 992 1215 1059 interval·

95 1086 160 1152 iun
181 1087 264 1153 iectu
286 1099 409 1156 meent:
443 1093 525 1158 idest
549 1113 590 1158 eo
615 1097 685 1176 ipso
704 1113 788 1160 anuo
808 1096 1082 1176 Constantinopoli
1102 1097 1135 1158 iu
1155 1093 1215 1179 Sy·

10 1209 15 1248 a
96 1188 186 1264 uodo,
207 1191 378 1256 mandante
400 1191 613 1274 imperatore,
628 1213 667 1260 ac
688 1194 806 1260 Henna
826 1197 977 1278 praeside
998 1205 1106 1260 actum
1128 1195 1216 1260 inrui

10 1311 11 1322 ¹
96 1287 133 1352 de
150 1288 298 1370 Origenia
327 1294 497 1359 erroribus
523 1296 731 1374 damnandis3
763 1297 817 1360 cui
845 1296 1040 1360 dnmnstioni
1071 1295 1212 1374 primunr

96 1389 352 1472 subscripsissent
366 1386 573 1458 cum'idenna
595 1397 737 1477 episcopi
763 1397 806 1460 ibi
826 1396 1001 1471 adstantes,
1016 1395 1132 1460 deinde
1146 1395 1215 1476 epi·

95 1491 190 1569 scopi,
211 1492 269 1571 qui
290 1511 354 1556 nou
376 1494 522 1572 aderant,
546 1492 682 1576 Vigiiius
703 1497 869 1570 nimirum,
893 1483 1218 1570 Zoiius‚1²etruset

97 1589 315 1672 Ephraemuss
333 1595 420 1675 iique
434 1596 592 1671 absentes,
615 1606 747 1676 accepto
769 1598 831 1662 hoc
849 1593 1021 1660 Iustiniani
1043 1593 1212 1672 Tractaiu,

93 1693 204 1773 cinguli
218 1713 261 1758 ex
284 1697 414 1776 propria
438 1697 569 1776 ragione
586 1697 827 1774 respondentes,
848 1696 1036 1775 probassent
1054 1694 1212 1760 adversus

94 1790 262 1873 Origenam
282 1798 479 1860 sanctionem
499 1797 698 1880 synodalem.
730 1796 811 1860 item
834 1797 896 1862 iaoc
916 1814 1000 1860 anuo
1020 1801 1109 1876 patet
1129 1794 1212 1860 Gon·

10 1911 13 1956 2
95 1895 298 1975 atratinopoii
314 1905 421 1962 actum
432 1915 502 1962 esse
525 1897 566 1962 de
580 1897 684 1962 tribus
695 1895 852 1976 Capitulis
868 1899 898 1962 in
909 1897 1051 1979 syuodo,
1066 1897 1120 1960 nui
1135 1896 1211 1960 ade·

11 2029 12 2056 r
96 2006 165 2060 aaut
184 2017 319 2078 quoque
338 1997 460 2075 Zoilus,
473 1999 590 2064 Petras
610 2009 642 2063 et
660 1998 871 2079 Ephraemus.
888 1997 952 2074 Qui
970 2004 1073 2062 tamen
1087 1999 1119 2061 in
1133 1995 1214 2062 Tra·

11 2121 13 2128 v
94 2103 179 2159 ctatu
194 2098 352 2162 adversus
365 2099 538 2178 origenem
552 2099 594 2162 ab
606 2097 691 2164 Urbe
710 2099 796 2178 regia
807 2099 963 2166 dicuntur
974 2098 1035 2162 boc
1049 2097 1118 2180 ipro
1133 2105 1229 2164 tamn

94 2213 170 2275 pore
189 2199 304 2262 dissiti.

170 2299 212 2364 Et
234 2301 265 2362 id
286 2317 361 2364 saue
383 2301 565 2368 mirandum
587 2300 690 2382 quod,
715 2299 917 2375 rolandini,
941 2301 973 2364 in
994 2317 1033 2366 eo
1054 2297 1210 2364 Tractatu

10 2439 11 2444 κ
93 2401 317 2480 praetermissa
338 2402 380 2464 ait
401 2401 469 2464 uile
490 2401 612 2482 absque
644 2409 720 2467 nota
743 2403 841 2465 trium
863 2400 1092 2480 Capituiorum
1113 2415 1214 2479 quae

10 2527 11 2560 .
93 2503 174 2564 atior
205 2520 284 2566 eum
307 2502 404 2566 aliter
430 2503 645 2582 patentissime
669 2509 803 2578 conatu,
836 2511 941 2566 aetate
972 2501 1084 2566 eadem
1107 2507 1213 2580 etpar

10 2627 12 2662 ι
95 2603 222 2666 eosdem
248 2604 347 2678 viros,
370 2607 427 2683 qui
449 2606 598 2670 rucanas
620 2607 804 2684 origeniana
826 2605 867 2667 ab
888 2601 1134 2669 hoc'l'ractatus
1152 2618 1213 2668 au·

93 2711 181 2764 ctora
202 2712 489 2782 repraesentantur
507 2706 646 2785 jndices,
673 2706 752 2770 teies
774 2705 905 2778 haberi,
936 2707 993 2785 qui
1014 2705 1137 2783 pariter
1156 2700 1220 2776 ad·,

10 2845 11 2848 ,
95 2819 205 2868 sersus
231 2806 290 2866 tria
308 2803 458 2885 Capitale
480 2807 697 2886 disputarunt,
711 2825 749 2870 ae
764 2807 965 2887 potissimum
980 2803 1212 2878 lastinianum,

95 2903 146 2966 cni
167 2901 342 2968 Tractrtus
356 2906 554 2970 inscribitur.
578 2906 729 2970 Attamen
744 2923 802 2970 nec
816 2908 896 2986 ipae,
911 2923 970 2969 nec
982 2903 1132 2984 vigilius,
1150 2920 1209 2968 uec

92 3001 222 3078 Menoe,
246 3024 303 3070 nec
325 3004 517 3086 Eutychiae,
542 3023 600 3070 nec
622 3005 824 3080 [donatulus.
840 3024 899 3070 uec
915 3005 1063 3085 Pelagius
1085 3004 1212 3086 apocri·

94 3107 210 3169 storius
234 3105 348 3170 deinde
369 3105 454 3188 Papa
477 3109 530 3184 (et
553 3111 609 3188 qui
632 3113 896 3187 repraesentator
910 3125 1043 3186 quoque
1063 3104 1213 3184 origenis

91 3223 208 3271 causae
229 3209 389 3288 particeps
410 3227 429 3272 a
456 3211 556 3274 trium
587 3207 814 3288 capitulorum
847 3207 1011 3289 patronis)
1042 3225 1100 3272 nec
1120 3205 1213 3272 Peia·

92 3307 161 3384 gius
183 3307 228 3369 11.
252 3326 312 3372 nec
332 3327 358 3371 a.
382 3307 574 3389 Gregorius,
596 3327 655 3372 nec
675 3309 738 3380 isti,
761 3310 905 3388 iuquam,
936 3309 966 3370 in
987 3307 1125 3373 decretis
1144 3305 1212 3372 auis

92 3409 141 3470 rei
162 3409 286 3474 mutuis
307 3409 449 3491 epistolis
470 3418 504 3474 et
528 3411 659 3491 quidem
680 3409 838 3490 genuinis,
859 3428 918 3474 neo
938 3408 1134 3484 immediate,
1155 3423 1211 3472 oe·

90 3511 327 3588 comoditate,
350 3531 409 3577 nec
430 3521 537 3602 antea,
559 3531 619 3578 uec
641 3523 729 3589 tunc,
752 3529 811 3576 nec
831 3521 941 3591 postca
964 3511 1003 3576 de
1024 3509 1212 3592 quaestione

89 3612 275 3690 origeniana
297 3613 398 3678 ullam
420 3614 784 3694 egeruutmeotiouem,
800 3613 901 3677 soluti
921 3611 1071 3694 superius
1090 3609 1212 3693 patein-

89 3719 175 3776 ctum
198 3721 258 3776 cst.

170 3812 288 3890 Quond
309 3822 419 3878 autem
441 3813 548 3896 Vigilii
570 3815 836 3895 subscriptionem
858 3813 1006 3895 Origenis
1023 3817 1056 3880 et
1074 3815 1213 3896 origani·

87 3918 214 3976 starum
238 3915 434 3979 anathemati
455 3916 541 3980 circa
570 3931 689 3979 aunum
710 3911 782 3984 fidi·
813 3914 915 3978 itaut
937 3914 1058 3994 ubique
1078 3917 1110 3978 iu
1132 3915 1212 3980 orba

88 4013 279 4090 christiano,
302 4025 338 4078 ut
358 4033 418 4096 par
445 4025 530 4090 erat,
546 4025 676 4096 accepta
700 4023 732 4078 et
752 4015 889 4095 probata
911 4015 1023 4080 inisset
1044 4016 1142 4097 hujus
1162 4035 1210 4080 sa·

88 4121 157 4178 ctae
178 4115 343 4180 damnatio
355 4135 367 4196 3
390 4135 453 4180 noo
473 4123 552 4180 sunt
583 4117 818 4196 praetereunda
841 4116 907 4181 duo
938 4118 1086 4191 coneilio,
1109 4134 1211 4181 uuum

85 4215 323 4297 aurelianense,
345 4218 485 4287 aiterum
516 4235 710 4286 arrcroenae
729 4235 814 4282 anno
843 4219 973 4284 circiter
993 4215 1064 4290 549.
1087 4219 1208 4282 aduna-
