3048 4946
82 456 234 526 sasteuio
247 463 280 522 ct
300 457 518 524 convincendo
534 457 631 522 salia
647 463 769 522 tamara
788 455 976 533 artrttrntos,
993 453 1098 536 ipsum
1119 473 1180 534 per

82 554 258 624 Jutiieatum
279 558 407 623 decreta
430 557 636 638 proculcasse
649 557 771 643 synodi
792 555 1062 622 chalcedonensis.
1079 555 1177 618 nens

83 660 140 724 rito
154 679 228 741 ergo
248 661 453 742 inprobatur
473 659 633 744 Anonymi
654 659 825 724 dicterium
846 667 958 722 contra
983 653 1091 738 Vigiiti
1111 657 1179 738 epib

80 761 186 826 siniam
206 761 247 824 nrt
276 759 504 836 Aurelianum,
537 762 628 839 qnasi
650 778 713 825 noo
742 759 887 824 licuisset
908 757 1015 838 Pspae
1033 757 1177 823 scribere
1265 825 1272 832 ,

80 879 157 942 quae
174 861 214 926 ιι
235 860 338 926 tribus
356 864 490 926 sentiret
511 859 679 941 Capitulis.

151 961 262 1037 Sexto,
283 980 302 1026 a
325 964 461 1026 veritate
482 979 615 1043 quoqne
646 961 803 1026 abhorret
833 957 980 1042 sponte
1000 957 1179 1042 lrpoturs's's,
1232 1026 1235 1032 ,

80 1061 129 1128 uiti
149 1063 276 1138 indicet,
307 1063 511 1128 Anastasinsn
539 1081 602 1127 non
625 1065 768 1142 potuisse
786 1066 880 1126 exire
900 1063 940 1124 eb
962 1059 1051 1127 Urbe
1075 1063 1198 1141 repis,

78 1163 131 1226 nisi
148 1163 208 1227 snit
235 1164 429 1237 conditione,
449 1183 482 1226 sc
501 1163 625 1230 ociosos
645 1162 859 1228 inclinaturus
878 1162 1089 1244 epmcopornns
1109 1163 1180 1244 puk

78 1262 249 1328 iiconorrsos
262 1275 373 1330 contro
392 1265 458 1330 trio
474 1263 634 1348 capitote.
651 1264 754 1330 Porro
775 1265 851 1330 truie
872 1265 1057 1341 violentiae,
1079 1278 1178 1346 qoam

78 1365 189 1432 dicitur
203 1383 316 1448 pessus
336 1367 536 1439 Anastasius,
563 1367 665 1430 motta
685 1385 726 1430 cs
750 1367 866 1430 ceteris
886 1365 1081 1450 apocryphis
1100 1365 1180 1428 scri·

79 1471 177 1548 ptnris
189 1466 295 1532 affinia
310 1475 343 1533 et
362 1466 487 1550 maiora
501 1466 645 1531 adtende
658 1475 734 1532 snut
749 1467 847 1543 mais,
868 1484 953 1548 quaa
967 1463 1107 1546 vigilios
1126 1483 1182 1529 sn·

80 1569 236 1634 stinuisset
259 1567 537 1649 Constantinopoli
558 1571 627 1648 ipso
655 1569 786 1648 suique,
808 1565 989 1630 lostininno
1010 1563 1180 1628 mandante

78 1670 141 1735 sira
156 1672 373 1751 permittento,
387 1671 420 1734 iu
436 1671 534 1736 trium
550 1668 777 1751 capitulorum
792 1685 901 1730 causa.
918 1664 1037 1730 Tamen
1053 1669 1132 1729 neec
1147 1683 1182 1727 o·

81 1771 157 1835 mnia
168 1789 227 1836 uao
239 1770 424 1847 Facundus,
439 1789 497 1839 uec
510 1767 634 1846 Victor,
650 1788 709 1833 uec
720 1767 903 1845 Liberatus,
919 1786 978 1831 uec
999 1767 1137 1847 nouique
1158 1767 1184 1827 ἰ·

81 1888 131 1951 psa
146 1871 324 1954 Procopius
347 1873 543 1936 meminere:
559 1889 701 1951 quornm
722 1889 799 1934 seue
819 1879 852 1933 et
872 1870 1033 1951 cuiusque
1054 1871 1086 1932 io
1107 1885 1184 1931 casn

80 1989 112 2034 sa
132 1975 263 2054 propria
294 1973 449 2038 intererat
470 1973 563 2036 vaide
587 1971 807 2052 praesentibus
828 1980 861 2035 et
882 1969 1003 2034 tutoris
1023 1987 1184 2035 commen·

80 2071 153 2136 dara
172 2073 369 2140 troruinibas.
392 2073 520 2151 Primis,
536 2072 690 2139 Facundo
705 2090 831 2154 nempe,
849 2070 985 2150 Victori,
1002 2082 1035 2135 et
1055 2071 1184 2136 Libere·

83 2181 113 2237 to
132 2192 168 2238 ea
184 2175 394 2256 proruissent,
411 2182 449 2240 ιιι
466 2174 684 2251 ostenderent,
700 2175 773 2238 ideo
794 2191 858 2237 nou
875 2181 984 2238 tauers
1000 2170 1106 2252 Vigiiii
1128 2171 1183 2235 de·

79 2284 201 2342 cretum
214 2286 329 2342 contra
345 2277 407 2342 trin
429 2275 590 2356 Capitote,
607 2274 694 2358 quat
716 2276 837 2339 insitos
852 2274 1057 2355 obsignarent.
1075 2272 1117 2336 Et
1131 2271 1186 2335 Vi·

81 2386 148 2469 otor
166 2378 334 2459 speciatim
355 2380 387 2442 iu
408 2375 570 2444 Chronico
589 2378 684 2459 iusta
710 2377 863 2458 temporis
894 2377 1010 2440 seriem
1038 2391 1185 2451 narrans,

80 2495 160 2559 qnae
175 2481 243 2559 ipae
259 2488 293 2544 ct
305 2479 408 2560 ntiqui
427 2479 569 2560 episcopi
584 2497 627 2544 ex
646 2479 758 2544 ιιιΙιιιι
775 2497 849 2543 curn
873 2480 942 2559 ipso
964 2477 1102 2540 tectione
1115 2493 1187 2558 pas·

83 2582 107 2643 si
125 2589 238 2647 sunta
263 2579 445 2647 Jostiutauo
474 2579 749 2662 Constantinopoli
775 2588 810 2644 et
827 2580 905 2644 aiibi
924 2579 968 2643 ob
989 2579 1107 2644 horum
1129 2575 1188 2642 Ca·

76 2682 260 2760 -pitoiornrn
282 2683 511 2760 detrusionem,
524 2684 582 2748 'his
606 2683 814 2747 nihilominus
841 2681 1065 2746 rorationibus
1087 2667 1188 2762 qnao'·

79 2781 183 2865 toque
210 2787 465 2852 communicasse
487 2783 641 2864 vigilium
671 2785 815 2864 transigit
844 2783 986 2849 omnino.
1008 2782 1187 2864 Procopius

76 2903 168 2961 sero,
200 2888 299 2970 cujus
319 2889 457 2969 qunque
477 2887 568 2952 norit
586 2885 731 2950 studium
751 2887 784 2950 io
806 2881 951 2949 Historia
971 2882 1102 2948 &cunc
1122 2884 1189 2946 sta·

18 3037 22 3046 .
84 2985 235 3065 boronus,
253 2988 310 3052 unt
323 2987 495 3056 tosttotaot
509 2995 597 3068 peste
620 2993 843 3068 perscrutatus
862 2986 1005 3050 solerter
1029 2985 1190 3067 cujusque

83 3093 202 3166 renero
226 3092 271 3154 ito
297 3089 500 3170 ponderavit,
523 3097 562 3154 ut
587 3087 897 3168 siunaoiocousuito
921 3087 1067 3167 improba
1087 3093 1122 3150 et
1137 3102 1190 3150 nae

84 3189 173 3254 tanda
194 3194 325 3274 egisset,
346 3190 468 3258 mundo
488 3189 682 3268 notificaret,
712 3186 897 3272 nojosmoti
920 3195 1026 3252 tamen
1047 3186 1191 3270 pecolia-

87 3311 135 3358 res
154 3293 371 3360 contumelias
391 3301 425 3358 et
443 3292 614 3374 monteria
636 3289 783 3358 Pontifici
804 3288 951 3354 Bomaoo
971 3289 1013 3352 ab
1033 3307 1073 3353 eo
1087 3281 1192 3352 'toleta

82 3392 206 3458 silentio
229 3394 471 3477 praetermittit.

159 3496 221 3564 Sed
249 3515 292 3560 es
312 3495 451 3560 sorerao
466 3493 507 3557 ab
527 3493 627 3576 ipsine
643 3491 790 3572 Procopii
812 3491 945 3557 historia
966 3497 1000 3554 ιι
1013 3490 1054 3553 att
1074 3489 1191 3570 episto·

81 3594 119 3660 tis
139 3597 288 3680 eiusdem
309 3594 417 3678 vigilii
446 3597 590 3677 genuinis
620 3595 817 3658 lucidissime
837 3591 1039 3672 comperitur
1058 3607 1193 3655 concor-

85 3693 135 3758 iia
164 3705 197 3760 et
218 3697 416 3761 unanimitas
438 3703 514 3760 tuuc
534 3696 617 3758 inter
645 3702 823 3775 utrumqne
838 3694 1009 3773 persistens
1030 3699 1062 3756 et
1088 3689 1194 3754 Ponti·

85 3793 174 3862 tieem
196 3807 229 3862 et
251 3797 483 3869 tostioiaoom,
506 3803 538 3860 et
560 3795 658 3876 hujus
678 3795 881 3858 observentia
904 3796 935 3857 io
957 3793 1045 3856 Petri
1066 3809 1195 3855 succes·

86 3913 202 3961 aorem.
227 3897 265 3960 lu
295 3899 412 3964 litteris
434 3897 474 3960 ad
499 3895 670 3961 Rusticum
690 3902 722 3958 et
736 3891 959 3958 Sebastianum
980 3893 1195 3973 conqueritur

85 3993 182 4078 Papa,
198 3997 288 4079 qood
310 4001 369 4080 ipsi
391 3999 526 4080 injurias
548 4000 742 4078 irrogassent
760 3994 963 4062 iustiniaoo:
981 4016 998 4054 s
1013 3993 1074 4058 Seri
1098 3993 1196 4056 etiam

85 4097 188 4174 (circa
212 4093 359 4166 sn.55tt.
380 4095 579 4178 frontosos
601 4097 663 4162 dici
679 4097 768 4162 netas
789 4107 850 4174 ert,
872 4096 931 4179 ipsi
953 4114 1085 4178 quoqne
1108 4093 1198 4157 Prin·

84 4199 146 4280 cipi
164 4199 343 4282 sacrilegas
366 4199 502 4282 injurius
517 4200 665 4281 irrogare
688 4200 830 4266 tentastis
841 4219 853 4280 3
872 4204 1032 4282 qnatenus
1052 4199 1201 4279 ignorau-
