2994 4938
63 517 153 598 Quod
175 523 270 586 etiam
292 516 483 587 succedente
505 519 665 586 dominice
690 518 741 584 dle
767 516 908 586 l’rsclrae
927 517 1077 583 similiter
1097 516 1173 580 etle-

63 623 148 686 cisti:
170 630 202 686 ot
223 620 279 688 diu
300 624 331 687 iu
352 626 463 688 eadem
486 622 693 705 perdurando
713 622 893 699 sententia,
914 619 996 684 alius
1021 626 1058 683 ut
1077 615 1173 681 Jour-

61 732 163 788 catum
183 733 329 788 nostrum
354 725 467 790 libenti
488 727 595 790 animo
619 731 839 805 sequerentur
858 722 1066 787 uilrilomiunr
1094 719 1172 788 hur·

65 825 187 889 telluris.
933 841 940 857 ¹

134 925 254 990 «Nam
276 927 354 990 dum
376 927 585 993 antiochenae
606 926 762 990 ecelesiae
785 925 1005 1006 apocrisiariis
1027 924 1173 1004 ejusdcm

61 1025 194 1090 iudicati
208 1028 410 1109 exemplaris
426 1045 483 1092 uus
498 1026 577 1091 dere
598 1027 781 1108 petentibus
803 1024 1021 1100 differremus,
1037 1023 1092 1087 sed
1109 1025 1172 1089 troc

61 1127 152 1207 magis
163 1127 290 1209 iustum
304 1147 374 1193 esse
390 1127 561 1210 praedictis
575 1127 791 1206 rpecrisiariis
811 1127 1004 1200 diceremus,
1022 1133 1090 1188 nte
1107 1123 1173 1188 lra-

62 1237 106 1290 trc
126 1238 237 1292 nostro
261 1228 376 1294 Meuna
399 1229 508 1309 petius
529 1229 728 1308 exemplaria
752 1235 921 1309 peterent,
943 1227 983 1289 sd
1004 1245 1100 1306 quem
1116 1243 1174 1290 uu·

62 1329 103 1393 bis
125 1330 296 1394 ridebatur
317 1330 415 1394 luisse
436 1330 622 1411 prolatum,
640 1337 675 1394 ιιι
696 1340 806 1422 autem
828 1329 1054 1410 publicavere
1075 1327 1174 1408 depu-

61 1423 178 1509 rceras,
209 1433 318 1497 diceus
339 1432 494 1496 domnum
515 1430 656 1496 Leonem
676 1431 720 1494 itu
742 1432 782 1495 de
802 1431 937 1512 epistole
958 1447 1017 1495 sua
1038 1429 1174 1494 diversis

63 1532 252 1614 exemplaris
275 1533 534 1608 destinassemus
555 1532 663 1598 lacere
682 1532 802 1596 debere
815 1531 965 1594 stmtttrer
984 1529 1180 1610 asserendo,

62 1635 129 1712 quia
150 1643 327 1710 metueres,
340 1633 401 1697 uisi
423 1633 615 1698 universitas
629 1633 774 1700 tunimo
796 1634 897 1698 nostri
911 1632 1112 1714 exemplaria
1132 1631 1174 1700 dc

62 1734 169 1798 scrinio
189 1743 303 1798 nostro
323 1734 408 1798 edita
431 1741 568 1810 teneret,
589 1735 735 1814 qualibet
756 1733 881 1798 ratione
902 1742 1014 1812 pestes
1035 1732 1172 1798 lursitsu

62 1833 226 1900 celaretur.
251 1831 335 1898 Nam
353 1833 435 1898 dum
455 1836 655 1899 occasionem
677 1836 783 1902 euntis
803 1834 844 1898 ud
873 1833 1014 1898 Siciliam
1034 1833 1175 1915 reperis·

62 1951 125 2008 ses,
145 1943 177 1998 et
196 1934 386 2000 ludicatnm
408 1942 579 2012 nostrum,
601 1936 781 2019 laudesque
801 1935 894 2018 ejus,
918 1934 975 2000 ubi
996 1937 1092 1998 ctirm
1115 1931 1173 1998 dlii

63 2034 153 2098 nostrl
172 2035 329 2100 diaconus
349 2043 382 2100 et
403 2037 607 2117 primicerius
622 2044 729 2100 tecum
746 2035 951 2100 mauilcatum
971 2034 1176 2120 estsulrscrlff

65 2136 163 2215 psisse,
186 2136 260 2200 liliis
282 2139 398 2202 uestris
423 2139 555 2220 Pelagio
577 2140 714 2202 diacono
735 2125 1035 2218 stttsque'dtrtgere
1050 2137 1172 2201 suluis-

65 2253 108 2298 ιιι
121 2255 178 2318 pro
191 2239 335 2314 cautela,
354 2239 573 2321 recentique
589 2241 724 2304 inveniri
740 2240 872 2304 forsitan
894 2239 1062 2319 potuisset,
1082 2236 1174 2302 uobis

66 2338 151 2402 etiam
179 2342 308 2418 nesciis,
329 2344 361 2404 iu
377 2342 563 2405 membrana
579 2342 809 2422 conscriptum,
826 2349 856 2404 et
872 2341 904 2404 in
916 2341 1075 2405 brevitate
1089 2354 1171 2422 qua·

64 2435 287 2519 druplicatum,
309 2441 426 2506 litteris
445 2445 604 2524 scriptum
625 2443 844 2508 minutissimis
865 2441 1040 2506 destinasti.

135 2539 256 2606 «Nam
277 2549 309 2608 et
330 2539 498 2610 Vincentio
518 2542 679 2606 secundae
705 2542 844 2620 regionis
867 2541 1089 2617 sunotseooe,
1113 2541 1172 2606 ite·

64 2654 127 2702 rum
148 2657 164 2702 a
186 2643 280 2706 uobis
300 2652 408 2723 postea
426 2642 471 2706 ad
489 2641 630 2708 Siciliam
652 2643 789 2719 directo,
808 2660 867 2726 per
886 2660 963 2706 eum
978 2641 1045 2706 lilio
1060 2651 1172 2708 nostro

65 2735 181 2822 Pelagio
202 2745 340 2810 diacone
360 2746 511 2810 similiter
530 2739 706 2826 scripsnttj
728 2745 783 2810 scd
804 2748 881 2825 quta
903 2745 947 2807 lte
969 2753 1169 2809 memoratus
1275 2781 1278 2788 ·

65 2841 268 2910 subdiaconus
289 2865 444 2928 prospere
466 2848 649 2927 navigavit,
673 2848 845 2924 utillum,
881 2848 946 2928 qui·
960 2849 991 2911 io
1013 2848 1173 2912 membru·

65 2957 99 3004 ur
117 2949 231 3028 scripta
252 2956 454 3038 portaverat,
477 2949 671 3029 praecedere
697 2951 875 3029 potuisset,
897 2956 1055 3030 qnantum
1078 2947 1168 3012 uobis

65 3045 176 3121 retulit,
197 3067 234 3112 cr
257 3067 343 3130 quae
364 3051 395 3112 iu
417 3050 600 3114 membrana
622 3051 818 3132 scripseras,
842 3048 991 3130 Pelagius
1013 3048 1168 3112 diaeonus

64 3141 124 3222 ipsu
143 3157 309 3227 praesente
331 3153 484 3232 percepit.
508 3151 595 3232 Ergo
617 3150 694 3215 dum
723 3161 756 3217 et
782 3160 812 3215 te
842 3171 920 3233 prae
941 3151 1089 3216 omnibns
1110 3152 1168 3214 im-

65 3245 208 3326 minente,
230 3251 398 3332 prolatum
420 3251 519 3316 luerit
540 3251 751 3329 Jndteatum,
774 3262 808 3318 ct
829 3262 913 3319 tante
936 3254 968 3316 iu
989 3254 1060 3334 ejus
1076 3251 1168 3334 ludi7
1249 3327 1254 3338 ,

65 3349 119 3408 cati
137 3350 265 3416 laudem
286 3371 460 3417 succensus
482 3371 540 3434 per
561 3355 702 3419 multum
727 3362 851 3435 tempus
871 3356 1061 3433 scripseris,
1086 3354 1169 3418 lece·

64 3444 149 3522 risse,
171 3461 205 3515 ut
226 3467 393 3533 uunquam
416 3463 446 3518 te
469 3453 677 3519 crederemus
699 3455 740 3518 ul)
764 3456 825 3522 lnce
856 3473 949 3534 pesse
975 3453 1169 3516 rectitudine

64 3543 193 3628 deniare,
215 3564 348 3635 repente
370 3563 400 3620 te
421 3555 627 3620 immutatum
649 3558 819 3637 posthaec
841 3547 981 3637 quadrus
1004 3557 1100 3619 animi
1122 3556 1168 3618 le·

66 3647 173 3724 ritate.
195 3655 349 3736 vulgante
373 3658 534 3738 opinione,
561 3657 790 3738 comperimus,
814 3666 846 3721 et
872 3677 946 3722 cum
972 3656 1167 3735 adversariis

63 3742 225 3832 Ecclesiae,
248 3759 437 3840 quicontra
453 3758 595 3824 iudicant
617 3761 717 3824 nostri
738 3761 853 3822 seriem
876 3761 1072 3834 nitebantur,
1096 3766 1166 3822 ctu

65 3849 143 3915 nobis
155 3867 227 3919 sunt
247 3875 305 3937 per·
319 3858 461 3923 ludicnti
483 3860 582 3938 ipsius
604 3868 746 3922 tenerem
763 3877 781 3922 a
796 3860 1022 3924 cummunione
1035 3875 1168 3940 suspen·

63 3949 96 4023 tl»
115 3969 234 4022 secrete
261 3969 411 4025 tractare.
444 3959 485 4024 Et
512 3960 588 4024 dum
611 3960 697 4025 filius
728 3968 838 4026 noster
858 3960 980 4026 Paulus
1010 3961 1164 4026 diaconus

64 4051 96 4112 td
117 4055 235 4126 ltaliam
253 4062 418 4128 discedere
439 4063 606 4136 voluisset,
629 4069 839 4143 posteaquam
855 4071 888 4128 et
906 4063 946 4126 ud
961 4082 1037 4127 eum
1052 4081 1166 4142 perre-

62 4152 111 4232 ὓῑῐι
132 4163 215 4240 quod
235 4165 422 4229 scandalum
445 4163 609 4230 Ecclesiae
626 4165 905 4230 incommuuinno
925 4164 1033 4229 adhue
1054 4169 1165 4246 nostru

63 4257 368 4348 pertranseuntem
390 4267 445 4332 lrlc
458 4270 491 4332 ct
509 4266 544 4330 iu
558 4264 699 4348 africana
723 4263 902 4348 provincia,
926 4264 980 4328 obi
996 4271 1088 4332 sumn
1110 4263 1165 4326 de·
