3028 4942
1148 350 1191 422 89

92 453 143 506 ten
162 443 286 526 quidm
305 464 404 510 scroto
418 458 463 513 est
476 451 519 514 orl
532 468 596 526 eos,
611 451 668 531 pai
682 459 758 514 suet
772 451 810 515 eb
823 449 979 530 Ecclesia,
995 451 1034 518 ne
1048 450 1191 536 Origene

92 549 234 612 disserere
254 565 272 609 a
292 545 349 612 Dei
372 552 472 630 pratis
497 561 530 614 et
549 561 658 616 sancta
680 551 739 618 Dei
759 553 903 618 Ecclesia
928 556 1079 636 expulso,
1102 555 1189 639 ejus·

91 667 146 730 qne
164 650 361 728 sequacibus.
384 650 455 716 Non
476 655 560 716 euim
580 654 683 716 dixit:
705 654 748 718 cd
768 673 832 729 eos,
852 655 910 735 prsi
928 665 1004 720 sest
1024 655 1061 720 ist
1081 657 1189 720 Eccle-

91 751 148 812 sie:
167 751 242 813 sed:
263 767 362 814 sermo
383 752 514 830 quirinus
532 754 621 818 uobis
641 764 685 818 est
704 759 748 818 ccl
766 774 830 831 eos,
849 757 906 837 qui
923 769 998 829 suut
1017 759 1055 822 eb
1083 759 1189 824 Eccle-

92 847 140 912 sia.
161 848 200 912 Et
220 867 277 928 per
297 850 380 914 illud
402 854 544 933 quidem,
560 855 648 937 quod
664 855 741 918 dicit
755 852 852 931 sot-ts
868 855 1032 922 Ecclesiae
1043 861 1188 924 homines

91 951 273 1030 significarit.
297 949 359 1016 Per
380 953 590 1020 illudentem
611 955 668 1038 pei
687 965 763 1022 sunt
783 957 821 1020 ab
837 950 977 1022 Ecclesia
990 957 1132 1042 dejectos
1146 961 1188 1024 ab

94 1053 150 1132 ipsa
168 1051 341 1116 denotarit.
360 1074 377 1112 s

158 1151 305 1218 Attamen
326 1157 397 1234 quis
419 1175 481 1220 nou
500 1157 635 1222 senserit
655 1157 809 1238 epistolae
826 1159 1003 1225 Auctorem
1018 1160 1049 1224 in
1062 1162 1122 1226 bso
1138 1163 1186 1225 in·

93 1256 307 1334 terpretatione
328 1257 475 1332 illusum,
497 1278 536 1323 ao
554 1261 683 1324 omnino
705 1269 843 1326 mentem
857 1264 1012 1326 evertisse
1024 1281 1050 1327 s.
1069 1261 1187 1328 Docto·

94 1355 138 1415 ris.
156 1351 235 1418 Cum
256 1374 396 1441 nemque
418 1357 554 1424 Basilius
574 1361 621 1422 sit
639 1378 673 1424 so
692 1342 782 1440 loqui
804 1361 844 1423 sti
866 1379 933 1440 eos,
954 1364 1012 1443 ersi
1031 1372 1107 1428 suot
1125 1359 1189 1434 cirri

92 1461 123 1522 eb
139 1461 288 1542 Ecclesia,
311 1481 373 1526 non
395 1462 468 1526 illos
488 1462 576 1539 dicit,
598 1461 655 1542 qui
669 1469 763 1526 estre
779 1461 957 1526 Ecclesiam
971 1474 1059 1540 suut,
1076 1467 1189 1530 baere-

95 1566 176 1644 ticos;
191 1573 225 1630 st
245 1575 372 1639 contra,
387 1563 461 1628 illos
476 1571 582 1638 vocat,
605 1565 660 1645 qni
676 1565 706 1625 iu
721 1563 865 1634 Ecclesia
879 1574 966 1642 sunt,
987 1566 1183 1632 catholicoss

98 1683 217 1743 quorum
238 1665 446 1730 nihilominus
467 1681 529 1726 non
554 1664 732 1743 accipiebat
758 1681 887 1736 sensum
911 1665 1123 1744 allegoricum
1148 1666 1189 1729 tle

96 1765 230 1830 divisione
250 1783 412 1847 equarum
434 1765 466 1826 in
486 1763 687 1828 firmamento
702 1765 794 1828 coeli.
811 1763 973 1829 Porticula
994 1761 1058 1834 ἀπὸ
1080 1765 1118 1830 nb
1143 1767 1188 1831 ita

92 1875 259 1934 constructa
283 1884 345 1931 non
366 1867 545 1942 exclusive,
565 1867 620 1932 sod
642 1866 798 1931 inclusive
818 1867 978 1945 sumitur;
1005 1875 1038 1932 et
1059 1884 1076 1927 a
1098 1883 1189 1948 grae·

95 1971 131 2031 cis
142 1969 326 2049 hujusmodi
337 1968 462 2033 dicendi
479 1968 618 2032 ior-ula
634 1969 678 2032 ite
693 1967 894 2047 praefertur,
909 1977 941 2032 et
955 1968 1118 2050 speciatim
1135 1967 1191 2031 ubi

95 2074 190 2150 sgitm
208 2073 248 2136 tle
273 2073 369 2136 variis
390 2070 656 2152 pbilosophorum
677 2071 815 2134 sobolis:
839 2072 885 2133 uti
909 2069 1017 2136 videre
1038 2076 1086 2134 est
1102 2069 1188 2149 sputi

92 2167 351 2256 Lesicograpbns.
374 2172 425 2237 Ex
440 2191 469 2253 g.
486 2167 517 2240 c‘s
540 2168 607 2240 ine*
625 2169 685 2240 cist
707 2169 886 2263 princepis
907 2170 967 2244 sel
988 2170 1089 2263 sepes
1111 2172 1133 2233 i·
1158 2190 1188 2234 e.

90 2271 259 2355 philosophi
282 2283 310 2336 et
334 2271 477 2339 litterati.
500 2273 580 2336 ltem
605 2265 636 2342 ὁι
659 2263 721 2342 cirri
743 2271 802 2356 τῆς
823 2272 920 2352 στοᾶς
944 2275 963 2334 i.
985 2292 1014 2336 e.
1036 2271 1095 2353 qui
1114 2280 1191 2336 sest

93 2373 251 2454 electiore,
264 2377 415 2441 nimirum
432 2373 529 2440 stoici.
541 2375 695 2440 Similiter
707 2394 784 2440 tero
804 2370 836 2446 οἱ
857 2365 922 2444 etei
944 2372 997 2442 τὸυ
1017 2373 1189 2474 περικάτω

91 2474 108 2534 i.
129 2495 154 2538 e.
175 2497 189 2538 e
208 2475 325 2541 Scitote
341 2475 564 2558 peripateticos
589 2477 674 2540 unde
694 2475 873 2542 Hederious
898 2475 1081 2538 concludit:
1098 2467 1194 2548 coine*

92 2574 135 2646 nb,
152 2595 201 2650 ec,
220 2577 342 2643 dicitur
360 2579 397 2642 tie
416 2577 660 2658 quibuscumque
678 2577 782 2658 rebus,
801 2597 822 2640 c
842 2573 952 2656 petibus
974 2574 1099 2658 aliquid
1115 2595 1191 2658 pro-

95 2665 342 2763 nsrc'sp'eirur,
364 2681 477 2744 oritus
500 2679 543 2745 Et
562 2680 605 2746 ob
628 2681 689 2744 boc
716 2681 873 2760 interpres
896 2678 1016 2742 latinns
1043 2677 1190 2758 Operum

91 2796 113 2840 s.
133 2777 237 2845 anilii
259 2782 405 2863 praelata
426 2783 523 2848 rerba
545 2783 588 2845 its
618 2784 735 2846 vertit:
766 2777 862 2846 Nobis
889 2797 961 2842 cero
985 2788 1014 2841 et
1040 2780 1191 2842 comesus

91 2883 244 2956 quosdam,
264 2881 322 2964 prss'
339 2881 458 2946 stetisse
478 2884 516 2948 cb
538 2880 680 2946 Ecclesia
698 2880 856 2957 Motus,
878 2899 977 2944 sermo
990 2889 1045 2944 est.
1061 2879 1103 2946 Et
1120 2883 1193 2963 qni·

93 2978 154 3040 lens
171 2982 250 3063 iure
270 2983 331 3045 boc
351 2983 426 3062 egit.
450 2981 666 3046 Nihilominus
687 2983 791 3045 textui
807 2981 866 3046 sibi
885 2981 1005 3046 addere
1025 2982 1128 3045 risum
1143 2987 1192 3045 est

91 3081 449 3159 ramesiensibus,
464 3084 550 3162 quod
566 3084 597 3144 iu
618 3101 735 3162 graeco
754 3082 958 3146 desideratur
976 3099 984 3138 ε
1006 3081 1094 3163 quoti
1115 3097 1192 3146 sano

91 3179 175 3244 aliter
195 3182 275 3245 dicit
293 3201 390 3263 quum
414 3183 516 3246 voluit
535 3201 562 3247 s.
584 3181 732 3246 Basilius.
755 3181 818 3246 lete
839 3182 923 3244 enim
944 3199 1007 3245 non
1033 3199 1191 3263 appareu-

94 3285 147 3358 ter,
157 3283 211 3346 sed
228 3283 359 3347 realiter
371 3284 566 3348 existimarit
579 3280 753 3362 origenem
763 3281 804 3345 ad
816 3281 993 3348 Ecclesiam
1005 3285 1188 3364 pertiner03

92 3384 230 3456 quamvis
250 3403 366 3463 parum
386 3385 446 3448 sibi
465 3384 665 3450 satislsoeret
683 3384 858 3463 allegorice
873 3386 972 3464 ipsius
987 3383 1143 3462 expositio
1157 3387 1190 3448 iu

94 3477 243 3548 Geneseos
264 3485 375 3548 rerba.
397 3483 606 3564 Quapropter
628 3483 753 3549 Auctor
774 3483 937 3564 Epistulae
958 3485 997 3546 acl
1020 3483 1189 3561 Menneu,

93 3585 142 3660 qni
161 3585 336 3650 lalsitstum
357 3587 540 3668 rapsodiam
561 3588 723 3650 recensuit
743 3603 784 3647 ex
807 3590 953 3648 reiorum
977 3585 1191 3648 monumentis

94 3681 121 3744 in
138 3683 282 3766 Origenis
302 3688 474 3767 probrum,
496 3689 633 3752 alteram
655 3687 694 3750 de
714 3705 775 3750 suo
795 3686 925 3768 adjecit,
941 3684 1049 3750 Essilii
1062 3704 1192 3752 sensum
1279 3685 1283 3697 “

94 3797 281 3866 pervertens,
303 3790 432 3870 elinque
454 3791 595 3866 trahens,
618 3808 684 3869 quo
704 3807 730 3852 s.
754 3787 851 3852 Peter
871 3807 934 3852 uon
955 3787 1098 3853 intendit.

164 3887 242 3954 Cum
264 3901 373 3956 sutem
393 3892 434 3956 de
463 3894 588 3978 nysseni
610 3889 760 3971 Episcopi
788 3907 865 3970 erge
893 3889 1065 3970 Origenem
1093 3892 1191 3956 sensi·

94 3982 146 4050 hus
164 4008 269 4056 sermo
288 3992 451 4068 succedat,
474 4010 531 4056 nos
553 3991 638 4056 band
660 3991 761 4070 latet,
783 3991 870 4071 quod
892 3991 1068 4055 adversarii
1090 3993 1190 4056 nostri

96 4095 253 4166 ostentant,
276 4091 373 4154 istum
395 4090 545 4155 videlicet
564 4108 626 4152 non
649 4089 756 4154 solum
776 4087 908 4167 Origeni
929 4089 1050 4153 erranti
1073 4091 1191 4155 oribas-

96 4185 176 4268 sisse,
197 4189 251 4256 set
272 4197 305 4256 et
325 4191 474 4258 eumdem
495 4191 647 4256 lendibus
667 4195 878 4272 prosecutum
898 4207 978 4256 esse.
1001 4187 1048 4256 lie
1069 4209 1133 4273 qna
1155 4210 1191 4257 re
