3066 4950
389 394 510 462 Deinde
532 399 562 459 in
584 394 687 459 altera
709 389 845 476 epistola
865 405 898 456 u.
924 387 974 456 ᾗ.
1002 388 1149 476 ejusdem
1170 387 1259 456 Libri
1278 385 1319 458 X.
1339 389 1413 458 itera

310 497 386 562 dicit
409 495 604 562 Theodotus.
623 494 771 559 «Pacem
792 492 951 576 siqnidem
971 492 1033 556 sub
1053 493 1142 557 omni
1160 492 1345 560 sinceritate
1364 511 1417 574 pe·

311 601 418 677 timus,
450 600 507 680 qui
531 614 647 664 causas
668 594 852 662 certaminis
881 611 944 659 non
965 594 1132 660 babemus.
1159 593 1247 660 Talia
1275 596 1412 676 arguat

309 720 366 764 nos
390 701 496 764 veniat
525 699 572 764 sic
602 687 792 780 composita,
820 697 867 762 sic
887 696 1020 774 decora,
1049 703 1089 762 nt
1116 714 1188 763 eam
1219 698 1316 762 tantia
1338 701 1417 764 rotis

310 803 425 866 merito
441 802 615 881 quaesiisse
634 799 814 864 videamur.
830 797 925 862 absit
937 805 1060 876 autem,
1073 805 1111 864 ut
1123 799 1212 880 quod
1228 799 1319 864 uobis
1332 817 1417 864 eom·

310 904 450 968 mittitur
471 901 586 964 debeat
607 901 790 982 ingravare:
803 917 819 960 a
833 897 935 966 Panlo
956 909 1030 978 poet
1044 921 1062 960 a
1077 899 1188 981 Atque
1207 900 1281 968 iden
1300 899 1417 968 saluta·

309 1003 403 1067 tionis
425 1001 701 1066 honorificentiam
724 1001 918 1082 praelocuti,
940 1001 1036 1068 illam
1058 1002 1166 1068 virum
1193 1003 1415 1068 honorabilem

311 1106 527 1188 (agapetum)
550 1104 716 1170 doctrinae
737 1104 835 1171 laude
856 1105 1080 1186 conspicuam,
1102 1105 1273 1185 legationis
1293 1111 1418 1172 nnatne

311 1208 349 1273 ad
373 1209 523 1288 pietatem
548 1214 687 1270 vestram
710 1205 845 1272 lecimus
867 1212 939 1269 rota
963 1205 1102 1270 deterre.
1118 1205 1319 1272 cnnudirnns
1338 1207 1418 1272 enim

310 1309 343 1370 in
356 1309 481 1382 ,virtute
501 1307 620 1384 divina,
638 1308 726 1389 quod
748 1313 782 1370 ct
802 1309 868 1370 suis
891 1305 1013 1372 meritis
1029 1308 1118 1371 robis
1134 1309 1263 1374 abunde
1277 1309 1417 1390 placeat3

312 1418 343 1474 et
365 1410 523 1482 desideria
545 1411 665 1490 probae
687 1410 851 1492 petitionis
876 1410 1032 1488 obtinent,
1053 1419 1219 1492 sperantes
1249 1429 1328 1478 eum
1348 1429 1417 1478 cun

313 1511 563 1594 effeetukrernm
585 1512 725 1577 celerius
747 1511 894 1592 recipere
914 1509 1131 1574 debeamus.»

396 1609 429 1672 ln
462 1613 597 1693 epistola
628 1612 775 1692 sequenti
805 1607 964 1677 Gudeliua
988 1613 1098 1692 regina
1119 1629 1179 1694 pro
1207 1627 1290 1692 pace
1310 1627 1419 1692 rogero

313 1707 517 1778 Theodoram
532 1723 717 1796 augustam,
739 1713 855 1794 iuquit:
873 1733 889 1776 a
905 1711 983 1778 ldeo
1005 1713 1112 1780 virum
1133 1711 1228 1778 illam
1259 1713 1419 1780 venerabi·

313 1814 377 1878 lem
401 1811 617 1898 (Agapetum)
640 1815 858 1896 dignissimum
881 1815 1025 1896 legatum
1046 1823 1194 1880 nostrum
1214 1815 1255 1879 ad
1279 1833 1336 1880 roe
1355 1833 1420 1896 apc-
1503 1899 1504 1906 ἵ

314 1915 442 1980 cialiter
461 1915 658 1980 credidimus
687 1934 756 1981 esse
777 1916 993 1997 dirigendam,
1015 1925 1054 1980 ut
1075 1917 1165 1981 robis
1194 1917 1418 1992 annuentibus,

311 2017 505 2082 serenissimi
518 2015 637 2097 jogalis
653 2018 752 2082 nostri
770 2017 857 2098 pacis
878 2018 981 2098 gratia
995 2017 1177 2084 solidetur:
1195 2025 1360 2099 quatenns
1372 2036 1419 2099 gc·

315 2119 469 2184 neraiitas
491 2117 657 2182 evidenter
677 2126 862 2200 cognoscat,
884 2120 1001 2185 merito
1023 2120 1147 2188 venisse
1166 2121 1208 2186 ad
1229 2121 1420 2186 suavitatem

314 2221 455 2286 foederis
471 2239 530 2302 per
552 2220 616 2284 tale
633 2220 799 2286 vinculum
820 2221 998 2286 charitatis.
1014 2221 1058 2288 llt
1077 2223 1156 2306 qnia
1176 2223 1259 2288 bens
1278 2223 1358 2288 inita
1377 2241 1420 2288 ae·

314 2323 395 2399 mel,
417 2320 508 2385 nulla
532 2322 648 2388 debeat
668 2325 832 2390 conuerte
853 2326 1025 2390 occasione
1051 2323 1216 2406 suspendi,
1237 2324 1347 2406 siquid
1367 2328 1422 2400 eat,

317 2421 405 2506 qaod
436 2421 626 2489 difficultate
655 2425 707 2488 sui
728 2424 819 2490 uobis
850 2432 982 2506 oportet
1012 2425 1145 2508 imponi,
1176 2425 1355 2508 sapientiae
1376 2443 1422 2490 ra·

319 2530 407 2586 strae
430 2523 652 2588 moderatione
673 2523 862 2606 mitigetur3
893 2533 930 2590 ut
950 2525 1116 2601 allectam,
1138 2542 1237 2608 quem
1268 2527 1356 2590 cirea
1377 2543 1424 2589 re·

318 2635 424 2688 strum
441 2644 575 2707 regnam
593 2627 712 2695 babere
729 2627 907 2707 coepimus,
919 2628 1054 2710 jnqtnns
1073 2627 1421 2710 adalrammum...

321 2725 541 2793 Familiariter
558 2747 613 2792 ros
629 2737 661 2790 et
683 2727 872 2808 frequenter
887 2728 993 2794 videet
1015 2729 1132 2794 barum
1154 2729 1311 2808 portitor,
1333 2745 1422 2810 qnam

318 2828 437 2910 direxi3
452 2839 613 2912 quatenus
634 2829 786 2895 clientum
808 2832 909 2910 possit
928 2829 1070 2894 celerem
1091 2831 1289 2910 promereri,
1310 2831 1367 2911 qui
1386 2827 1421 2890 ad

320 2921 562 3014 praesumptam
584 2932 721 3014 gratiam
744 2932 831 2996 visus
851 2937 900 2996 est
919 2930 1083 2996 destinari.
1107 2931 1298 2998 »Similiter
1319 2931 1422 2996 aedera

323 3029 485 3098 Gudelina
506 3033 659 3114 loquitur
678 3030 717 3094 ad
741 3029 984 3096 lastinianum:
1002 3030 1076 3096 «Et
1096 3032 1169 3096 ideo
1189 3050 1250 3112 per
1270 3033 1364 3098 illum
1384 3031 1423 3092 ri·

321 3152 396 3199 rum
421 3135 636 3202 venerabilem
658 3135 804 3215 legatum
828 3134 936 3198 domui
955 3133 1077 3214 jugalis
1097 3136 1199 3198 nestri
1220 3133 1261 3196 ad
1285 3153 1342 3200 ros
1360 3147 1423 3212 spc-

321 3236 449 3300 cialiter
463 3235 623 3301 directum
643 3235 832 3300 salntlieros
845 3235 953 3317 apices
967 3235 1157 3300 curarimus
1178 3234 1423 3300 destinandos...

323 3337 491 3417 Quaedam
505 3339 595 3404 robis
610 3357 668 3424 per
681 3341 799 3405 barum
813 3338 1006 3419 portitorem
1018 3338 1122 3404 verbo
1132 3339 1335 3420 suggerenda
1344 3353 1422 3402 eon·

326 3441 491 3507 misimus:
514 3458 600 3523 quae
621 3459 681 3521 pro
702 3441 840 3523 ingenita
870 3439 1118 3506 mamnetndiue
1137 3446 1171 3505 et
1189 3439 1330 3506 libenter
1347 3437 1422 3504 acci·

323 3541 405 3623 pito,
426 3551 459 3606 et
478 3541 664 3621 efficaciter,
687 3539 755 3608 Deo
776 3543 967 3621 auxiliante,
990 3547 1197 3625 praestate.»

406 3642 583 3710 Praemisso
608 3643 757 3727 Procopii
778 3652 811 3710 at
825 3643 1008 3712 Cassiodori
1033 3643 1227 3708 documenta
1247 3643 1275 3708 si
1296 3639 1422 3707 Liberali

324 3754 556 3830 comparentur
576 3747 754 3811 narrationi
785 3746 871 3810 circa
893 3744 1030 3828 tlgapeti
1059 3763 1196 3828 scopum
1218 3745 1250 3810 in
1277 3743 1424 3827 legatione

326 3847 366 3910 ad
399 3845 632 3924 lastinianum,
654 3847 772 3929 procul
802 3845 903 3913 dubio
932 3847 1006 3911 toda
1029 3846 1172 3924 ernitnr,
1194 3847 1294 3927 gratis
1320 3841 1421 3914 amas
1503 3869 1504 3940 ξ

326 3948 414 4031 qnod
437 3951 504 4032 ipse
524 3949 603 4013 dicit
623 3945 793 4015 Liberatus
814 3949 854 4014 de
875 3947 1070 4017 truculentis
1089 3946 1248 4014 Theodsti
1271 3947 1358 4014 minis
1375 3941 1422 4008 ad·
1503 3947 1504 4040 ζ

329 4069 444 4118 verens
463 4058 630 4118 senatores
652 4067 814 4129 romanos,
828 4067 950 4118 uxores
971 4069 1101 4128 corum,
1115 4049 1200 4116 tilios
1219 4055 1254 4116 et
1273 4047 1360 4122 ilus,
1379 4043 1419 4108 ri
1503 4057 1504 4064 ¹

326 4153 353 4218 si
375 4153 436 4234 ipsi
457 4171 534 4222 cum
555 4153 643 4239 Papa
665 4159 856 4224 amoverent
883 4151 1039 4222 abitalia
1068 4153 1252 4222 exercitum
1276 4144 1418 4220 Belban'l·
