2982 4934
352 372 414 458 ili

323 493 328 500 '
347 488 416 550 scio
438 483 651 568 imperatore,
666 491 699 552 et
713 483 923 569 imperatrice
939 493 1065 570 agente,
1082 483 1166 552 maia
1181 491 1303 571 accepti
1316 491 1350 554 el
1365 501 1441 556 asan

350 587 385 663 ti,
401 603 476 651 oum
490 606 550 653 nco
565 588 790 655 mandaturum
805 589 1074 672 exponendorum
1089 589 1226 657 incultas
1241 592 1287 656 ais
1307 593 1441 674 permissa

348 687 628 766 iulasot,1iomam
651 699 868 756 reverterunt.
892 707 907 736 ·

428 787 589 854 «interim
604 789 745 856 ioannes
761 811 820 872 por
833 793 959 858 divorsa
975 791 1047 860 ioca
1066 799 1212 875 raptatus
1222 795 1369 860 moritur.
1381 795 1442 872 Qui·

347 889 409 954 bna
429 891 577 956 omuibus
597 889 801 958 Innocentius
823 894 1002 977 plurimum
1023 895 1205 976 indignatus
1220 895 1403 978 imperatori
1418 905 1442 960 ct

346 989 549 1072 imperatrici
569 993 670 1058 sanna
690 995 871 1076 interdicit,
893 993 1111 1076 Theophilum
1132 999 1401 1072 excommunicat,
1418 1005 1442 1060 at

213 1123 221 1136 ·
346 1101 379 1155 ot
393 1092 524 1192 deponit
534 1095 720 1171 ursacium,
730 1097 786 1177 qui
804 1097 929 1162 visonta
938 1095 1171 1184 chrysostomo
1184 1099 1376 1164 substitutus
1388 1098 1441 1162 ius»

347 1197 523 1272 rat‚0iiam
545 1196 735 1264 defunctum
757 1204 1020 1276 exauctoratum,
1040 1218 1060 1263 e
1080 1213 1216 1265 nurnero
1237 1201 1440 1282 episcoporum

344 1297 501 1362 excludit.
523 1299 667 1362 Atticum
688 1299 854 1379 suspendit
865 1319 876 1379 3
900 1307 932 1364 et
952 1299 1054 1365 deuon
1074 1300 1146 1382 cius
1169 1315 1266 1366 cansa
1289 1314 1439 1380 cognosce

348 1396 425 1477 tur,
450 1397 569 1464 Procio
590 1396 698 1484 Cynici
720 1401 871 1482 episcopo
892 1401 1062 1464 ecclesiam
1083 1401 1440 1483 constantinopolitanun

296 1493 301 1498 ’
345 1501 519 1581 nuendum
540 1501 722 1566 committit.
739 1497 817 1565 Post
839 1513 931 1577 raro,
947 1517 1022 1566 cum
1044 1500 1205 1567 Arcadius
1225 1509 1258 1566 ei
1278 1505 1310 1568 in
1330 1500 1440 1566 torm

346 1603 598 1668 calumniatores
614 1601 818 1680 vindicasset,
839 1609 873 1668 oi
887 1602 1123 1668 absolutionem
1138 1621 1200 1684 pro
1215 1621 1252 1668 se
1263 1612 1364 1686 atquo
1375 1619 1439 1668 uxo

341 1722 379 1776 rc
399 1701 613 1784 efflagitasset,
637 1702 841 1769 innocentius
863 1704 1038 1785 rescripsits
1056 1702 1256 1770 Conlirrnain
1275 1707 1383 1770 animo
1399 1721 1438 1767 ac·

343 1807 447 1872 cedite
460 1805 500 1869 ad
522 1805 680 1870 dominica
694 1805 854 1890 symbola,
873 1805 985 1887 iubete
1005 1805 1138 1872 ioannis
1152 1823 1269 1871 noman
1289 1807 1385 1872 sacris
1403 1814 1437 1868 ta·

344 1906 438 1970 bciiis
459 1905 599 1970 inscribi.
617 1905 710 1984 Quae
731 1908 814 1970 onim
836 1909 993 1974 adversus
1006 1907 1164 1973 ioannem
1186 1918 1272 1990 gesta
1293 1915 1377 1986 suut,
1395 1923 1438 1970 not

343 2008 541 2072 auctoritaie
573 2006 648 2070 ircti
669 2027 695 2070 a.
721 2006 808 2072 Petri
829 2011 938 2074 eximii
960 2010 1195 2092 Apostolorum
1218 2011 1389 2092 principis,
1405 2007 1439 2068 di·
1484 2043 1485 2068 t

343 2110 462 2175 acuaris
476 2109 582 2174 causis
602 2108 791 2173 docebimus
811 2127 853 2174 ex
872 2111 980 2176 animo
997 2113 1204 2192 sanguinario
1225 2111 1436 2191 processisset

426 2208 478 2273 Ex
499 2210 681 2291 praemissis
705 2209 838 2276 ,loannis
860 2211 978 2274 littoris
999 2211 1156 2275 neminem
1186 2210 1333 2274 arbitror
1351 2210 1387 2273 dc
1405 2207 1438 2268 in

344 2313 496 2390 tegritaie
517 2310 744 2377 dubitaturum
766 2313 858 2392 probi
889 2312 949 2376 riri
977 2313 1010 2375 in
1042 2313 1177 2378 historia
1207 2311 1345 2376 texenda
1364 2309 1436 2372 mbr

344 2414 465 2478 rendae
487 2413 691 2492 conditionis,
713 2415 744 2478 in
766 2431 830 2497 qua
852 2415 919 2495 ipso
935 2423 1082 2480 versatus
1102 2421 1163 2491 osi,
1185 2423 1217 2478 at
1238 2431 1317 2479 curn
1336 2411 1434 2490 accpi

343 2517 433 2597 scopi
455 2517 551 2580 multi
572 2517 615 2580 ob
634 2513 806 2596 Theophili
827 2514 1008 2596 perlidiam,
1023 2533 1062 2580 ac
1082 2515 1182 2598 ipsius
1203 2514 1339 2578 ociando
1358 2507 1436 2576 artid

344 2619 393 2682 cia
409 2626 522 2683 contra
539 2618 715 2683 innocuum
731 2619 839 2682 virum
862 2605 1027 2682 Ecclesiae
1038 2617 1114 2698 jura
1129 2627 1239 2680 sancta
1254 2627 1434 2698 propagati·

345 2727 421 2785 tem.
436 2718 521 2784 Elin
537 2720 600 2784 boc
616 2738 691 2786 saue
707 2721 916 2784 vehementer
931 2719 1125 2795 mirandum,
1140 2718 1229 2799 qnod
1249 2737 1314 2782 uon
1331 2737 1364 2782 se
1376 2729 1434 2796 pur

344 2839 422 2903 garo
445 2822 556 2886 valeus
577 2817 778 2901 Theophilus
799 2821 1018 2884 acriminibus
1038 2821 1097 2882 sibi
1111 2838 1129 2882 a
1145 2820 1376 2884 monachorum
1393 2835 1434 2880 cx·

344 2925 516 3006 pulsorum
538 2930 635 2989 coetu
656 2923 789 3004 objectis
804 2923 835 2986 iu
849 2921 997 3003 Origenis
1017 2939 1114 2985 causa
1130 2921 1185 3000 (ob
1201 2937 1287 3002 qnae
1307 2919 1434 2987 Gomtan

345 3024 515 3105 iiuopoilm
537 3029 671 3087 vocatus
687 3021 806 3100 iuerat)
819 3023 850 3085 iu
865 3023 1007 3086 adventu
1020 3039 1081 3085 suo
1101 3022 1202 3086 alium
1224 3021 1376 3087 induisset
1393 3020 1433 3080 bn
1482 3083 1483 3104 χ

336 3127 475 3202 aninum,
497 3141 586 3189 arma
609 3124 762 3206 perfidiae
782 3139 862 3188 suae
884 3132 1013 3188 sericos
1034 3141 1098 3186 nou
1118 3131 1231 3188 contra
1259 3121 1431 3192 munacius,

343 3229 400 3293 aud
414 3229 446 3292 iu
461 3223 631 3306 ioannem,
648 3233 687 3292 ul
706 3227 752 3291 sic
773 3227 926 3291 eraderet
940 3227 982 3289 ab
995 3225 1254 3306 insimulatiob03
1269 3215 1365 3307 a'qua
1378 3237 1432 3304 pro

344 3330 430 3396 iccio
453 3347 516 3392 non
538 3330 780 3410 triumphasset,
796 3329 966 3410 perspicue
986 3329 1101 3407 scions,
1113 3346 1149 3392 se
1168 3328 1431 3410 iniquissimomn

344 3438 394 3496 tra
418 3431 626 3508 immanium
647 3431 784 3513 ejusque
812 3430 916 3494 socios
936 3430 1038 3510 egisse
1059 3431 1090 3493 iu
1114 3431 1305 3510 quaestione
1323 3429 1360 3492 da
1377 3421 1432 3488 0r'r

342 3548 440 3613 pene,
461 3532 585 3596 cunctis
604 3531 769 3597 obtestatis
791 3537 824 3595 et
843 3531 934 3596 istius
962 3529 1156 3596 stallorum
1181 3529 1340 3595 sinceram
1357 3523 1431 3590 iden

343 3639 377 3698 ei
396 3632 603 3715 probitatum.

420 3732 539 3810 Gaiana,
556 3749 670 3799 rursus
691 3735 835 3814 inquam,
850 3732 899 3797 nii
920 3731 961 3797 ab
975 3732 1065 3796 initio
1079 3733 1179 3815 buius
1193 3733 1348 3814 epistolae
1361 3741 1432 3810 praa
1481 3713 1482 3732 ¹

340 3833 431 3898 claro
451 3841 594 3912 constat,
627 3852 723 3900 causa
750 3833 936 3916 origeniana
967 3833 1164 3900 sanctissimo
1185 3840 1323 3908 tractata
1342 3831 1431 3894 adrer-

342 3951 398 3999 sns
419 3935 602 4000 salsissimas
623 3936 879 4000 insimulationes
902 3933 1050 4016 Episcopi
1065 3933 1279 4010 alexandrini,
1295 3938 1431 3998 untomn

338 4035 570 4101 scandalorum
592 4037 684 4117 origo
707 4037 781 4115 iuit,
804 4043 838 4101 at
858 4036 1101 4112 calamitatum,
1123 4049 1205 4117 quaa
1226 4033 1359 4100 Praeaul
1375 4043 1430 4094 coi·

337 4136 642 4218 stantioopoiitanus
663 4153 834 4219 perpessus
853 4143 911 4204 cst.
932 4135 965 4204 Si
987 4139 1071 4200 enirn
1091 4135 1233 4201 ioannes
1252 4152 1272 4199 a
1290 4153 1346 4200 ana
1365 4129 1430 4194 dior·

338 4237 402 4306 ossi
423 4239 601 4319 expulisset
622 4240 798 4308 monachos
820 4239 1002 4320 nitrienses,
1019 4240 1123 4322 iquos
1144 4240 1193 4306 uti
1215 4237 1383 4305 trendens
1398 4227 1428 4298 tl
