2994 4938
306 355 387 523 ῗιὶιῗιο
406 457 553 536 perversi
574 453 635 517 siri
657 453 777 518 malitia
800 461 967 536 perspecta
988 460 1070 530 crat,
1088 459 1259 519 necantes
1278 463 1412 518 senserat

182 573 187 582 ·
306 559 468 624 librorum
484 556 632 637 Origenis
653 557 946 636 interpolationem)
962 574 1020 637 per
1041 558 1165 620 litteras
1186 556 1362 634 mandasse,
1382 565 1413 621 nt

309 659 466 742 quidquid
488 666 601 724 eontra
623 659 864 734 Adamantium,
888 662 987 741 ipsios
1007 661 1140 739 scripta,
1157 677 1303 740 samque
1324 668 1413 724 sceta-

309 775 396 828 tores
416 765 573 828 sancitum
596 761 703 826 tuerat
717 761 948 848 Alexandriae,
970 769 1078 826 ratum
1101 761 1257 842 baberet;
1278 770 1312 826 ct
1332 763 1362 824 in
1375 762 1413 824 in·

306 865 380 932 sula
400 863 498 947 Cypri
514 870 545 926 et
562 862 637 924 alibi
659 862 856 928 instauraret
875 864 1054 926 anathema.
1071 861 1156 930 Huic
1174 863 1325 927 mandato
1339 862 1415 943 adja-

309 976 361 1032 cts
386 975 436 1030 cst
462 962 605 1042 Epistola
634 964 809 1049 synodica,
836 973 895 1030 aut
915 967 1023 1046 potius
1046 967 1225 1030 falsitatum
1244 973 1414 1050 syntagma,

308 1088 366 1133 sau
385 1066 516 1130 libellus
537 1066 702 1129 lamneus:
727 1066 781 1130 ubi
807 1067 898 1131 brevi
917 1087 1067 1132 sermone
1089 1069 1287 1147 praesumpti
1311 1067 1413 1147 Origa·

310 1172 359 1232 nis
385 1185 527 1250 errores,
561 1168 798 1248 blasphemiae,
826 1169 1004 1248 impietates
1024 1169 1129 1232 eidam
1151 1169 1333 1248 adscriptae
1352 1185 1415 1230 een·

311 1270 505 1334 tinebantnr.
519 1268 579 1335 Cui
601 1269 750 1332 mandato
768 1267 966 1350 Epiphanius
987 1270 1129 1334 malitiae
1146 1271 1271 1332 naseins
1293 1270 1414 1332 obscen-

311 1379 364 1436 tus
383 1379 430 1435 est
441 1391 453 1450 ;
475 1371 577 1435 donee
596 1369 871 1450 Constantinopoli
892 1389 967 1436 cum
990 1371 1152 1436 monachis
1173 1370 1331 1454 aegyptiis
1351 1369 1415 1430 dm·

230 1512 243 1528 ·
312 1473 421 1538 monio
441 1491 479 1536 ae
499 1473 593 1536 sociis
613 1472 684 1552 ejus
707 1481 866 1549 versatus,
888 1481 922 1536 et
941 1473 1094 1553 perfidiae
1115 1471 1286 1552 Theophili
1309 1472 1415 1534 certior

313 1575 418 1640 iactus
444 1575 492 1637 uti
514 1581 547 1636 et
571 1575 807 1662 monachorum
833 1575 1031 1638 innocentiae
1056 1573 1193 1653 fideiqne
1216 1574 1413 1653 integritatis,

314 1674 434 1740 destitit
455 1673 496 1736 ab
529 1675 669 1753 incepto,
689 1675 917 1739 tantunsmodo
939 1675 999 1738 rite
1028 1674 1185 1741 damnatis
1216 1672 1416 1752 praesumptis

312 1775 480 1842 erroribus
509 1774 641 1854 Origeni
672 1775 861 1856 adscriptis,
892 1776 982 1840 salsa
1018 1783 1123 1840 tamen
1153 1774 1254 1855 ipsius
1280 1774 1414 1854 Origeaia

315 1895 462 1957 persona.

396 1977 606 2062 Quapropter
625 1978 651 2044 si
672 1978 767 2042 ambo
788 1986 821 2042 ct
850 1977 1069 2061 Hieronymus
1089 1987 1121 2044 et
1152 1977 1351 2059 Epiphanius
1369 1974 1415 2039 mi·

202 2131 204 2136 .
315 2097 376 2144 nus
398 2098 438 2142 ex
459 2078 580 2153 studio,
602 2096 763 2158 sensuque
785 2083 917 2160 proprio
937 2099 1036 2161 qnam
1057 2080 1192 2144 alterius
1213 2081 1296 2146 idest
1328 2078 1414 2143 tneo

315 2182 408 2262 phili,
432 2180 626 2242 anathemati
646 2181 868 2262 subscripsere
888 2180 1048 2263 Origenis,
1071 2191 1103 2246 ot
1123 2183 1212 2248 illins
1234 2201 1357 2247 cessere
1372 2181 1414 2261 jn·

317 2282 401 2350 dicio
422 2288 455 2343 et
476 2281 683 2356 auctoritati,
708 2289 784 2344 tenc
814 2281 986 2348 dicendum
1008 2293 1066 2358 est,
1100 2291 1202 2350 totum
1235 2281 1413 2365 quaestionis

321 2381 546 2460 negotiumue
577 2379 792 2444 definitionem
817 2382 917 2446 saluti
942 2390 1089 2448 centrum
1111 2401 1250 2464 gravare
1271 2380 1414 2462 Theophi-

315 2484 398 2558 lum,
421 2497 520 2562 seque
552 2479 591 2542 de
615 2480 678 2559 ipsa
701 2499 887 2562 sponsorem
910 2503 1034 2565 gerere.
1068 2484 1159 2549 Adeo
1180 2493 1230 2560 ut,
1261 2485 1413 2567 ipsaopa-

318 2603 392 2649 rum
409 2581 556 2662 Origcnis
576 2589 634 2644 aut
655 2583 813 2663 interpres
833 2587 992 2650 habeatur
1012 2588 1208 2664 incuriosus,
1223 2605 1283 2652 sen
1297 2588 1414 2664 incapax

318 2683 371 2750 sol
393 2681 597 2758 temerarius,
619 2691 677 2745 aut
697 2701 850 2766 praecepa
873 2687 904 2749 in
922 2685 1116 2767 jndtoando:
1140 2688 1192 2751 sal
1213 2688 1240 2750 si
1262 2687 1348 2752 testis
1366 2683 1412 2746 ial·

316 2803 372 2854 sna
392 2784 574 2866 probatur,
594 2785 773 2866 antiades
796 2797 993 2869 corruptus,
1023 2805 1083 2854 sen
1105 2790 1210 2854 malae
1232 2788 1306 2852 fidei
1325 2787 1414 2851 adsar

318 2892 551 2966 tom-partium
573 2890 749 2965 studiosus,
783 2898 840 2952 aut
860 2889 971 2953 alicnis
993 2891 1193 2972 privatisque
1217 2902 1414 2971 praeoccupa·

322 2995 375 3054 tus
395 2989 614 3058 simultatibus
635 3002 727 3057 astra
750 2991 926 3072 principale
947 3000 1199 3070 argumentum:
1221 2999 1282 3056 ant
1301 2987 1414 3053 dirersi-

321 3087 416 3152 uands
435 3091 462 3152 si
487 3088 703 3172 Theophilum
724 3091 1021 3172 comprehendatur
1044 3091 1076 3153 in
1097 3092 1337 3172 investigatione
1362 3085 1413 3150 ori·

319 3187 471 3266 geniaeso
491 3190 656 3255 doctrinae
687 3193 792 3254 minus
813 3200 909 3256 cauta
931 3191 1057 3256 codices
1088 3191 1233 3269 ialaatos,
1261 3185 1414 3270 interpola·

323 3295 384 3364 tos,
407 3293 612 3376 apocryphos
633 3293 857 3370 consuluisse,
887 3309 993 3374 nequo
1014 3294 1075 3357 sibi
1096 3295 1126 3356 in
1157 3295 1220 3359 boe
1240 3287 1413 3356 adversanti

320 3387 380 3452 bns
394 3407 491 3456 aures
513 3393 714 3474 praebuisse;
728 3413 786 3458 neo
805 3396 883 3459 satis
904 3411 1018 3460 eorum
1035 3394 1313 3469 obtestationibus,
1328 3403 1414 3469 nepot

320 3487 432 3554 lenisse
446 3493 644 3568 rationibus,
662 3496 718 3574 qni
740 3497 878 3575 ingenae
898 3495 939 3558 de
954 3494 1101 3576 Origenis
1121 3494 1214 3558 libris
1234 3511 1307 3558 oum
1327 3510 1361 3556 eo
1377 3490 1413 3552 la·

321 3591 388 3652 enti
410 3599 484 3654 sunt
499 3591 711 3673 disputantes,
723 3613 762 3658 ac
778 3613 840 3658 una
857 3594 1010 3660 Auctoris
1026 3595 1224 3660 catholicum
1238 3609 1359 3658 sensnm
1373 3588 1414 3648 ds

325 3689 508 3768 tendentes,
530 3695 584 3758 sed
607 3703 719 3760 eontra
743 3697 800 3760 bos
823 3696 972 3776 pluribus
1003 3697 1319 3776 tergiversationibus
1338 3703 1412 3756 nsnn

316 3807 391 3873 ,esse
405 3789 645 3873 Theophilum:
668 3798 741 3876 gub
764 3813 907 3876 unquam
929 3797 1003 3860 iden
1025 3797 1088 3860 erit
1103 3797 1279 3860 verborum
1298 3803 1410 3858 suarna

323 3893 529 3973 astipulator,
552 3904 590 3960 ut
610 3895 722 3962 credat
739 3897 833 3960 illum
853 3916 916 3978 pro
942 3899 1095 3962 tribunati
1109 3897 1286 3972 sedentem,
1299 3897 1410 3958 secate

322 4010 436 4064 rernm
451 3996 679 4079 episcoporum
694 4000 833 4079 potitum
847 4000 940 4076 mats,
958 4001 1126 4064 raritatem
1141 4000 1300 4074 dilexisse,
1315 3990 1410 4071 ample·

324 4113 404 4158 xum
421 4113 506 4175 esse,
528 4116 747 4182 propugnasse
760 4121 772 4181 ;
787 4119 825 4164 nc
843 4100 981 4180 donique
998 4101 1075 4190 juro
1096 4099 1310 4182 proclamasse
1321 4095 1410 4170 origa-

323 4211 396 4264 nom
417 4196 630 4282 haereticum,
662 4202 809 4284 impium,
833 4201 1069 4284 blasphemum,
1103 4203 1313 4286 hypocritam,
1334 4193 1409 4262 tolita
