2982 4934
350 359 413 438 ‘lto

425 471 538 538 «Cum
559 472 640 534 baec
660 478 758 550 atque
772 469 835 534 alia
852 469 1036 551 hujusmodi
1051 471 1091 532 ab
1106 473 1260 552 episcopis
1276 467 1428 550 proderes·

343 583 423 649 tur,
445 591 485 638 ex
506 575 618 638 studiis
639 575 779 654 perticus
799 583 871 637 orta
893 585 941 637 est
960 575 1084 637 seditio.
1107 573 1199 650 Quae
1221 591 1293 636 cum
1316 571 1428 651 reprimi

343 677 547 742 sacerdotnm
560 679 752 739 anctoritate
773 696 835 740 non
851 687 967 756 posset,
984 697 1099 739 scaevo
1115 677 1265 755 exemplo
1282 675 1320 736 ad
1337 692 1429 753 repen·

345 779 418 842 dam
440 777 602 841 Ecclesiae
626 779 823 859 disciplinam
846 781 1022 842 assumitur
1046 777 1241 841 Praefectus.
1264 775 1363 857 Cujus
1381 785 1430 838 ter·

346 898 423 942 rore
443 879 576 958 dispersi
598 880 736 955 iratres,
768 899 806 942 ac
827 899 885 959 per
905 881 1047 944 diversas
1068 899 1141 944 oras
1171 878 1317 942 monachi
1345 877 1430 955 rugan

347 989 442 1054 sunt;
459 981 500 1040 ita
517 989 553 1043 nt
568 981 738 1060 propositis
760 980 892 1043 edictis
884 999 913 1042 ιι
931 983 1020 1043 nulla
1037 979 1209 1043 consistere
1222 981 1297 1040 sede
1310 979 1432 1040 sineren-

347 1089 411 1146 tur.
430 1079 513 1143 illud
537 1099 588 1143 mo
606 1083 778 1144 admodum
794 1083 1024 1162 permovebat,
1046 1081 1132 1161 qnod
1159 1079 1372 1163 Hieronymus
1394 1078 1433 1137 ιιι

346 1181 486 1244 maxime
500 1180 678 1244 catholicus
690 1191 722 1244 et
731 1199 843 1243 sacrae
855 1183 932 1261 lepis
944 1183 1165 1262 peritissimus,
1177 1179 1348 1259 origenem
1359 1195 1433 1242 secu·

347 1290 399 1344 tus
425 1283 530 1363 primo
552 1292 696 1363 tempore
718 1284 912 1363 putabatur,
944 1301 1041 1365 quem
1063 1302 1148 1347 nuno
1167 1283 1249 1346 idern
1277 1283 1434 1362 praecipue

347 1383 398 1446 ιιι
423 1385 528 1446 omnia
551 1385 649 1463 ipsius
670 1387 789 1464 scripta
810 1384 987 1447 damnaret.
1014 1383 1081 1448 Nec
1104 1403 1181 1447 vero
1202 1402 1301 1447 ansus
1322 1401 1388 1445 snm
1406 1381 1436 1442 de

344 1485 495 1564 quopiam
518 1493 638 1547 temere
656 1484 826 1566 iudicare:
851 1487 1110 1564 praestantissimi
1134 1495 1238 1548 tameo
1260 1485 1321 1548 riri
1342 1494 1373 1546 et
1391 1483 1435 1543 do

346 1587 477 1649 ctissimi
498 1587 686 1651 terebantur
716 1587 748 1647 in
769 1587 831 1652 hoc
852 1589 1026 1650 certamine
1054 1587 1216 1650 dissidere.
1245 1584 1307 1650 Sed
1331 1597 1431 1656 tamen,
1479 1623 1480 1626 κ

343 1689 411 1751 sire
432 1688 513 1750 illud
529 1706 623 1751 error
642 1697 703 1762 eat,
725 1698 763 1750 nt
782 1706 843 1768 epo
862 1690 976 1763 sentio,
991 1689 1059 1751 sive
1081 1689 1221 1751 haeresis
1244 1697 1279 1749 ut
1302 1695 1433 1767 putator,

342 1806 404 1852 non
425 1790 530 1854 solnm
554 1790 692 1870 reprimi
708 1807 771 1852 non
792 1791 898 1870 potnit
919 1791 1029 1854 multis
1049 1788 1377 1853 animadversionibus
1393 1803 1432 1848 ιι·

343 1891 534 1969 ιιιιιοιιιιιι;
565 1892 620 1954 sed
642 1908 844 1972 nequaqnam
867 1901 931 1954 tam
951 1893 1016 1955 late
1036 1911 1070 1955 se
1092 1891 1247 1972 potuisset
1267 1891 1430 1959 effundere,

343 1993 400 2056 nisi
423 1993 622 2056 contentione
653 1997 815 2058 crevisset.
853 1993 1036 2056 istiusmodi
1060 2011 1138 2074 ergo
1172 1993 1354 2056 turbatione
1373 2007 1432 2052 cnn

342 2093 413 2154 seui
440 2092 689 2168 Alexandriam,
711 2093 908 2170 fluctuabat,
941 2113 992 2158 ιιι
1012 2093 1141 2174 quidem
1171 2095 1341 2174 episcopos
1361 2091 1433 2156 illins

340 2193 478 2255 civitatis
499 2190 721 2273 (Theophilosl
739 2195 870 2274 benigne
884 2194 1057 2257 admodum
1078 2205 1109 2256 et
1124 2191 1238 2257 melius
1259 2211 1357 2272 quarn
1376 2189 1430 2269 opi·

340 2293 453 2369 nabar,
469 2295 607 2373 excepit,
630 2299 662 2355 ιι
675 2311 784 2357 secum
802 2305 910 2358 tenere
931 2297 1073 2358 tentarit·
1089 2295 1151 2360 Sed
1167 2313 1230 2356 non
1245 2295 1310 2358 init
1323 2295 1430 2356 antnu

340 2393 383 2454 ibi
404 2393 595 2468 consistere,
619 2393 680 2457 nbi
704 2412 814 2456 recens
835 2395 996 2458 fraternae
1026 2393 1123 2457 cladis
1146 2395 1294 2456 iereebat
1316 2393 1429 2456 invidia.

340 2489 422 2556 Nam
444 2494 501 2556 etsi
523 2493 659 2556 fortasse
682 2495 851 2558 videantur
872 2512 985 2574 parere
1015 2497 1171 2575 episcopis
1192 2496 1360 2568 debuisse,
1380 2509 1429 2554 non

341 2595 385 2656 ob
397 2594 479 2656 banc
500 2601 605 2657 tamen
622 2611 751 2660 ιιιιιιι
770 2595 1008 2660 multitudinem
1026 2606 1143 2660 tantam
1159 2597 1220 2660 snb
1232 2596 1350 2661 Christi
1370 2609 1429 2657 con·

341 2696 476 2760 sessione
491 2697 661 2772 viventem,
675 2699 862 2776 praesertim
878 2697 919 2759 ab
932 2699 1087 2778 episcopis
1100 2699 1298 2778 oportuisset
1311 2695 1428 2774 afligi.»

419 2795 503 2873 Quid
519 2815 597 2878 ergo
617 2817 658 2862 ex
672 2799 721 2861 bis
737 2797 950 2875 inferendum,
973 2800 1030 2864 nisi
1046 2799 1308 2880 praecedentium
1332 2794 1429 2860 coudr-

341 2899 441 2962 metio
463 2899 503 2961 de
524 2899 722 2964 conlassione
743 2899 900 2964 cetbolica
933 2901 1165 2965 monachornm
1188 2917 1298 2964 coram
1320 2896 1429 2981 synodo

338 2999 545 3062 alexandrine
567 3001 660 3063 sicuti
676 3000 788 3064 deinde
809 3019 919 3064 coram
937 3000 1061 3065 ,loenne
1075 3001 1307 3087 chrysostomo
1326 3010 1357 3065 et
1370 2996 1429 3078 Epi·

342 3101 459 3180 pbanio
478 3103 615 3182 ingenue
636 3105 761 3165 emissa.
783 3103 911 3182 sulpitii
934 3103 1119 3178 enarratio,
1141 3104 1197 3165 ubi
1219 3104 1322 3166 omnis
1341 3102 1430 3164 elucet

338 3201 536 3278 stupttcttas,
558 3203 736 3276 sinceritas,
759 3207 874 3282 quovis
896 3202 1043 3284 sejuncto
1066 3203 1207 3283 partium
1227 3204 1347 3276 studio,
1369 3209 1429 3262 tom

340 3301 475 3366 fortuito
496 3303 712 3367 Alexandriae
732 3303 883 3367 adstantis
904 3307 1096 3368 contentioni
1119 3308 1344 3385 episcoporum
1369 3314 1428 3363 enm

341 3403 504 3468 monacbis
524 3407 629 3484 quoad
652 3403 798 3484 Origenis
817 3404 930 3480 libros,
946 3407 1042 3485 plura
1063 3407 1152 3470 uobis
1172 3407 1376 3470 consideratu
1393 3398 1429 3461 di·

342 3520 400 3584 goa
422 3506 633 3569 commendat.

415 3604 630 3686 Primo,quod
650 3607 728 3670 nibil
749 3625 766 3669 ι
788 3609 950 3672 monacbis
969 3627 1027 3690 pro
1045 3609 1168 3674 haeresi
1186 3573 1365 3689 origeniana
1382 3617 1427 3664 nee
1479 3609 1480 3628 ι

339 3705 473 3781 dictum,
490 3724 548 3770 neo
564 3707 686 3771 lactum
699 3715 762 3770 ests
784 3709 837 3771 sed
856 3717 979 3773 tantum
1002 3710 1042 3772 ab
1056 3711 1104 3774 bis
1119 3711 1315 3791 disputatum
1334 3711 1426 3770 contra

341 3806 506 3886 episcopos
526 3809 611 3870 circa
629 3807 775 3871 fraudem
797 3827 855 3871 seu
878 3809 1155 3890 interpolationem
1178 3829 1313 3892 opernm
1333 3807 1427 3884 Οιὶιι·
1479 3869 1480 3874 ,

339 3909 398 3982 ιιι,
420 3907 634 3972 asserentibus
654 3925 720 3970 nun
740 3925 802 3969 esee
816 3906 946 3978 mirum,
967 3909 996 3972 ri
1016 3909 1052 3974 in
1073 3909 1165 3974 libris
1184 3909 1427 3973 neotericieetre·

335 4025 407 4069 ceus
427 4007 556 4088 scriptis
574 4011 666 4088 frons
687 4006 839 4072 haeretico
858 4007 970 4088 [uisset
1000 4021 1145 4092 operato,
1162 4031 1241 4094 quoe
1262 4012 1298 4077 iet
1317 4007 1426 4091 quidue·
1479 4005 1480 4014 ’

337 4108 411 4170 ιιιιιι
431 4109 508 4172 locis
529 4129 594 4172 non
614 4109 767 4174 timuisset
786 4107 923 4172 incidere
942 4113 1155 4194 eoonpelicons
1175 4112 1349 4186 ueritatem
1368 4105 1425 4189 qli·

340 4211 400 4275 bus
423 4214 520 4296 magis
542 4220 686 4278 nostrum
707 4213 869 4280 solidator
889 4219 1101 4298 propositum,
1124 4233 1186 4281 uua
1207 4215 1320 4280 additis
1338 4207 1421 4277 meni·
