<?xml version="1.0" encoding="UTF-8"?>
<!DOCTYPE html PUBLIC "-//W3C//DTD XHTML 1.0 Transitional//EN"
    "http://www.w3.org/TR/xhtml1/DTD/xhtml1-transitional.dtd">
<html xmlns="http://www.w3.org/1999/xhtml" xml:lang="en" lang="en">
 <head>
  <title>
</title>
<meta http-equiv="Content-Type" content="text/html;charset=utf-8" />
  <meta name='ocr-system' content='tesseract 3.04.00' />
  <meta name='ocr-capabilities' content='ocr_page ocr_carea ocr_par ocr_line ocrx_word'/>
</head>
<body>
  <div class='ocr_page' id='page_1' title='image "./insgregoriinyss01vincgoog/insgregoriinyss01vincgoog_0619.png"; bbox 0 0 3066 4950; ppageno 0'>
   <div class='ocr_carea' id='block_1_1' title="bbox 289 369 1440 560">
    <p class='ocr_par' dir='ltr' id='par_1_1' title="bbox 289 369 1440 560">
     <span class='ocr_line' id='line_1_1' title="bbox 289 369 1440 560; baseline -0.001 -18"><span class='ocrx_word' id='word_1_1' title='bbox 289 491 291 496; x_wconf 86' lang='lat'>·</span> <span class='ocrx_word' id='word_1_2' title='bbox 348 369 421 543; x_wconf 56' lang='lat' dir='ltr'><strong>12a5r6e</strong></span> <span class='ocrx_word' id='word_1_3' title='bbox 449 493 615 560; x_wconf 80' lang='lat' dir='ltr'><strong>perverse,</strong></span> <span class='ocrx_word' id='word_1_4' title='bbox 635 479 695 546; x_wconf 88' lang='lat' dir='ltr'><strong>ani</strong></span> <span class='ocrx_word' id='word_1_5' title='bbox 715 475 889 546; x_wconf 88' lang='lat' dir='ltr'><strong>lnildelitcr</strong></span> <span class='ocrx_word' id='word_1_6' title='bbox 919 475 1070 544; x_wconf 89' lang='lat' dir='ltr'><strong>dubitare</strong></span> <span class='ocrx_word' id='word_1_7' title='bbox 1097 477 1308 544; x_wconf 80' lang='lat' dir='ltr'><strong>tentareriots</strong></span> <span class='ocrx_word' id='word_1_8' title='bbox 1329 479 1361 541; x_wconf 85' lang='lat' dir='ltr'><strong>ct</strong></span> <span class='ocrx_word' id='word_1_9' title='bbox 1378 493 1440 541; x_wconf 80' lang='lat' dir='ltr'><strong>eoo</strong></span> 
     </span>
    </p>
   </div>
   <div class='ocr_carea' id='block_1_2' title="bbox 249 579 1440 664">
    <p class='ocr_par' dir='ltr' id='par_1_2' title="bbox 249 579 1440 664">
     <span class='ocr_line' id='line_1_2' title="bbox 249 579 1440 664; baseline -0.001 -21"><span class='ocrx_word' id='word_1_10' title='bbox 249 657 251 662; x_wconf 65' lang='lat'><strong>,</strong></span> <span class='ocrx_word' id='word_1_11' title='bbox 350 586 399 643; x_wconf 90' lang='lat' dir='ltr'><strong>tra</strong></span> <span class='ocrx_word' id='word_1_12' title='bbox 413 595 452 644; x_wconf 91' lang='lat' dir='ltr'><strong>ea</strong></span> <span class='ocrx_word' id='word_1_13' title='bbox 471 581 654 660; x_wconf 74' lang='lat' dir='ltr'><strong>sentientes,</strong></span> <span class='ocrx_word' id='word_1_14' title='bbox 671 598 756 664; x_wconf 87' lang='lat' dir='ltr'><strong>qnae</strong></span> <span class='ocrx_word' id='word_1_15' title='bbox 781 579 821 644; x_wconf 91' lang='lat' dir='ltr'><strong>de</strong></span> <span class='ocrx_word' id='word_1_16' title='bbox 842 581 905 646; x_wconf 84' lang='lat' dir='ltr'><strong>bde</strong></span> <span class='ocrx_word' id='word_1_17' title='bbox 927 585 960 646; x_wconf 93' lang='lat' dir='ltr'><strong>iu</strong></span> <span class='ocrx_word' id='word_1_18' title='bbox 980 583 1125 658; x_wconf 90' lang='lat' dir='ltr'><strong>nicaena,</strong></span> <span class='ocrx_word' id='word_1_19' title='bbox 1140 580 1440 661; x_wconf 86' lang='lat' dir='ltr'><strong>constantinopolita·</strong></span> 
     </span>
    </p>
   </div>
   <div class='ocr_carea' id='block_1_3' title="bbox 349 681 1442 865">
    <p class='ocr_par' dir='ltr' id='par_1_3' title="bbox 349 681 1442 865">
     <span class='ocr_line' id='line_1_3' title="bbox 349 681 1345 763; baseline -0.003 -18"><span class='ocrx_word' id='word_1_20' title='bbox 349 698 403 759; x_wconf 88' lang='lat' dir='ltr'><strong>na,</strong></span> <span class='ocrx_word' id='word_1_21' title='bbox 425 681 575 762; x_wconf 89' lang='lat' dir='ltr'><strong>ephesina</strong></span> <span class='ocrx_word' id='word_1_22' title='bbox 596 683 701 763; x_wconf 86' lang='lat' dir='ltr'><strong>prima</strong></span> <span class='ocrx_word' id='word_1_23' title='bbox 722 690 755 748; x_wconf 90' lang='lat' dir='ltr'><strong>at</strong></span> <span class='ocrx_word' id='word_1_24' title='bbox 775 681 1064 748; x_wconf 86' lang='lat' dir='ltr'><strong>chalcedonensi..</strong></span> <span class='ocrx_word' id='word_1_25' title='bbox 1079 726 1086 742; x_wconf 89' lang='lat'>.</span> <span class='ocrx_word' id='word_1_26' title='bbox 1101 683 1345 746; x_wconf 88' lang='lat' dir='ltr'><strong>.cootlneotur.</strong></span> 
     </span>
     <span class='ocr_line' id='line_1_4' title="bbox 432 781 1442 865; baseline 0 -22"><span class='ocrx_word' id='word_1_27' title='bbox 432 801 450 842; x_wconf 85' lang='lat' dir='ltr'><strong>s</strong></span> <span class='ocrx_word' id='word_1_28' title='bbox 466 781 501 845; x_wconf 95' lang='lat' dir='ltr'><strong>ln</strong></span> <span class='ocrx_word' id='word_1_29' title='bbox 515 782 566 848; x_wconf 90' lang='lat' dir='ltr'><strong>his</strong></span> <span class='ocrx_word' id='word_1_30' title='bbox 582 802 675 861; x_wconf 83' lang='lat' dir='ltr'><strong>sero,</strong></span> <span class='ocrx_word' id='word_1_31' title='bbox 691 784 723 848; x_wconf 91' lang='lat' dir='ltr'><strong>io</strong></span> <span class='ocrx_word' id='word_1_32' title='bbox 738 784 856 865; x_wconf 88' lang='lat' dir='ltr'><strong>quibus</strong></span> <span class='ocrx_word' id='word_1_33' title='bbox 870 783 1020 848; x_wconf 78' lang='lat' dir='ltr'><strong>Mensam</strong></span> <span class='ocrx_word' id='word_1_34' title='bbox 1037 783 1172 848; x_wconf 90' lang='lat' dir='ltr'><strong>iratrem</strong></span> <span class='ocrx_word' id='word_1_35' title='bbox 1185 791 1220 846; x_wconf 92' lang='lat' dir='ltr'><strong>et</strong></span> <span class='ocrx_word' id='word_1_36' title='bbox 1234 783 1442 864; x_wconf 73' lang='lat' dir='ltr'><strong>coepiscopum</strong></span> 
     </span>
    </p>
   </div>
   <div class='ocr_carea' id='block_1_4' title="bbox 350 865 1510 966">
    <p class='ocr_par' dir='ltr' id='par_1_4' title="bbox 350 865 1510 966">
     <span class='ocr_line' id='line_1_5' title="bbox 350 865 1510 966; baseline -0.003 -19"><span class='ocrx_word' id='word_1_37' title='bbox 350 889 497 948; x_wconf 91' lang='lat' dir='ltr'><strong>nostrum</strong></span> <span class='ocrx_word' id='word_1_38' title='bbox 513 901 689 950; x_wconf 91' lang='lat' dir='ltr'><strong>memorem</strong></span> <span class='ocrx_word' id='word_1_39' title='bbox 703 885 806 949; x_wconf 81' lang='lat' dir='ltr'><strong>libelli</strong></span> <span class='ocrx_word' id='word_1_40' title='bbox 826 887 893 960; x_wconf 91' lang='lat' dir='ltr'><strong>sui,</strong></span> <span class='ocrx_word' id='word_1_41' title='bbox 909 903 1007 966; x_wconf 91' lang='lat' dir='ltr'><strong>qoem</strong></span> <span class='ocrx_word' id='word_1_42' title='bbox 1023 883 1263 966; x_wconf 76' lang='lat' dir='ltr'><strong>praedecessori</strong></span> <span class='ocrx_word' id='word_1_43' title='bbox 1278 891 1386 948; x_wconf 87' lang='lat' dir='ltr'><strong>nostro</strong></span> <span class='ocrx_word' id='word_1_44' title='bbox 1398 883 1441 944; x_wconf 82' lang='lat' dir='ltr'><strong>be</strong></span> <span class='ocrx_word' id='word_1_45' title='bbox 1509 865 1510 902; x_wconf 62' lang='lat'>¹</span> 
     </span>
    </p>
   </div>
   <div class='ocr_carea' id='block_1_5' title="bbox 348 985 1443 1068">
    <p class='ocr_par' dir='ltr' id='par_1_5' title="bbox 348 985 1443 1068">
     <span class='ocr_line' id='line_1_6' title="bbox 348 985 1443 1068; baseline -0.003 -19"><span class='ocrx_word' id='word_1_46' title='bbox 348 989 425 1049; x_wconf 88' lang='lat' dir='ltr'><strong>atas</strong></span> <span class='ocrx_word' id='word_1_47' title='bbox 446 989 622 1051; x_wconf 89' lang='lat' dir='ltr'><strong>memoriae</strong></span> <span class='ocrx_word' id='word_1_48' title='bbox 643 985 803 1068; x_wconf 78' lang='lat' dir='ltr'><strong>hqapete,</strong></span> <span class='ocrx_word' id='word_1_49' title='bbox 825 987 1037 1050; x_wconf 71' lang='lat' dir='ltr'><strong>ordinationis</strong></span> <span class='ocrx_word' id='word_1_50' title='bbox 1051 1003 1131 1049; x_wconf 88' lang='lat' dir='ltr'><strong>snae</strong></span> <span class='ocrx_word' id='word_1_51' title='bbox 1153 993 1312 1064; x_wconf 85' lang='lat' dir='ltr'><strong>tempore,</strong></span> <span class='ocrx_word' id='word_1_52' title='bbox 1334 990 1443 1048; x_wconf 84' lang='lat' dir='ltr'><strong>restrae</strong></span> 
     </span>
    </p>
   </div>
   <div class='ocr_carea' id='block_1_6' title="bbox 348 1069 1510 1170">
    <p class='ocr_par' dir='ltr' id='par_1_6' title="bbox 348 1069 1510 1170">
     <span class='ocr_line' id='line_1_7' title="bbox 348 1069 1510 1170; baseline -0.009 -17"><span class='ocrx_word' id='word_1_53' title='bbox 348 1083 548 1152; x_wconf 78' lang='lat' dir='ltr'><strong>Clementiae</strong></span> <span class='ocrx_word' id='word_1_54' title='bbox 568 1105 728 1153; x_wconf 91' lang='lat' dir='ltr'><strong>consenso</strong></span> <span class='ocrx_word' id='word_1_55' title='bbox 742 1096 951 1170; x_wconf 84' lang='lat' dir='ltr'><strong>porrexerat,</strong></span> <span class='ocrx_word' id='word_1_56' title='bbox 972 1095 1161 1167; x_wconf 83' lang='lat' dir='ltr'><strong>sequentem</strong></span> <span class='ocrx_word' id='word_1_57' title='bbox 1183 1103 1300 1150; x_wconf 81' lang='lat' dir='ltr'><strong>resera</strong></span> <span class='ocrx_word' id='word_1_58' title='bbox 1315 1082 1397 1148; x_wconf 87' lang='lat' dir='ltr'><strong>Sedis</strong></span> <span class='ocrx_word' id='word_1_59' title='bbox 1410 1081 1443 1146; x_wconf 82' lang='lat' dir='ltr'><strong>b·</strong></span> <span class='ocrx_word' id='word_1_60' title='bbox 1509 1069 1510 1142; x_wconf 80' lang='lat' dir='ltr'><strong>i</strong></span> 
     </span>
    </p>
   </div>
   <div class='ocr_carea' id='block_1_7' title="bbox 341 1184 1445 1474">
    <p class='ocr_par' dir='ltr' id='par_1_7' title="bbox 341 1184 1445 1474">
     <span class='ocr_line' id='line_1_8' title="bbox 341 1184 1443 1270; baseline -0.007 -18"><span class='ocrx_word' id='word_1_61' title='bbox 341 1187 527 1268; x_wconf 79' lang='lat' dir='ltr'><strong>‘postolicse</strong></span> <span class='ocrx_word' id='word_1_62' title='bbox 545 1187 759 1270; x_wconf 73' lang='lat' dir='ltr'><strong>disciplinam,</strong></span> <span class='ocrx_word' id='word_1_63' title='bbox 776 1188 947 1252; x_wconf 86' lang='lat' dir='ltr'><strong>haereticis</strong></span> <span class='ocrx_word' id='word_1_64' title='bbox 961 1187 1097 1250; x_wconf 82' lang='lat' dir='ltr'><strong>interius</strong></span> <span class='ocrx_word' id='word_1_65' title='bbox 1113 1185 1364 1266; x_wconf 88' lang='lat' dir='ltr'><strong>comprehensis,</strong></span> <span class='ocrx_word' id='word_1_66' title='bbox 1375 1184 1443 1247; x_wconf 87' lang='lat' dir='ltr'><strong>idest</strong></span> 
     </span>
     <span class='ocr_line' id='line_1_9' title="bbox 348 1285 1445 1378; baseline -0.005 -25"><span class='ocrx_word' id='word_1_67' title='bbox 348 1285 471 1353; x_wconf 88' lang='lat' dir='ltr'><strong>Serere</strong></span> <span class='ocrx_word' id='word_1_68' title='bbox 495 1291 704 1378; x_wconf 74' lang='lat' dir='ltr'><strong>eutychiano,</strong></span> <span class='ocrx_word' id='word_1_69' title='bbox 720 1288 818 1354; x_wconf 86' lang='lat' dir='ltr'><strong>Petro</strong></span> <span class='ocrx_word' id='word_1_70' title='bbox 840 1306 1014 1370; x_wconf 87' lang='lat' dir='ltr'><strong>apameno,</strong></span> <span class='ocrx_word' id='word_1_71' title='bbox 1027 1288 1198 1361; x_wconf 71' lang='lat' dir='ltr'><strong>anthimo,</strong></span> <span class='ocrx_word' id='word_1_72' title='bbox 1214 1287 1271 1368; x_wconf 92' lang='lat' dir='ltr'><strong>qni</strong></span> <span class='ocrx_word' id='word_1_73' title='bbox 1293 1288 1385 1350; x_wconf 85' lang='lat' dir='ltr'><strong>etiam</strong></span> <span class='ocrx_word' id='word_1_74' title='bbox 1404 1300 1445 1348; x_wconf 89' lang='lat' dir='ltr'><strong>ec·</strong></span> 
     </span>
     <span class='ocr_line' id='line_1_10' title="bbox 350 1387 1444 1474; baseline -0.004 -21"><span class='ocrx_word' id='word_1_75' title='bbox 350 1387 481 1454; x_wconf 84' lang='lat' dir='ltr'><strong>clerium</strong></span> <span class='ocrx_word' id='word_1_76' title='bbox 513 1391 889 1474; x_wconf 88' lang='lat' dir='ltr'><strong>constantinopolitanam</strong></span> <span class='ocrx_word' id='word_1_77' title='bbox 920 1407 1020 1472; x_wconf 82' lang='lat' dir='ltr'><strong>praua</strong></span> <span class='ocrx_word' id='word_1_78' title='bbox 1056 1390 1230 1454; x_wconf 88' lang='lat' dir='ltr'><strong>ambitione</strong></span> <span class='ocrx_word' id='word_1_79' title='bbox 1260 1389 1444 1469; x_wconf 79' lang='lat' dir='ltr'><strong>pervaserat,</strong></span> 
     </span>
    </p>
   </div>
   <div class='ocr_carea' id='block_1_8' title="bbox 349 1485 1510 1570">
    <p class='ocr_par' dir='ltr' id='par_1_8' title="bbox 349 1485 1510 1570">
     <span class='ocr_line' id='line_1_11' title="bbox 349 1485 1510 1570; baseline -0.005 -14"><span class='ocrx_word' id='word_1_80' title='bbox 349 1487 491 1570; x_wconf 86' lang='lat' dir='ltr'><strong>Xonese,</strong></span> <span class='ocrx_word' id='word_1_81' title='bbox 508 1492 564 1556; x_wconf 88' lang='lat' dir='ltr'><strong>sed</strong></span> <span class='ocrx_word' id='word_1_82' title='bbox 587 1499 619 1556; x_wconf 92' lang='lat' dir='ltr'><strong>et</strong></span> <span class='ocrx_word' id='word_1_83' title='bbox 635 1490 818 1559; x_wconf 86' lang='lat' dir='ltr'><strong>Theodosio</strong></span> <span class='ocrx_word' id='word_1_84' title='bbox 839 1491 1063 1568; x_wconf 81' lang='lat' dir='ltr'><strong>alexandrino,</strong></span> <span class='ocrx_word' id='word_1_85' title='bbox 1080 1500 1112 1556; x_wconf 91' lang='lat' dir='ltr'><strong>et</strong></span> <span class='ocrx_word' id='word_1_86' title='bbox 1134 1488 1343 1556; x_wconf 87' lang='lat' dir='ltr'><strong>Constantino</strong></span> <span class='ocrx_word' id='word_1_87' title='bbox 1361 1485 1445 1551; x_wconf 87' lang='lat' dir='ltr'><strong>laodi·</strong></span> <span class='ocrx_word' id='word_1_88' title='bbox 1509 1531 1510 1560; x_wconf 64' lang='lat'><strong>,</strong></span> 
     </span>
    </p>
   </div>
   <div class='ocr_carea' id='block_1_9' title="bbox 351 1589 1445 1680">
    <p class='ocr_par' dir='ltr' id='par_1_9' title="bbox 351 1589 1445 1680">
     <span class='ocr_line' id='line_1_12' title="bbox 351 1589 1445 1680; baseline -0.003 -25"><span class='ocrx_word' id='word_1_89' title='bbox 351 1594 451 1671; x_wconf 90' lang='lat' dir='ltr'><strong>censi,</strong></span> <span class='ocrx_word' id='word_1_90' title='bbox 473 1601 572 1674; x_wconf 88' lang='lat' dir='ltr'><strong>atque</strong></span> <span class='ocrx_word' id='word_1_91' title='bbox 587 1593 727 1658; x_wconf 77' lang='lat' dir='ltr'><strong>Antonio</strong></span> <span class='ocrx_word' id='word_1_92' title='bbox 743 1605 933 1660; x_wconf 78' lang='lat' dir='ltr'><strong>versentano</strong></span> <span class='ocrx_word' id='word_1_93' title='bbox 955 1594 1169 1680; x_wconf 77' lang='lat' dir='ltr'><strong>eutychianae</strong></span> <span class='ocrx_word' id='word_1_94' title='bbox 1190 1593 1347 1669; x_wconf 87' lang='lat' dir='ltr'><strong>haeresis,</strong></span> <span class='ocrx_word' id='word_1_95' title='bbox 1360 1589 1445 1654; x_wconf 86' lang='lat' dir='ltr'><strong>sedet</strong></span> 
     </span>
    </p>
   </div>
   <div class='ocr_carea' id='block_1_10' title="bbox 351 1689 1510 1777">
    <p class='ocr_par' dir='ltr' id='par_1_10' title="bbox 351 1689 1510 1777">
     <span class='ocr_line' id='line_1_13' title="bbox 351 1689 1510 1777; baseline -0.002 -22"><span class='ocrx_word' id='word_1_96' title='bbox 351 1689 523 1770; x_wconf 80' lang='lat' dir='ltr'><strong>Bioscoro,</strong></span> <span class='ocrx_word' id='word_1_97' title='bbox 549 1693 659 1774; x_wconf 89' lang='lat' dir='ltr'><strong>quiin</strong></span> <span class='ocrx_word' id='word_1_98' title='bbox 684 1694 930 1759; x_wconf 83' lang='lat' dir='ltr'><strong>chalcedonensi</strong></span> <span class='ocrx_word' id='word_1_99' title='bbox 956 1693 1085 1777; x_wconf 69' lang='lat' dir='ltr'><strong>Synodo</strong></span> <span class='ocrx_word' id='word_1_100' title='bbox 1114 1694 1200 1758; x_wconf 82' lang='lat' dir='ltr'><strong>ister</strong></span> <span class='ocrx_word' id='word_1_101' title='bbox 1230 1691 1316 1756; x_wconf 86' lang='lat' dir='ltr'><strong>alios</strong></span> <span class='ocrx_word' id='word_1_102' title='bbox 1343 1691 1445 1770; x_wconf 70' lang='lat' dir='ltr'><strong>legitor</strong></span> <span class='ocrx_word' id='word_1_103' title='bbox 1509 1755 1510 1770; x_wconf 47' lang='grc'>,</span> 
     </span>
    </p>
   </div>
   <div class='ocr_carea' id='block_1_11' title="bbox 351 1792 1445 1977">
    <p class='ocr_par' dir='ltr' id='par_1_11' title="bbox 351 1792 1445 1977">
     <span class='ocr_line' id='line_1_14' title="bbox 352 1792 1444 1878; baseline -0.005 -21"><span class='ocrx_word' id='word_1_104' title='bbox 352 1793 451 1859; x_wconf 87' lang='lat' dir='ltr'><strong>inisse</strong></span> <span class='ocrx_word' id='word_1_105' title='bbox 471 1795 654 1872; x_wconf 89' lang='lat' dir='ltr'><strong>damnatus,</strong></span> <span class='ocrx_word' id='word_1_106' title='bbox 670 1803 703 1861; x_wconf 91' lang='lat' dir='ltr'><strong>et</strong></span> <span class='ocrx_word' id='word_1_107' title='bbox 716 1796 940 1861; x_wconf 87' lang='lat' dir='ltr'><strong>deiensoribns</strong></span> <span class='ocrx_word' id='word_1_108' title='bbox 960 1803 1061 1878; x_wconf 89' lang='lat' dir='ltr'><strong>atque</strong></span> <span class='ocrx_word' id='word_1_109' title='bbox 1079 1793 1275 1876; x_wconf 85' lang='lat' dir='ltr'><strong>sequacibus</strong></span> <span class='ocrx_word' id='word_1_110' title='bbox 1295 1792 1444 1856; x_wconf 86' lang='lat' dir='ltr'><strong>anathema</strong></span> 
     </span>
     <span class='ocr_line' id='line_1_15' title="bbox 351 1894 1445 1977; baseline -0.005 -17"><span class='ocrx_word' id='word_1_111' title='bbox 351 1894 471 1960; x_wconf 80' lang='lat' dir='ltr'><strong>dixisse</strong></span> <span class='ocrx_word' id='word_1_112' title='bbox 492 1897 592 1977; x_wconf 88' lang='lat' dir='ltr'><strong>pictas</strong></span> <span class='ocrx_word' id='word_1_113' title='bbox 615 1903 720 1961; x_wconf 84' lang='lat' dir='ltr'><strong>restra</strong></span> <span class='ocrx_word' id='word_1_114' title='bbox 736 1896 918 1960; x_wconf 79' lang='lat' dir='ltr'><strong>mendaciis</strong></span> <span class='ocrx_word' id='word_1_115' title='bbox 941 1898 973 1960; x_wconf 90' lang='lat' dir='ltr'><strong>iu</strong></span> <span class='ocrx_word' id='word_1_116' title='bbox 994 1898 1119 1962; x_wconf 87' lang='lat' dir='ltr'><strong>nullos</strong></span> <span class='ocrx_word' id='word_1_117' title='bbox 1138 1896 1229 1960; x_wconf 90' lang='lat' dir='ltr'><strong>nohis</strong></span> <span class='ocrx_word' id='word_1_118' title='bbox 1243 1895 1374 1977; x_wconf 91' lang='lat' dir='ltr'><strong>quidem</strong></span> <span class='ocrx_word' id='word_1_119' title='bbox 1392 1909 1445 1956; x_wconf 92' lang='lat' dir='ltr'><strong>mo·</strong></span> 
     </span>
    </p>
   </div>
   <div class='ocr_carea' id='block_1_12' title="bbox 350 1993 1510 2078">
    <p class='ocr_par' dir='ltr' id='par_1_12' title="bbox 350 1993 1510 2078">
     <span class='ocr_line' id='line_1_16' title="bbox 350 1993 1510 2078; baseline -0.005 -18"><span class='ocrx_word' id='word_1_120' title='bbox 350 1996 433 2062; x_wconf 90' lang='lat' dir='ltr'><strong>leste</strong></span> <span class='ocrx_word' id='word_1_121' title='bbox 453 1997 676 2078; x_wconf 90' lang='lat' dir='ltr'><strong>suscipitur,a</strong></span> <span class='ocrx_word' id='word_1_122' title='bbox 700 1997 869 2078; x_wconf 90' lang='lat' dir='ltr'><strong>praedicto</strong></span> <span class='ocrx_word' id='word_1_123' title='bbox 891 1998 993 2064; x_wconf 85' lang='lat' dir='ltr'><strong>tratre</strong></span> <span class='ocrx_word' id='word_1_124' title='bbox 1014 2007 1139 2074; x_wconf 89' lang='lat' dir='ltr'><strong>nostro,</strong></span> <span class='ocrx_word' id='word_1_125' title='bbox 1156 1998 1209 2062; x_wconf 89' lang='lat' dir='ltr'><strong>rel</strong></span> <span class='ocrx_word' id='word_1_126' title='bbox 1228 1995 1404 2077; x_wconf 89' lang='lat' dir='ltr'><strong>aquulibet</strong></span> <span class='ocrx_word' id='word_1_127' title='bbox 1419 2008 1444 2054; x_wconf 86' lang='lat' dir='ltr'><strong>a·</strong></span> <span class='ocrx_word' id='word_1_128' title='bbox 1509 1993 1510 2028; x_wconf 64' lang='lat' dir='ltr'><strong>l</strong></span> 
     </span>
    </p>
   </div>
   <div class='ocr_carea' id='block_1_13' title="bbox 351 2097 1445 4109">
    <p class='ocr_par' dir='ltr' id='par_1_13' title="bbox 351 2097 1445 4109">
     <span class='ocr_line' id='line_1_17' title="bbox 351 2097 1442 2180; baseline -0.004 -18"><span class='ocrx_word' id='word_1_129' title='bbox 351 2098 399 2166; x_wconf 91' lang='lat' dir='ltr'><strong>lio</strong></span> <span class='ocrx_word' id='word_1_130' title='bbox 415 2100 447 2163; x_wconf 89' lang='lat' dir='ltr'><strong>in</strong></span> <span class='ocrx_word' id='word_1_131' title='bbox 464 2099 643 2165; x_wconf 88' lang='lat' dir='ltr'><strong>haereticos</strong></span> <span class='ocrx_word' id='word_1_132' title='bbox 657 2099 743 2166; x_wconf 90' lang='lat' dir='ltr'><strong>dicta</strong></span> <span class='ocrx_word' id='word_1_133' title='bbox 758 2100 934 2164; x_wconf 81' lang='lat' dir='ltr'><strong>damuatios</strong></span> <span class='ocrx_word' id='word_1_134' title='bbox 949 2099 1005 2165; x_wconf 90' lang='lat' dir='ltr'><strong>sed</strong></span> <span class='ocrx_word' id='word_1_135' title='bbox 1021 2107 1054 2165; x_wconf 92' lang='lat' dir='ltr'><strong>et</strong></span> <span class='ocrx_word' id='word_1_136' title='bbox 1068 2099 1207 2164; x_wconf 89' lang='lat' dir='ltr'><strong>libenter</strong></span> <span class='ocrx_word' id='word_1_137' title='bbox 1219 2097 1442 2180; x_wconf 89' lang='lat' dir='ltr'><strong>amplectimur,</strong></span> 
     </span>
     <span class='ocr_line' id='line_1_18' title="bbox 351 2199 1435 2284; baseline -0.004 -18"><span class='ocrx_word' id='word_1_138' title='bbox 351 2205 386 2266; x_wconf 89' lang='lat' dir='ltr'><strong>et</strong></span> <span class='ocrx_word' id='word_1_139' title='bbox 398 2199 488 2266; x_wconf 86' lang='lat' dir='ltr'><strong>Sedis</strong></span> <span class='ocrx_word' id='word_1_140' title='bbox 509 2200 716 2282; x_wconf 77' lang='lat' dir='ltr'><strong>apostoticae</strong></span> <span class='ocrx_word' id='word_1_141' title='bbox 730 2203 929 2268; x_wconf 88' lang='lat' dir='ltr'><strong>anctoritate</strong></span> <span class='ocrx_word' id='word_1_142' title='bbox 948 2202 1130 2280; x_wconf 80' lang='lat' dir='ltr'><strong>firmamus,</strong></span> <span class='ocrx_word' id='word_1_143' title='bbox 1145 2201 1322 2284; x_wconf 87' lang='lat' dir='ltr'><strong>complices</strong></span> <span class='ocrx_word' id='word_1_144' title='bbox 1336 2200 1435 2264; x_wconf 88' lang='lat' dir='ltr'><strong>damna</strong></span> 
     </span>
     <span class='ocr_line' id='line_1_19' title="bbox 353 2304 1265 2388; baseline -0.002 -20"><span class='ocrx_word' id='word_1_145' title='bbox 353 2309 464 2370; x_wconf 84' lang='lat' dir='ltr'><strong>torum</strong></span> <span class='ocrx_word' id='word_1_146' title='bbox 484 2304 581 2368; x_wconf 92' lang='lat' dir='ltr'><strong>simili</strong></span> <span class='ocrx_word' id='word_1_147' title='bbox 601 2305 815 2370; x_wconf 84' lang='lat' dir='ltr'><strong>anathematis</strong></span> <span class='ocrx_word' id='word_1_148' title='bbox 837 2307 960 2371; x_wconf 90' lang='lat' dir='ltr'><strong>ultione</strong></span> <span class='ocrx_word' id='word_1_149' title='bbox 977 2306 1153 2388; x_wconf 88' lang='lat' dir='ltr'><strong>plectentes</strong></span> <span class='ocrx_word' id='word_1_150' title='bbox 1164 2347 1265 2369; x_wconf 91' lang='grc'><strong>.....</strong></span> 
     </span>
     <span class='ocr_line' id='line_1_20' title="bbox 436 2397 1445 2489; baseline -0.005 -24"><span class='ocrx_word' id='word_1_151' title='bbox 436 2401 601 2482; x_wconf 79' lang='lat' dir='ltr'><strong>«Tamen,</strong></span> <span class='ocrx_word' id='word_1_152' title='bbox 620 2409 658 2470; x_wconf 92' lang='lat' dir='ltr'><strong>nt</strong></span> <span class='ocrx_word' id='word_1_153' title='bbox 678 2412 793 2470; x_wconf 84' lang='lat' dir='ltr'><strong>cuncta</strong></span> <span class='ocrx_word' id='word_1_154' title='bbox 815 2406 966 2489; x_wconf 89' lang='lat' dir='ltr'><strong>pietatem</strong></span> <span class='ocrx_word' id='word_1_155' title='bbox 983 2414 1122 2472; x_wconf 80' lang='lat' dir='ltr'><strong>vestram</strong></span> <span class='ocrx_word' id='word_1_156' title='bbox 1137 2405 1326 2484; x_wconf 87' lang='lat' dir='ltr'><strong>iuiorment,</strong></span> <span class='ocrx_word' id='word_1_157' title='bbox 1340 2397 1445 2470; x_wconf 89' lang='lat' dir='ltr'><strong>etnibil</strong></span> 
     </span>
     <span class='ocr_line' id='line_1_21' title="bbox 352 2504 1444 2588; baseline -0.004 -19"><span class='ocrx_word' id='word_1_158' title='bbox 352 2520 416 2588; x_wconf 86' lang='lat' dir='ltr'><strong>pro</strong></span> <span class='ocrx_word' id='word_1_159' title='bbox 430 2504 540 2585; x_wconf 87' lang='lat' dir='ltr'><strong>callidi</strong></span> <span class='ocrx_word' id='word_1_160' title='bbox 553 2505 746 2570; x_wconf 91' lang='lat' dir='ltr'><strong>insidiatoris</strong></span> <span class='ocrx_word' id='word_1_161' title='bbox 758 2509 876 2572; x_wconf 92' lang='lat' dir='ltr'><strong>astutia</strong></span> <span class='ocrx_word' id='word_1_162' title='bbox 893 2507 1031 2572; x_wconf 91' lang='lat' dir='ltr'><strong>ulterins</strong></span> <span class='ocrx_word' id='word_1_163' title='bbox 1046 2507 1253 2588; x_wconf 89' lang='lat' dir='ltr'><strong>relinquatur</strong></span> <span class='ocrx_word' id='word_1_164' title='bbox 1261 2507 1444 2586; x_wconf 73' lang='lat' dir='ltr'><strong>ambignum,</strong></span> 
     </span>
     <span class='ocr_line' id='line_1_22' title="bbox 353 2605 1444 2690; baseline -0.002 -20"><span class='ocrx_word' id='word_1_165' title='bbox 353 2605 468 2671; x_wconf 89' lang='lat' dir='ltr'><strong>beatae</strong></span> <span class='ocrx_word' id='word_1_166' title='bbox 481 2607 713 2672; x_wconf 88' lang='lat' dir='ltr'><strong>recordationis</strong></span> <span class='ocrx_word' id='word_1_167' title='bbox 728 2608 984 2688; x_wconf 76' lang='lat' dir='ltr'><strong>praedecessoris</strong></span> <span class='ocrx_word' id='word_1_168' title='bbox 1000 2613 1101 2674; x_wconf 91' lang='lat' dir='ltr'><strong>nostri</strong></span> <span class='ocrx_word' id='word_1_169' title='bbox 1119 2607 1444 2690; x_wconf 67' lang='lat' dir='ltr'><strong>reprehensaque</strong></span> 
     </span>
     <span class='ocr_line' id='line_1_23' title="bbox 355 2705 1443 2790; baseline -0.001 -20"><span class='ocrx_word' id='word_1_170' title='bbox 355 2707 491 2772; x_wconf 82' lang='lat' dir='ltr'><strong>diversis</strong></span> <span class='ocrx_word' id='word_1_171' title='bbox 517 2705 557 2770; x_wconf 92' lang='lat' dir='ltr'><strong>ad</strong></span> <span class='ocrx_word' id='word_1_172' title='bbox 585 2705 753 2772; x_wconf 89' lang='lat' dir='ltr'><strong>Orientem</strong></span> <span class='ocrx_word' id='word_1_173' title='bbox 780 2718 856 2773; x_wconf 91' lang='lat' dir='ltr'><strong>sunt</strong></span> <span class='ocrx_word' id='word_1_174' title='bbox 887 2709 1009 2773; x_wconf 89' lang='lat' dir='ltr'><strong>directa</strong></span> <span class='ocrx_word' id='word_1_175' title='bbox 1036 2710 1237 2790; x_wconf 86' lang='lat' dir='ltr'><strong>temporibus</strong></span> <span class='ocrx_word' id='word_1_176' title='bbox 1265 2710 1443 2780; x_wconf 88' lang='lat' dir='ltr'><strong>constituta,</strong></span> 
     </span>
     <span class='ocr_line' id='line_1_24' title="bbox 355 2807 1443 2891; baseline -0.006 -17"><span class='ocrx_word' id='word_1_177' title='bbox 355 2816 477 2890; x_wconf 88' lang='lat' dir='ltr'><strong>quanta</strong></span> <span class='ocrx_word' id='word_1_178' title='bbox 499 2807 538 2872; x_wconf 90' lang='lat' dir='ltr'><strong>do</strong></span> <span class='ocrx_word' id='word_1_179' title='bbox 561 2809 708 2889; x_wconf 87' lang='lat' dir='ltr'><strong>plurimis</strong></span> <span class='ocrx_word' id='word_1_180' title='bbox 729 2811 761 2873; x_wconf 94' lang='lat' dir='ltr'><strong>in</strong></span> <span class='ocrx_word' id='word_1_181' title='bbox 783 2811 942 2891; x_wconf 89' lang='lat' dir='ltr'><strong>praesenti</strong></span> <span class='ocrx_word' id='word_1_182' title='bbox 973 2812 1151 2875; x_wconf 87' lang='lat' dir='ltr'><strong>necessaria</strong></span> <span class='ocrx_word' id='word_1_183' title='bbox 1173 2811 1385 2884; x_wconf 88' lang='lat' dir='ltr'><strong>credidimus,</strong></span> <span class='ocrx_word' id='word_1_184' title='bbox 1402 2823 1443 2870; x_wconf 88' lang='lat' dir='ltr'><strong>su·</strong></span> 
     </span>
     <span class='ocr_line' id='line_1_25' title="bbox 353 2910 1445 3000; baseline -0.005 -26"><span class='ocrx_word' id='word_1_185' title='bbox 353 2910 590 2992; x_wconf 86' lang='lat' dir='ltr'><strong>peradjeoimus</strong></span> <span class='ocrx_word' id='word_1_186' title='bbox 607 2918 756 2990; x_wconf 69' lang='lat' dir='ltr'><strong>rorantes</strong></span> <span class='ocrx_word' id='word_1_187' title='bbox 778 2928 837 3000; x_wconf 85' lang='lat' dir='ltr'><strong>per</strong></span> <span class='ocrx_word' id='word_1_188' title='bbox 852 2913 969 2992; x_wconf 88' lang='lat' dir='ltr'><strong>ipsum,</strong></span> <span class='ocrx_word' id='word_1_189' title='bbox 986 2912 1082 2993; x_wconf 78' lang='lat' dir='ltr'><strong>cuins</strong></span> <span class='ocrx_word' id='word_1_190' title='bbox 1103 2929 1232 2976; x_wconf 82' lang='lat' dir='ltr'><strong>sansana</strong></span> <span class='ocrx_word' id='word_1_191' title='bbox 1248 2913 1370 2993; x_wconf 76' lang='lat' dir='ltr'><strong>integre</strong></span> <span class='ocrx_word' id='word_1_192' title='bbox 1387 2924 1445 2986; x_wconf 70' lang='lat' dir='ltr'><strong>aas·</strong></span> 
     </span>
     <span class='ocr_line' id='line_1_26' title="bbox 355 3009 1443 3094; baseline 0 -20"><span class='ocrx_word' id='word_1_193' title='bbox 355 3027 392 3076; x_wconf 86' lang='lat' dir='ltr'><strong>ro</strong></span> <span class='ocrx_word' id='word_1_194' title='bbox 414 3009 581 3088; x_wconf 90' lang='lat' dir='ltr'><strong>iestinatis,</strong></span> <span class='ocrx_word' id='word_1_195' title='bbox 595 3019 628 3075; x_wconf 91' lang='lat' dir='ltr'><strong>et</strong></span> <span class='ocrx_word' id='word_1_196' title='bbox 648 3013 768 3094; x_wconf 89' lang='lat' dir='ltr'><strong>cupitis</strong></span> <span class='ocrx_word' id='word_1_197' title='bbox 782 3013 1023 3077; x_wconf 86' lang='lat' dir='ltr'><strong>christianitatis</strong></span> <span class='ocrx_word' id='word_1_198' title='bbox 1043 3011 1175 3088; x_wconf 79' lang='lat' dir='ltr'><strong>abacto,</strong></span> <span class='ocrx_word' id='word_1_199' title='bbox 1192 3019 1229 3077; x_wconf 92' lang='lat' dir='ltr'><strong>nt</strong></span> <span class='ocrx_word' id='word_1_200' title='bbox 1245 3014 1390 3078; x_wconf 80' lang='lat' dir='ltr'><strong>univorsa</strong></span> <span class='ocrx_word' id='word_1_201' title='bbox 1407 3009 1443 3070; x_wconf 82' lang='lat' dir='ltr'><strong>le·</strong></span> 
     </span>
     <span class='ocr_line' id='line_1_27' title="bbox 356 3107 1443 3195; baseline -0.003 -21"><span class='ocrx_word' id='word_1_202' title='bbox 356 3126 433 3192; x_wconf 77' lang='lat' dir='ltr'><strong>qere</strong></span> <span class='ocrx_word' id='word_1_203' title='bbox 453 3112 555 3192; x_wconf 87' lang='lat' dir='ltr'><strong>pletas</strong></span> <span class='ocrx_word' id='word_1_204' title='bbox 577 3120 682 3176; x_wconf 88' lang='lat' dir='ltr'><strong>restra</strong></span> <span class='ocrx_word' id='word_1_205' title='bbox 703 3111 866 3192; x_wconf 80' lang='lat' dir='ltr'><strong>dignetur,</strong></span> <span class='ocrx_word' id='word_1_206' title='bbox 882 3130 923 3176; x_wconf 90' lang='lat' dir='ltr'><strong>no</strong></span> <span class='ocrx_word' id='word_1_207' title='bbox 942 3113 1064 3193; x_wconf 88' lang='lat' dir='ltr'><strong>aliquid</strong></span> <span class='ocrx_word' id='word_1_208' title='bbox 1086 3114 1241 3195; x_wconf 88' lang='lat' dir='ltr'><strong>supersit,</strong></span> <span class='ocrx_word' id='word_1_209' title='bbox 1263 3113 1350 3194; x_wconf 92' lang='lat' dir='ltr'><strong>qnod</strong></span> <span class='ocrx_word' id='word_1_210' title='bbox 1370 3107 1443 3174; x_wconf 87' lang='lat' dir='ltr'><strong>mini·</strong></span> 
     </span>
     <span class='ocr_line' id='line_1_28' title="bbox 357 3210 1445 3296; baseline -0.006 -16"><span class='ocrx_word' id='word_1_211' title='bbox 357 3229 409 3280; x_wconf 89' lang='lat' dir='ltr'><strong>me</strong></span> <span class='ocrx_word' id='word_1_212' title='bbox 431 3213 609 3294; x_wconf 73' lang='lat' dir='ltr'><strong>relegatur.</strong></span> <span class='ocrx_word' id='word_1_213' title='bbox 625 3213 699 3278; x_wconf 89' lang='lat' dir='ltr'><strong>Scio</strong></span> <span class='ocrx_word' id='word_1_214' title='bbox 718 3215 816 3291; x_wconf 88' lang='lat' dir='ltr'><strong>enim,</strong></span> <span class='ocrx_word' id='word_1_215' title='bbox 838 3217 912 3296; x_wconf 85' lang='lat' dir='ltr'><strong>quin</strong></span> <span class='ocrx_word' id='word_1_216' title='bbox 934 3219 1018 3280; x_wconf 86' lang='lat' dir='ltr'><strong>stent</strong></span> <span class='ocrx_word' id='word_1_217' title='bbox 1034 3214 1121 3280; x_wconf 81' lang='lat' dir='ltr'><strong>ileos</strong></span> <span class='ocrx_word' id='word_1_218' title='bbox 1140 3215 1231 3282; x_wconf 86' lang='lat' dir='ltr'><strong>robis</strong></span> <span class='ocrx_word' id='word_1_219' title='bbox 1245 3217 1349 3296; x_wconf 78' lang='lat' dir='ltr'><strong>legem</strong></span> <span class='ocrx_word' id='word_1_220' title='bbox 1369 3210 1445 3274; x_wconf 84' lang='lat' dir='ltr'><strong>dedc-</strong></span> 
     </span>
     <span class='ocr_line' id='line_1_29' title="bbox 354 3315 1444 3399; baseline -0.006 -19"><span class='ocrx_word' id='word_1_221' title='bbox 354 3315 399 3380; x_wconf 89' lang='lat' dir='ltr'><strong>rit</strong></span> <span class='ocrx_word' id='word_1_222' title='bbox 421 3315 635 3393; x_wconf 82' lang='lat' dir='ltr'><strong>voluntatem,</strong></span> <span class='ocrx_word' id='word_1_223' title='bbox 657 3317 701 3382; x_wconf 90' lang='lat' dir='ltr'><strong>ita</strong></span> <span class='ocrx_word' id='word_1_224' title='bbox 722 3325 838 3382; x_wconf 90' lang='lat' dir='ltr'><strong>cuncta</strong></span> <span class='ocrx_word' id='word_1_225' title='bbox 862 3325 1046 3394; x_wconf 86' lang='lat' dir='ltr'><strong>tractantes,</strong></span> <span class='ocrx_word' id='word_1_226' title='bbox 1069 3319 1230 3399; x_wconf 50' lang='lat' dir='ltr'><strong>sapientia,</strong></span> <span class='ocrx_word' id='word_1_227' title='bbox 1248 3316 1337 3380; x_wconf 83' lang='lat' dir='ltr'><strong>vobis</strong></span> <span class='ocrx_word' id='word_1_228' title='bbox 1355 3315 1444 3390; x_wconf 74' lang='lat' dir='ltr'><strong>sinpo-</strong></span> 
     </span>
     <span class='ocr_line' id='line_1_30' title="bbox 353 3413 1443 3500; baseline -0.002 -20"><span class='ocrx_word' id='word_1_229' title='bbox 353 3413 470 3480; x_wconf 90' lang='lat' dir='ltr'><strong>lariter</strong></span> <span class='ocrx_word' id='word_1_230' title='bbox 489 3415 592 3481; x_wconf 81' lang='lat' dir='ltr'><strong>olleo</strong></span> <span class='ocrx_word' id='word_1_231' title='bbox 613 3435 762 3483; x_wconf 88' lang='lat' dir='ltr'><strong>concessa</strong></span> <span class='ocrx_word' id='word_1_232' title='bbox 785 3419 964 3500; x_wconf 88' lang='lat' dir='ltr'><strong>disponitis,</strong></span> <span class='ocrx_word' id='word_1_233' title='bbox 980 3428 1018 3483; x_wconf 93' lang='lat' dir='ltr'><strong>nt</strong></span> <span class='ocrx_word' id='word_1_234' title='bbox 1038 3437 1146 3500; x_wconf 89' lang='lat' dir='ltr'><strong>neque</strong></span> <span class='ocrx_word' id='word_1_235' title='bbox 1166 3419 1205 3482; x_wconf 88' lang='lat' dir='ltr'><strong>ds</strong></span> <span class='ocrx_word' id='word_1_236' title='bbox 1228 3418 1389 3497; x_wconf 74' lang='lat' dir='ltr'><strong>religione,</strong></span> <span class='ocrx_word' id='word_1_237' title='bbox 1402 3428 1443 3472; x_wconf 79' lang='lat' dir='ltr'><strong>nc·</strong></span> 
     </span>
     <span class='ocr_line' id='line_1_31' title="bbox 355 3517 1443 3602; baseline 0 -22"><span class='ocrx_word' id='word_1_238' title='bbox 355 3535 421 3598; x_wconf 88' lang='lat' dir='ltr'><strong>qne</strong></span> <span class='ocrx_word' id='word_1_239' title='bbox 441 3518 482 3582; x_wconf 93' lang='lat' dir='ltr'><strong>do</strong></span> <span class='ocrx_word' id='word_1_240' title='bbox 501 3517 612 3600; x_wconf 88' lang='lat' dir='ltr'><strong>aliquo</strong></span> <span class='ocrx_word' id='word_1_241' title='bbox 628 3520 828 3602; x_wconf 87' lang='lat' dir='ltr'><strong>praejudicio</strong></span> <span class='ocrx_word' id='word_1_242' title='bbox 849 3519 986 3602; x_wconf 86' lang='lat' dir='ltr'><strong>quilibet</strong></span> <span class='ocrx_word' id='word_1_243' title='bbox 1006 3521 1150 3584; x_wconf 84' lang='lat' dir='ltr'><strong>bdelium</strong></span> <span class='ocrx_word' id='word_1_244' title='bbox 1164 3521 1367 3584; x_wconf 88' lang='lat' dir='ltr'><strong>sacerdotum</strong></span> <span class='ocrx_word' id='word_1_245' title='bbox 1386 3529 1443 3594; x_wconf 80' lang='lat' dir='ltr'><strong>pot·</strong></span> 
     </span>
     <span class='ocr_line' id='line_1_32' title="bbox 355 3613 1444 3704; baseline -0.007 -20"><span class='ocrx_word' id='word_1_246' title='bbox 355 3619 398 3684; x_wconf 91' lang='lat' dir='ltr'><strong>sit</strong></span> <span class='ocrx_word' id='word_1_247' title='bbox 412 3621 443 3682; x_wconf 88' lang='lat' dir='ltr'><strong>in</strong></span> <span class='ocrx_word' id='word_1_248' title='bbox 458 3620 603 3700; x_wconf 91' lang='lat' dir='ltr'><strong>qualibet</strong></span> <span class='ocrx_word' id='word_1_249' title='bbox 625 3631 716 3702; x_wconf 86' lang='lat' dir='ltr'><strong>parta</strong></span> <span class='ocrx_word' id='word_1_250' title='bbox 732 3624 858 3687; x_wconf 83' lang='lat' dir='ltr'><strong>vexari.</strong></span> <span class='ocrx_word' id='word_1_251' title='bbox 877 3621 1047 3686; x_wconf 83' lang='lat' dir='ltr'><strong>llationem</strong></span> <span class='ocrx_word' id='word_1_252' title='bbox 1070 3623 1118 3686; x_wconf 91' lang='lat' dir='ltr'><strong>bis</strong></span> <span class='ocrx_word' id='word_1_253' title='bbox 1139 3623 1239 3702; x_wconf 78' lang='lat' dir='ltr'><strong>igitur</strong></span> <span class='ocrx_word' id='word_1_254' title='bbox 1258 3621 1365 3704; x_wconf 80' lang='lat' dir='ltr'><strong>(prout</strong></span> <span class='ocrx_word' id='word_1_255' title='bbox 1377 3613 1444 3680; x_wconf 88' lang='lat' dir='ltr'><strong>clari·</strong></span> 
     </span>
     <span class='ocr_line' id='line_1_33' title="bbox 355 3713 1443 3810; baseline 0.002 -26"><span class='ocrx_word' id='word_1_256' title='bbox 355 3721 527 3785; x_wconf 89' lang='lat' dir='ltr'><strong>stianitatia</strong></span> <span class='ocrx_word' id='word_1_257' title='bbox 542 3729 669 3787; x_wconf 81' lang='lat' dir='ltr'><strong>restrae</strong></span> <span class='ocrx_word' id='word_1_258' title='bbox 685 3724 836 3788; x_wconf 88' lang='lat' dir='ltr'><strong>meritum</strong></span> <span class='ocrx_word' id='word_1_259' title='bbox 853 3713 1048 3804; x_wconf 81' lang='lat' dir='ltr'><strong>postulabat)</strong></span> <span class='ocrx_word' id='word_1_260' title='bbox 1065 3723 1097 3786; x_wconf 89' lang='lat' dir='ltr'><strong>io</strong></span> <span class='ocrx_word' id='word_1_261' title='bbox 1114 3731 1273 3810; x_wconf 89' lang='lat' dir='ltr'><strong>quantum</strong></span> <span class='ocrx_word' id='word_1_262' title='bbox 1289 3719 1443 3786; x_wconf 79' lang='lat' dir='ltr'><strong>vetuimus</strong></span> 
     </span>
     <span class='ocr_line' id='line_1_34' title="bbox 356 3809 1442 3907; baseline -0.003 -22"><span class='ocrx_word' id='word_1_263' title='bbox 356 3820 532 3887; x_wconf 91' lang='lat' dir='ltr'><strong>reddidisse</strong></span> <span class='ocrx_word' id='word_1_264' title='bbox 551 3821 874 3905; x_wconf 78' lang='lat' dir='ltr'><strong>subicia13qnsmrls</strong></span> <span class='ocrx_word' id='word_1_265' title='bbox 896 3843 953 3888; x_wconf 89' lang='lat' dir='ltr'><strong>nos</strong></span> <span class='ocrx_word' id='word_1_266' title='bbox 974 3824 1054 3888; x_wconf 89' lang='lat' dir='ltr'><strong>nibil</strong></span> <span class='ocrx_word' id='word_1_267' title='bbox 1075 3831 1188 3889; x_wconf 89' lang='lat' dir='ltr'><strong>contra</strong></span> <span class='ocrx_word' id='word_1_268' title='bbox 1208 3821 1381 3907; x_wconf 74' lang='lat' dir='ltr'><strong>synodalia,</strong></span> <span class='ocrx_word' id='word_1_269' title='bbox 1402 3809 1442 3876; x_wconf 75' lang='lat' dir='ltr'><strong>tel</strong></span> 
     </span>
     <span class='ocr_line' id='line_1_35' title="bbox 353 3923 1444 4007; baseline -0.005 -20"><span class='ocrx_word' id='word_1_270' title='bbox 353 3923 641 4003; x_wconf 87' lang='lat' dir='ltr'><strong>praedecessorum</strong></span> <span class='ocrx_word' id='word_1_271' title='bbox 657 3933 843 3990; x_wconf 89' lang='lat' dir='ltr'><strong>nostrorum</strong></span> <span class='ocrx_word' id='word_1_272' title='bbox 861 3925 1049 4007; x_wconf 87' lang='lat' dir='ltr'><strong>praesulum</strong></span> <span class='ocrx_word' id='word_1_273' title='bbox 1066 3923 1156 3990; x_wconf 87' lang='lat' dir='ltr'><strong>Sedis</strong></span> <span class='ocrx_word' id='word_1_274' title='bbox 1171 3924 1372 4005; x_wconf 78' lang='lat' dir='ltr'><strong>Apostolieas</strong></span> <span class='ocrx_word' id='word_1_275' title='bbox 1385 3929 1444 3979; x_wconf 79' lang='lat' dir='ltr'><strong>nott·</strong></span> 
     </span>
     <span class='ocr_line' id='line_1_36' title="bbox 354 4013 1443 4109; baseline -0.006 -19"><span class='ocrx_word' id='word_1_276' title='bbox 354 4025 482 4102; x_wconf 83' lang='lat' dir='ltr'><strong>stitnta,</strong></span> <span class='ocrx_word' id='word_1_277' title='bbox 514 4031 572 4090; x_wconf 90' lang='lat' dir='ltr'><strong>ant</strong></span> <span class='ocrx_word' id='word_1_278' title='bbox 600 4027 795 4091; x_wconf 88' lang='lat' dir='ltr'><strong>commisisse</strong></span> <span class='ocrx_word' id='word_1_279' title='bbox 823 4027 960 4109; x_wconf 89' lang='lat' dir='ltr'><strong>aliquid,</strong></span> <span class='ocrx_word' id='word_1_280' title='bbox 983 4033 1041 4090; x_wconf 90' lang='lat' dir='ltr'><strong>unt</strong></span> <span class='ocrx_word' id='word_1_281' title='bbox 1062 4033 1212 4102; x_wconf 89' lang='lat' dir='ltr'><strong>tentasse,</strong></span> <span class='ocrx_word' id='word_1_282' title='bbox 1234 4027 1396 4106; x_wconf 74' lang='lat' dir='ltr'><strong>quisquan</strong></span> <span class='ocrx_word' id='word_1_283' title='bbox 1413 4013 1443 4074; x_wconf 69' lang='lat' dir='ltr'><strong>li·</strong></span> 
     </span>
    </p>
   </div>
   <div class='ocr_carea' id='block_1_14' title="bbox 357 4117 1510 4208">
    <p class='ocr_par' dir='ltr' id='par_1_14' title="bbox 357 4117 1510 4208">
     <span class='ocr_line' id='line_1_37' title="bbox 357 4117 1510 4208; baseline -0.014 -19"><span class='ocrx_word' id='word_1_284' title='bbox 357 4131 410 4189; x_wconf 90' lang='lat' dir='ltr'><strong>cet</strong></span> <span class='ocrx_word' id='word_1_285' title='bbox 429 4133 556 4193; x_wconf 89' lang='lat' dir='ltr'><strong>astutos</strong></span> <span class='ocrx_word' id='word_1_286' title='bbox 570 4134 603 4190; x_wconf 90' lang='lat' dir='ltr'><strong>et</strong></span> <span class='ocrx_word' id='word_1_287' title='bbox 616 4127 743 4192; x_wconf 88' lang='lat' dir='ltr'><strong>subtilis</strong></span> <span class='ocrx_word' id='word_1_288' title='bbox 754 4127 903 4194; x_wconf 82' lang='lat' dir='ltr'><strong>inveniet.</strong></span> <span class='ocrx_word' id='word_1_289' title='bbox 918 4127 964 4192; x_wconf 84' lang='lat' dir='ltr'><strong>lla</strong></span> <span class='ocrx_word' id='word_1_290' title='bbox 981 4145 1070 4202; x_wconf 83' lang='lat' dir='ltr'><strong>sero,</strong></span> <span class='ocrx_word' id='word_1_291' title='bbox 1093 4144 1177 4208; x_wconf 92' lang='lat' dir='ltr'><strong>quae</strong></span> <span class='ocrx_word' id='word_1_292' title='bbox 1192 4124 1266 4190; x_wconf 90' lang='lat' dir='ltr'><strong>tidei</strong></span> <span class='ocrx_word' id='word_1_293' title='bbox 1287 4117 1441 4189; x_wconf 86' lang='lat' dir='ltr'><strong>catholicae</strong></span> <span class='ocrx_word' id='word_1_294' title='bbox 1509 4147 1510 4164; x_wconf 52' lang='lat' dir='ltr'><strong>t</strong></span> 
     </span>
    </p>
   </div>
   <div class='ocr_carea' id='block_1_15' title="bbox 356 4219 1440 4312">
    <p class='ocr_par' dir='ltr' id='par_1_15' title="bbox 356 4219 1440 4312">
     <span class='ocr_line' id='line_1_38' title="bbox 356 4219 1440 4312; baseline -0.007 -22"><span class='ocrx_word' id='word_1_295' title='bbox 356 4228 410 4292; x_wconf 81' lang='lat' dir='ltr'><strong>acl</strong></span> <span class='ocrx_word' id='word_1_296' title='bbox 431 4227 554 4291; x_wconf 89' lang='lat' dir='ltr'><strong>animae</strong></span> <span class='ocrx_word' id='word_1_297' title='bbox 576 4235 704 4292; x_wconf 91' lang='lat' dir='ltr'><strong>nostrae</strong></span> <span class='ocrx_word' id='word_1_298' title='bbox 725 4227 902 4310; x_wconf 79' lang='lat' dir='ltr'><strong>expediunt</strong></span> <span class='ocrx_word' id='word_1_299' title='bbox 919 4227 970 4308; x_wconf 84' lang='lat' dir='ltr'><strong>(dc</strong></span> <span class='ocrx_word' id='word_1_300' title='bbox 991 4243 1056 4312; x_wconf 89' lang='lat' dir='ltr'><strong>qua</strong></span> <span class='ocrx_word' id='word_1_301' title='bbox 1074 4219 1158 4294; x_wconf 86' lang='lat' dir='ltr'><strong>sicut</strong></span> <span class='ocrx_word' id='word_1_302' title='bbox 1179 4225 1268 4293; x_wconf 87' lang='lat' dir='ltr'><strong>norit</strong></span> <span class='ocrx_word' id='word_1_303' title='bbox 1289 4225 1381 4308; x_wconf 85' lang='lat' dir='ltr'><strong>pietas</strong></span> <span class='ocrx_word' id='word_1_304' title='bbox 1400 4235 1440 4282; x_wconf 75' lang='lat' dir='ltr'><strong>re</strong></span> 
     </span>
    </p>
   </div>
   <div class='ocr_carea' id='block_1_16' title="bbox 0 0 1544 4950">
    <p class='ocr_par' dir='ltr' id='par_1_16' title="bbox 0 0 1544 4950">
     <span class='ocr_line' id='line_1_39' title="bbox 0 0 1544 4950; baseline 0 0"><span class='ocrx_word' id='word_1_305' title='bbox 0 0 1544 4950; x_wconf 95' lang='lat' dir='ltr'><strong> </strong></span> 
     </span>
    </p>
   </div>
  </div>
 </body>
</html>
