3048 4946
339 340 402 414 tie

567 493 569 502 ι
671 497 675 506 ,
762 443 902 516 cotun
924 443 1031 512 xvtt.

342 655 450 723 Cetera
469 654 620 720 adossms
633 649 825 716 Facundum
845 648 932 712 cisoa
952 647 1090 714 camdem
1111 643 1184 710 liae
1204 644 1392 728 inscriptam
1407 646 1445 711 Ε-

374 757 530 840 pietatum
556 754 763 819 enucleantur
789 752 989 824 documenta,
1005 748 1191 830 praeustim
1210 767 1251 832 ea
1276 745 1446 814 metuunt

379 857 604 923 cmholieorum
625 871 696 918 eum
723 849 897 928 severianis
915 849 1060 932 repetitu,
1079 848 1194 933 quihus
1220 859 1365 916 nocuum
1385 869 1448 914 ssa·

377 959 426 1040 ais
446 961 595 1041 firmatur
615 963 850 1037 assumentum.

343 1201 396 1328 St
419 1279 496 1328 seso
516 1260 601 1341 quis,
623 1266 657 1324 et
678 1260 726 1324 his
747 1278 811 1324 nou
832 1259 1034 1324 ohstsutihus
1054 1257 1320 1336 discussionibus,
1341 1257 1448 1324 adhue

337 1365 463 1430 tiuhitet
476 1363 516 1426 da
533 1361 665 1428 Puteum
682 1361 983 1428 chalcedonensium
1001 1369 1107 1426 menta
1127 1361 1159 1424 in
1172 1378 1271 1424 esum
1288 1357 1366 1424 lhaa
1387 1371 1448 1424 tra-

337 1465 455 1532 ctanda
476 1465 578 1528 aelate
599 1463 639 1527 ad
670 1463 753 1528 hano
774 1463 952 1544 Epistulam
976 1465 1008 1527 in
1028 1460 1066 1526 V.
1089 1460 1219 1546 synodo
1251 1461 1445 1538 mmmmm,
1521 1476 1522 1542 i

336 1584 464 1632 mecum
481 1566 606 1630 incedat
621 1572 843 1642 assumturus,
858 1565 935 1646 quid
952 1567 1038 1630 cisoa
1056 1582 1175 1630 annam
1189 1561 1263 1630 531.
1276 1572 1388 1630 aetum
1402 1569 1448 1628 asi

338 1670 373 1734 in
391 1667 576 1734 collatione
598 1667 705 1732 hahita
727 1666 1004 1748 Constantinopoli
1024 1669 1109 1732 intes
1129 1668 1317 1731 severianos
1337 1675 1372 1730 at
1390 1664 1446 1732 Cs-

332 1769 475 1834 thoiieos
489 1769 529 1832 da
556 1768 720 1832 nonnuliis
738 1769 882 1832 tractatis
900 1770 932 1832 in
953 1769 1020 1847 ipsa
1031 1763 1161 1853 Synodo
1175 1765 1441 1846 chalcedonensi3

333 1868 493 1936 adversus
506 1885 592 1950 quae
604 1869 763 1934 severiani
779 1868 920 1932 animose
935 1869 1191 1933 insurrexerant.
1204 1866 1249 1932 Et
1259 1868 1302 1932 oh
1318 1868 1380 1932 hoc
1391 1866 1446 1930 hs·

274 2051 282 2060 ,
334 1974 499 2038 sensatos
522 1973 555 2034 in
569 1968 672 2035 Tamo
689 1969 730 2036 it.
748 1968 956 2036 Bibliothecae
973 1967 1146 2034 Orientalis
1161 1987 1191 2050 p.
1214 1966 1268 2036 89.
1284 1970 1325 2034 da
1342 1970 1391 2034 his
1403 1969 1446 2032 lo·
1522 1989 1523 1994 ¹

333 2081 432 2140 cutus
448 2074 564 2155 lnquit,
581 2071 834 2154 quadringentos
850 2074 970 2138 sienae
994 2072 1227 2158 monophysitis
1238 2072 1336 2154 jussu
1349 2069 1369 2135 J
1372 2070 1444 2134 nati

337 2177 424 2240 niani
445 2175 596 2240 hahuisse
617 2173 820 2256 lnequeutios
841 2191 916 2238 cum
931 2172 1107 2240 Catholicis
1121 2173 1375 2253 disputationem
1389 2185 1443 2252 pet

334 2275 411 2340 tuni
425 2275 577 2356 spatium,
590 2275 669 2355 quin
685 2282 792 2338 tamen
806 2275 980 2356 qnisquam
993 2293 1012 2337 a
1025 2293 1085 2340 sna
1101 2274 1253 2356 opinione
1267 2275 1440 2338 nemnem

335 2375 373 2442 ln
387 2378 448 2443 hac
469 2396 570 2459 porro
585 2377 768 2444 Collatinus
785 2386 1072 2458 repraesententur
1088 2378 1244 2443 haeretici
1259 2377 1358 2442 duhia
1373 2393 1443 2457 pso·

334 2486 488 2561 ponentes
497 2501 509 2558 ς
531 2479 649 2560 quihus
669 2479 856 2559 singillatim
881 2479 912 2542 in
928 2496 1063 2560 persona
1079 2478 1244 2546 Ecclesiae
1258 2478 1441 2547 Catholicae

336 2578 510 2660 respondet
530 2577 692 2661 Hypatius
714 2579 897 2659 epscopus.

416 2677 451 2743 ln
473 2680 555 2745 hano
575 2697 676 2760 posco
697 2680 946 2759 disputationem
975 2679 1134 2758 ineuntes,
1156 2677 1195 2743 ad
1223 2680 1440 2761 quaestionem

334 2779 412 2848 inse
428 2789 466 2852 ,et
485 2778 680 2848 Theodoseti
702 2790 941 2862 pervenerunt;
970 2781 1009 2846 de
1030 2781 1150 2862 quihus
1177 2781 1337 2846 severiani
1357 2780 1441 2844 diss-

328 2889 433 2948 ‚runis
451 2903 468 2944 u
485 2881 556 2948 lhos
571 2901 650 2980 orgo
671 2893 704 2947 et
724 2881 948 2950 Theodoretus
968 2885 1063 2950 sicuti
1086 2889 1194 2948 rectae
1209 2883 1283 2946 iidei
1303 2879 1440 2962 suscepti

333 2989 410 3046 aunt
429 3000 447 3045 a
468 2982 611 3064 Synodo,
643 2993 676 3048 et
696 2982 782 3049 sicut
802 2992 910 3048 rectae
931 2984 1003 3048 lidei
1025 2985 1057 3047 in
1079 2983 1193 3048 divinis
1214 2984 1373 3068 diptychis
1394 3001 1441 3048 ss·

333 3081 487 3146 citantur.
504 3103 521 3142 a
539 3083 580 3149 Et
600 3087 733 3167 explosa
755 3086 938 3168 objectione
952 3086 994 3148 ah
1015 3085 1157 3171 Hypatio
1172 3086 1312 3161 dicente,
1334 3085 1439 3150 ambos

333 3179 523 3248 Nestorium
544 3187 853 3252 anathematizantes
872 3194 1039 3269 susceptos
1060 3187 1161 3252 luisse
1177 3187 1208 3250 in
1228 3197 1340 3252 saneto
1360 3188 1439 3254 Cou-

335 3284 425 3362 cilio,
447 3287 663 3354 subdiderunt
692 3287 975 3354 contradicentes:
993 3311 1010 3349 s
1029 3288 1070 3353 Et
1093 3289 1165 3352 lhas
1184 3307 1266 3371 ergo
1285 3291 1369 3371 juste
1387 3307 1440 3354 sn·

333 3394 463 3468 sceptus
485 3395 572 3454 eata
602 3390 847 3456 chalcedonensi
869 3388 1026 3475 Synodo'?
1055 3389 1236 3472 Episcopus
1257 3389 1435 3473 respondit:

335 3482 412 3549 lhae
432 3495 465 3551 et
484 3491 708 3554 accusantium
727 3509 805 3554 suns
821 3490 982 3573 iudicium
1003 3509 1045 3554 ex
1066 3491 1227 3570 imperiali
1247 3493 1435 3558 auctoritate

337 3583 522 3665 delegatum
543 3595 592 3653 est
616 3588 732 3655 l’hotio
755 3591 905 3672 episcopo
922 3588 1013 3677 Tyri,
1038 3599 1070 3656 et
1090 3590 1265 3657 Eustathic
1288 3593 1392 3668 Basili,
1407 3595 1436 3654 et

339 3683 463 3753 Urania
484 3688 696 3756 llimesorum
718 3693 897 3773 episeopis:
914 3695 971 3774 qni
992 3695 1244 3760 reverentissimi
1268 3698 1327 3760 sisi
1345 3703 1373 3758 et
1393 3693 1435 3756 ni·

335 3789 439 3854 mium
461 3792 631 3857 horrentes
652 3790 795 3858 Nestorii
817 3794 1046 3876 blasphemias,
1079 3814 1153 3861 eum
1175 3798 1262 3862 omui
1283 3795 1432 3876 diligentis

336 3890 555 3971 discutientes,
578 3912 647 3958 cum
661 3892 773 3974 (liam)
794 3893 964 3962 immunem
984 3905 1012 3960 et
1031 3895 1101 3962 sius
1120 3898 1216 3978 eulpa
1236 3901 1431 3962 damnasset:

334 3990 431 4056 sicuti
452 3999 523 4055 acta
538 3995 683 4074 ipsorum
705 4005 737 4060 et
764 3996 881 4061 relatio
900 3998 1114 4063 manilestant.
1132 3997 1240 4076 Quam
1261 4017 1334 4080 espa
1349 3992 1428 4076 judi·

332 4109 386 4157 ces
396 4091 672 4174 iustihcasesunt,
687 4097 853 4176 quomodo
868 4095 1047 4164 Concilium
1063 4108 1191 4181 poterat
1205 4089 1428 4168 condemnate?
