<?xml version="1.0" encoding="UTF-8"?>
<!DOCTYPE html PUBLIC "-//W3C//DTD XHTML 1.0 Transitional//EN"
    "http://www.w3.org/TR/xhtml1/DTD/xhtml1-transitional.dtd">
<html xmlns="http://www.w3.org/1999/xhtml" xml:lang="en" lang="en">
 <head>
  <title>
</title>
<meta http-equiv="Content-Type" content="text/html;charset=utf-8" />
  <meta name='ocr-system' content='tesseract 3.04.00' />
  <meta name='ocr-capabilities' content='ocr_page ocr_carea ocr_par ocr_line ocrx_word'/>
</head>
<body>
  <div class='ocr_page' id='page_1' title='image "./insgregoriinyss01vincgoog/insgregoriinyss01vincgoog_0691.png"; bbox 0 0 3066 4950; ppageno 0'>
   <div class='ocr_carea' id='block_1_1' title="bbox 282 459 1430 3797">
    <p class='ocr_par' dir='ltr' id='par_1_1' title="bbox 317 459 1426 733">
     <span class='ocr_line' id='line_1_1' title="bbox 317 459 1425 548; baseline -0.002 -18"><span class='ocrx_word' id='word_1_1' title='bbox 317 464 443 548; x_wconf 81' lang='lat' dir='ltr'><strong>putarit</strong></span> <span class='ocrx_word' id='word_1_2' title='bbox 456 462 640 545; x_wconf 75' lang='lat' dir='ltr'><strong>Oriflcuem.</strong></span> <span class='ocrx_word' id='word_1_3' title='bbox 658 463 815 542; x_wconf 85' lang='lat' dir='ltr'><strong>Quamvis</strong></span> <span class='ocrx_word' id='word_1_4' title='bbox 835 461 951 529; x_wconf 86' lang='lat' dir='ltr'><strong>delude</strong></span> <span class='ocrx_word' id='word_1_5' title='bbox 971 465 1003 530; x_wconf 88' lang='lat' dir='ltr'><strong>iu</strong></span> <span class='ocrx_word' id='word_1_6' title='bbox 1022 480 1058 528; x_wconf 88' lang='lat' dir='ltr'><strong>se</strong></span> <span class='ocrx_word' id='word_1_7' title='bbox 1080 462 1200 528; x_wconf 84' lang='lat' dir='ltr'><strong>iactum</strong></span> <span class='ocrx_word' id='word_1_8' title='bbox 1224 459 1425 528; x_wconf 81' lang='lat' dir='ltr'><strong>bietbosliuus</strong></span> 
     </span>
     <span class='ocr_line' id='line_1_2' title="bbox 317 560 1426 648; baseline -0.003 -20"><span class='ocrx_word' id='word_1_9' title='bbox 317 563 512 648; x_wconf 74' lang='lat' dir='ltr'><strong>palinodiam</strong></span> <span class='ocrx_word' id='word_1_10' title='bbox 533 566 685 630; x_wconf 71' lang='lat' dir='ltr'><strong>cecinisse</strong></span> <span class='ocrx_word' id='word_1_11' title='bbox 706 568 937 648; x_wconf 73' lang='lat' dir='ltr'><strong>comperimus,</strong></span> <span class='ocrx_word' id='word_1_12' title='bbox 959 567 1008 630; x_wconf 92' lang='lat' dir='ltr'><strong>uti</strong></span> <span class='ocrx_word' id='word_1_13' title='bbox 1028 564 1182 642; x_wconf 89' lang='lat' dir='ltr'><strong>superins</strong></span> <span class='ocrx_word' id='word_1_14' title='bbox 1203 565 1235 628; x_wconf 92' lang='lat' dir='ltr'><strong>iu</strong></span> <span class='ocrx_word' id='word_1_15' title='bbox 1257 563 1356 628; x_wconf 82' lang='lat' dir='ltr'><strong>Parte</strong></span> <span class='ocrx_word' id='word_1_16' title='bbox 1370 560 1426 626; x_wconf 87' lang='lat' dir='ltr'><strong>ill.</strong></span> 
     </span>
     <span class='ocr_line' id='line_1_3' title="bbox 317 665 521 733; baseline -0.01 -2"><span class='ocrx_word' id='word_1_17' title='bbox 317 665 439 733; x_wconf 83' lang='lat' dir='ltr'><strong>dicium</strong></span> <span class='ocrx_word' id='word_1_18' title='bbox 462 674 521 730; x_wconf 91' lang='lat' dir='ltr'><strong>est.</strong></span> 
     </span>
    </p>

    <p class='ocr_par' dir='ltr' id='par_1_2' title="bbox 282 766 1430 2166">
     <span class='ocr_line' id='line_1_4' title="bbox 399 766 1428 852; baseline -0.003 -20"><span class='ocrx_word' id='word_1_19' title='bbox 399 769 549 838; x_wconf 89' lang='lat' dir='ltr'><strong>Attamen</strong></span> <span class='ocrx_word' id='word_1_20' title='bbox 569 768 594 834; x_wconf 92' lang='lat' dir='ltr'><strong>si</strong></span> <span class='ocrx_word' id='word_1_21' title='bbox 617 766 803 835; x_wconf 72' lang='lat' dir='ltr'><strong>Methodici</strong></span> <span class='ocrx_word' id='word_1_22' title='bbox 824 769 973 852; x_wconf 81' lang='lat' dir='ltr'><strong>resipuit,</strong></span> <span class='ocrx_word' id='word_1_23' title='bbox 995 785 1060 834; x_wconf 93' lang='lat' dir='ltr'><strong>unu</strong></span> <span class='ocrx_word' id='word_1_24' title='bbox 1088 767 1162 832; x_wconf 89' lang='lat' dir='ltr'><strong>ideo</strong></span> <span class='ocrx_word' id='word_1_25' title='bbox 1184 772 1353 832; x_wconf 74' lang='lat' dir='ltr'><strong>cessurum</strong></span> <span class='ocrx_word' id='word_1_26' title='bbox 1372 783 1428 830; x_wconf 85' lang='lat' dir='ltr'><strong>uec</strong></span> 
     </span>
     <span class='ocr_line' id='line_1_5' title="bbox 317 865 1429 952; baseline -0.007 -16"><span class='ocrx_word' id='word_1_27' title='bbox 317 871 377 952; x_wconf 89' lang='lat' dir='ltr'><strong>ipsi</strong></span> <span class='ocrx_word' id='word_1_28' title='bbox 396 871 513 949; x_wconf 89' lang='lat' dir='ltr'><strong>libelli,</strong></span> <span class='ocrx_word' id='word_1_29' title='bbox 531 889 590 936; x_wconf 90' lang='lat' dir='ltr'><strong>nec</strong></span> <span class='ocrx_word' id='word_1_30' title='bbox 610 871 861 936; x_wconf 72' lang='lat' dir='ltr'><strong>obtrectantium</strong></span> <span class='ocrx_word' id='word_1_31' title='bbox 888 872 1031 951; x_wconf 72' lang='lat' dir='ltr'><strong>liuguae,</strong></span> <span class='ocrx_word' id='word_1_32' title='bbox 1046 887 1106 934; x_wconf 86' lang='lat' dir='ltr'><strong>uae</strong></span> <span class='ocrx_word' id='word_1_33' title='bbox 1126 868 1291 944; x_wconf 72' lang='lat' dir='ltr'><strong>illusores,</strong></span> <span class='ocrx_word' id='word_1_34' title='bbox 1313 885 1374 930; x_wconf 87' lang='lat' dir='ltr'><strong>uec</strong></span> <span class='ocrx_word' id='word_1_35' title='bbox 1393 865 1429 928; x_wconf 91' lang='lat' dir='ltr'><strong>il·</strong></span> 
     </span>
     <span class='ocr_line' id='line_1_6' title="bbox 315 963 1428 1052; baseline -0.005 -16"><span class='ocrx_word' id='word_1_36' title='bbox 315 971 448 1038; x_wconf 70' lang='lat' dir='ltr'><strong>lucilli</strong></span> <span class='ocrx_word' id='word_1_37' title='bbox 468 991 545 1038; x_wconf 82' lang='lat' dir='ltr'><strong>sene</strong></span> <span class='ocrx_word' id='word_1_38' title='bbox 565 973 606 1038; x_wconf 85' lang='lat' dir='ltr'><strong>ub</strong></span> <span class='ocrx_word' id='word_1_39' title='bbox 621 973 670 1037; x_wconf 89' lang='lat' dir='ltr'><strong>bis</strong></span> <span class='ocrx_word' id='word_1_40' title='bbox 691 973 809 1036; x_wconf 90' lang='lat' dir='ltr'><strong>libellis</strong></span> <span class='ocrx_word' id='word_1_41' title='bbox 831 971 1045 1052; x_wconf 78' lang='lat' dir='ltr'><strong>Epiphanius,</strong></span> <span class='ocrx_word' id='word_1_42' title='bbox 1067 969 1283 1051; x_wconf 84' lang='lat' dir='ltr'><strong>Tbeopbilus,</strong></span> <span class='ocrx_word' id='word_1_43' title='bbox 1299 973 1333 1032; x_wconf 88' lang='lat' dir='ltr'><strong>et</strong></span> <span class='ocrx_word' id='word_1_44' title='bbox 1354 963 1428 1031; x_wconf 86' lang='lat' dir='ltr'><strong>tlte·</strong></span> 
     </span>
     <span class='ocr_line' id='line_1_7' title="bbox 317 1067 1427 1157; baseline -0.004 -20"><span class='ocrx_word' id='word_1_45' title='bbox 317 1091 473 1157; x_wconf 77' lang='lat' dir='ltr'><strong>rouymus</strong></span> <span class='ocrx_word' id='word_1_46' title='bbox 494 1073 666 1154; x_wconf 86' lang='lat' dir='ltr'><strong>improvidi</strong></span> <span class='ocrx_word' id='word_1_47' title='bbox 688 1073 816 1138; x_wconf 86' lang='lat' dir='ltr'><strong>easdem</strong></span> <span class='ocrx_word' id='word_1_48' title='bbox 838 1074 1026 1154; x_wconf 77' lang='lat' dir='ltr'><strong>colligentes</strong></span> <span class='ocrx_word' id='word_1_49' title='bbox 1047 1073 1300 1146; x_wconf 76' lang='lat' dir='ltr'><strong>criminationes,</strong></span> <span class='ocrx_word' id='word_1_50' title='bbox 1314 1067 1427 1149; x_wconf 64' lang='lat' dir='ltr'><strong>Orige-</strong></span> 
     </span>
     <span class='ocr_line' id='line_1_8' title="bbox 282 1171 1426 1254; baseline -0.005 -16"><span class='ocrx_word' id='word_1_51' title='bbox 282 1229 286 1238; x_wconf 30' lang='lat' dir='ltr'><strong>a</strong></span> <span class='ocrx_word' id='word_1_52' title='bbox 316 1190 389 1238; x_wconf 88' lang='lat' dir='ltr'><strong>uem</strong></span> <span class='ocrx_word' id='word_1_53' title='bbox 410 1174 547 1254; x_wconf 84' lang='lat' dir='ltr'><strong>ejusque</strong></span> <span class='ocrx_word' id='word_1_54' title='bbox 568 1176 686 1253; x_wconf 89' lang='lat' dir='ltr'><strong>scripta</strong></span> <span class='ocrx_word' id='word_1_55' title='bbox 702 1174 898 1240; x_wconf 86' lang='lat' dir='ltr'><strong>anathemati</strong></span> <span class='ocrx_word' id='word_1_56' title='bbox 917 1173 1139 1254; x_wconf 83' lang='lat' dir='ltr'><strong>subjecerunt.</strong></span> <span class='ocrx_word' id='word_1_57' title='bbox 1157 1172 1238 1238; x_wconf 84' lang='lat' dir='ltr'><strong>tren</strong></span> <span class='ocrx_word' id='word_1_58' title='bbox 1253 1171 1294 1235; x_wconf 85' lang='lat' dir='ltr'><strong>ab</strong></span> <span class='ocrx_word' id='word_1_59' title='bbox 1308 1171 1426 1234; x_wconf 79' lang='lat' dir='ltr'><strong>eisdem</strong></span> 
     </span>
     <span class='ocr_line' id='line_1_9' title="bbox 319 1272 1426 1354; baseline 0 -18"><span class='ocrx_word' id='word_1_60' title='bbox 319 1272 452 1348; x_wconf 86' lang='lat' dir='ltr'><strong>libeliis,</strong></span> <span class='ocrx_word' id='word_1_61' title='bbox 467 1275 596 1340; x_wconf 89' lang='lat' dir='ltr'><strong>ineunte</strong></span> <span class='ocrx_word' id='word_1_62' title='bbox 610 1275 723 1340; x_wconf 87' lang='lat' dir='ltr'><strong>seculo</strong></span> <span class='ocrx_word' id='word_1_63' title='bbox 740 1273 779 1338; x_wconf 83' lang='lat' dir='ltr'><strong>V.</strong></span> <span class='ocrx_word' id='word_1_64' title='bbox 799 1282 835 1338; x_wconf 94' lang='lat' dir='ltr'><strong>ut</strong></span> <span class='ocrx_word' id='word_1_65' title='bbox 847 1276 927 1351; x_wconf 83' lang='lat' dir='ltr'><strong>diui,</strong></span> <span class='ocrx_word' id='word_1_66' title='bbox 951 1272 1122 1354; x_wconf 71' lang='lat' dir='ltr'><strong>Antipater</strong></span> <span class='ocrx_word' id='word_1_67' title='bbox 1142 1276 1286 1339; x_wconf 87' lang='lat' dir='ltr'><strong>malitiae</strong></span> <span class='ocrx_word' id='word_1_68' title='bbox 1300 1273 1426 1338; x_wconf 86' lang='lat' dir='ltr'><strong>ucsoins</strong></span> 
     </span>
     <span class='ocr_line' id='line_1_10' title="bbox 317 1375 1428 1456; baseline -0.002 -16"><span class='ocrx_word' id='word_1_69' title='bbox 317 1375 361 1440; x_wconf 90' lang='lat' dir='ltr'><strong>ibi</strong></span> <span class='ocrx_word' id='word_1_70' title='bbox 382 1376 579 1453; x_wconf 86' lang='lat' dir='ltr'><strong>occultatae,</strong></span> <span class='ocrx_word' id='word_1_71' title='bbox 601 1377 714 1440; x_wconf 87' lang='lat' dir='ltr'><strong>eadem</strong></span> <span class='ocrx_word' id='word_1_72' title='bbox 736 1377 863 1455; x_wconf 89' lang='lat' dir='ltr'><strong>putarit</strong></span> <span class='ocrx_word' id='word_1_73' title='bbox 883 1378 923 1440; x_wconf 89' lang='lat' dir='ltr'><strong>de</strong></span> <span class='ocrx_word' id='word_1_74' title='bbox 943 1375 1096 1456; x_wconf 75' lang='lat' dir='ltr'><strong>Origene.</strong></span> <span class='ocrx_word' id='word_1_75' title='bbox 1128 1375 1231 1456; x_wconf 76' lang='lat' dir='ltr'><strong>Cuius</strong></span> <span class='ocrx_word' id='word_1_76' title='bbox 1256 1393 1341 1456; x_wconf 88' lang='lat' dir='ltr'><strong>opus</strong></span> <span class='ocrx_word' id='word_1_77' title='bbox 1362 1393 1428 1438; x_wconf 81' lang='lat' dir='ltr'><strong>rso·</strong></span> 
     </span>
     <span class='ocr_line' id='line_1_11' title="bbox 320 1477 1429 1559; baseline -0.001 -17"><span class='ocrx_word' id='word_1_78' title='bbox 320 1477 413 1542; x_wconf 89' lang='lat' dir='ltr'><strong>uucbi</strong></span> <span class='ocrx_word' id='word_1_79' title='bbox 429 1477 676 1559; x_wconf 87' lang='lat' dir='ltr'><strong>palaestineoses</strong></span> <span class='ocrx_word' id='word_1_80' title='bbox 698 1478 891 1543; x_wconf 90' lang='lat' dir='ltr'><strong>obtulerunt</strong></span> <span class='ocrx_word' id='word_1_81' title='bbox 907 1477 1115 1559; x_wconf 77' lang='lat' dir='ltr'><strong>prruemi03</strong></span> <span class='ocrx_word' id='word_1_82' title='bbox 1130 1479 1187 1558; x_wconf 89' lang='lat' dir='ltr'><strong>qni</strong></span> <span class='ocrx_word' id='word_1_83' title='bbox 1208 1478 1334 1557; x_wconf 86' lang='lat' dir='ltr'><strong>pariter</strong></span> <span class='ocrx_word' id='word_1_84' title='bbox 1354 1477 1429 1541; x_wconf 86' lang='lat' dir='ltr'><strong>diui·</strong></span> 
     </span>
     <span class='ocr_line' id='line_1_12' title="bbox 304 1579 1430 1663; baseline -0.003 -19"><span class='ocrx_word' id='word_1_85' title='bbox 304 1589 389 1654; x_wconf 88' lang='lat' dir='ltr'><strong>tur,</strong></span> <span class='ocrx_word' id='word_1_86' title='bbox 411 1579 551 1644; x_wconf 89' lang='lat' dir='ltr'><strong>adunata</strong></span> <span class='ocrx_word' id='word_1_87' title='bbox 568 1579 697 1663; x_wconf 76' lang='lat' dir='ltr'><strong>synodo</strong></span> <span class='ocrx_word' id='word_1_88' title='bbox 713 1581 917 1658; x_wconf 87' lang='lat' dir='ltr'><strong>Antiochiae,</strong></span> <span class='ocrx_word' id='word_1_89' title='bbox 933 1582 1101 1645; x_wconf 84' lang='lat' dir='ltr'><strong>innovasse</strong></span> <span class='ocrx_word' id='word_1_90' title='bbox 1121 1579 1305 1659; x_wconf 86' lang='lat' dir='ltr'><strong>auatbema;</strong></span> <span class='ocrx_word' id='word_1_91' title='bbox 1326 1586 1362 1641; x_wconf 85' lang='lat' dir='ltr'><strong>et</strong></span> <span class='ocrx_word' id='word_1_92' title='bbox 1378 1597 1430 1642; x_wconf 91' lang='lat' dir='ltr'><strong>sn·</strong></span> 
     </span>
     <span class='ocr_line' id='line_1_13' title="bbox 319 1676 1429 1770; baseline -0.002 -26"><span class='ocrx_word' id='word_1_93' title='bbox 319 1698 378 1760; x_wconf 89' lang='lat' dir='ltr'><strong>per</strong></span> <span class='ocrx_word' id='word_1_94' title='bbox 399 1679 480 1742; x_wconf 88' lang='lat' dir='ltr'><strong>illud</strong></span> <span class='ocrx_word' id='word_1_95' title='bbox 503 1697 584 1758; x_wconf 88' lang='lat' dir='ltr'><strong>opus</strong></span> <span class='ocrx_word' id='word_1_96' title='bbox 610 1680 737 1745; x_wconf 84' lang='lat' dir='ltr'><strong>culumo</strong></span> <span class='ocrx_word' id='word_1_97' title='bbox 759 1680 885 1745; x_wconf 83' lang='lat' dir='ltr'><strong>iurtiso</strong></span> <span class='ocrx_word' id='word_1_98' title='bbox 913 1683 1071 1770; x_wconf 84' lang='lat' dir='ltr'><strong>instructa</strong></span> <span class='ocrx_word' id='word_1_99' title='bbox 1093 1680 1155 1745; x_wconf 87' lang='lat' dir='ltr'><strong>luit</strong></span> <span class='ocrx_word' id='word_1_100' title='bbox 1176 1679 1298 1744; x_wconf 84' lang='lat' dir='ltr'><strong>lamosa</strong></span> <span class='ocrx_word' id='word_1_101' title='bbox 1330 1676 1429 1742; x_wconf 79' lang='lat' dir='ltr'><strong>lusti·</strong></span> 
     </span>
     <span class='ocr_line' id='line_1_14' title="bbox 319 1779 1429 1864; baseline 0 -20"><span class='ocrx_word' id='word_1_102' title='bbox 319 1781 414 1845; x_wconf 90' lang='lat' dir='ltr'><strong>niano</strong></span> <span class='ocrx_word' id='word_1_103' title='bbox 436 1782 586 1861; x_wconf 84' lang='lat' dir='ltr'><strong>inscripto</strong></span> <span class='ocrx_word' id='word_1_104' title='bbox 610 1779 753 1862; x_wconf 82' lang='lat' dir='ltr'><strong>Epistola</strong></span> <span class='ocrx_word' id='word_1_105' title='bbox 777 1783 808 1845; x_wconf 91' lang='lat' dir='ltr'><strong>in</strong></span> <span class='ocrx_word' id='word_1_106' title='bbox 828 1781 977 1862; x_wconf 74' lang='lat' dir='ltr'><strong>origenis</strong></span> <span class='ocrx_word' id='word_1_107' title='bbox 992 1782 1103 1846; x_wconf 91' lang='lat' dir='ltr'><strong>odium</strong></span> <span class='ocrx_word' id='word_1_108' title='bbox 1124 1780 1263 1864; x_wconf 81' lang='lat' dir='ltr'><strong>ejusque</strong></span> <span class='ocrx_word' id='word_1_109' title='bbox 1283 1780 1429 1846; x_wconf 81' lang='lat' dir='ltr'><strong>detonso·</strong></span> 
     </span>
     <span class='ocr_line' id='line_1_15' title="bbox 319 1883 1429 1964; baseline -0.003 -18"><span class='ocrx_word' id='word_1_110' title='bbox 319 1901 416 1963; x_wconf 82' lang='lat' dir='ltr'><strong>ruru3</strong></span> <span class='ocrx_word' id='word_1_111' title='bbox 434 1883 502 1958; x_wconf 87' lang='lat' dir='ltr'><strong>ubi,</strong></span> <span class='ocrx_word' id='word_1_112' title='bbox 518 1901 592 1947; x_wconf 88' lang='lat' dir='ltr'><strong>cnm</strong></span> <span class='ocrx_word' id='word_1_113' title='bbox 606 1901 716 1950; x_wconf 88' lang='lat' dir='ltr'><strong>omnes</strong></span> <span class='ocrx_word' id='word_1_114' title='bbox 730 1883 882 1962; x_wconf 83' lang='lat' dir='ltr'><strong>explicite</strong></span> <span class='ocrx_word' id='word_1_115' title='bbox 898 1884 1096 1964; x_wconf 82' lang='lat' dir='ltr'><strong>praesumpti</strong></span> <span class='ocrx_word' id='word_1_116' title='bbox 1112 1899 1244 1946; x_wconf 84' lang='lat' dir='ltr'><strong>errores</strong></span> <span class='ocrx_word' id='word_1_117' title='bbox 1264 1897 1429 1946; x_wconf 82' lang='lat' dir='ltr'><strong>resuman-</strong></span> 
     </span>
     <span class='ocr_line' id='line_1_16' title="bbox 321 1981 1429 2064; baseline 0 -17"><span class='ocrx_word' id='word_1_118' title='bbox 321 1991 422 2047; x_wconf 91' lang='lat' dir='ltr'><strong>turet</strong></span> <span class='ocrx_word' id='word_1_119' title='bbox 441 1983 665 2059; x_wconf 84' lang='lat' dir='ltr'><strong>conicientur,</strong></span> <span class='ocrx_word' id='word_1_120' title='bbox 683 1984 938 2049; x_wconf 76' lang='lat' dir='ltr'><strong>manifestissime</strong></span> <span class='ocrx_word' id='word_1_121' title='bbox 960 1985 1134 2062; x_wconf 89' lang='lat' dir='ltr'><strong>iudicatur,</strong></span> <span class='ocrx_word' id='word_1_122' title='bbox 1153 1983 1335 2063; x_wconf 84' lang='lat' dir='ltr'><strong>praelatam</strong></span> <span class='ocrx_word' id='word_1_123' title='bbox 1358 1981 1429 2064; x_wconf 79' lang='lat' dir='ltr'><strong>Epi·</strong></span> 
     </span>
     <span class='ocr_line' id='line_1_17' title="bbox 317 2083 1257 2166; baseline -0.003 -18"><span class='ocrx_word' id='word_1_124' title='bbox 317 2083 433 2149; x_wconf 85' lang='lat' dir='ltr'><strong>siclam</strong></span> <span class='ocrx_word' id='word_1_125' title='bbox 456 2102 498 2148; x_wconf 89' lang='lat' dir='ltr'><strong>ex</strong></span> <span class='ocrx_word' id='word_1_126' title='bbox 518 2083 681 2164; x_wconf 85' lang='lat' dir='ltr'><strong>Antipatri</strong></span> <span class='ocrx_word' id='word_1_127' title='bbox 705 2083 945 2150; x_wconf 82' lang='lat' dir='ltr'><strong>Commentario</strong></span> <span class='ocrx_word' id='word_1_128' title='bbox 966 2092 1125 2166; x_wconf 80' lang='lat' dir='ltr'><strong>regestum</strong></span> <span class='ocrx_word' id='word_1_129' title='bbox 1148 2085 1257 2148; x_wconf 88' lang='lat' dir='ltr'><strong>inissa.</strong></span> 
     </span>
    </p>

    <p class='ocr_par' dir='ltr' id='par_1_3' title="bbox 319 2183 1430 3797">
     <span class='ocr_line' id='line_1_18' title="bbox 410 2183 1427 2270; baseline 0.002 -21"><span class='ocrx_word' id='word_1_130' title='bbox 410 2183 483 2250; x_wconf 86' lang='lat' dir='ltr'><strong>Hoc</strong></span> <span class='ocrx_word' id='word_1_131' title='bbox 514 2192 626 2251; x_wconf 83' lang='lat' dir='ltr'><strong>autem</strong></span> <span class='ocrx_word' id='word_1_132' title='bbox 648 2189 819 2269; x_wconf 86' lang='lat' dir='ltr'><strong>perspicue</strong></span> <span class='ocrx_word' id='word_1_133' title='bbox 848 2187 1002 2252; x_wconf 86' lang='lat' dir='ltr'><strong>iudicarit</strong></span> <span class='ocrx_word' id='word_1_134' title='bbox 1032 2205 1057 2250; x_wconf 88' lang='lat' dir='ltr'><strong>s.</strong></span> <span class='ocrx_word' id='word_1_135' title='bbox 1090 2185 1287 2263; x_wconf 84' lang='lat' dir='ltr'><strong>Germanus,</strong></span> <span class='ocrx_word' id='word_1_136' title='bbox 1309 2187 1427 2270; x_wconf 84' lang='lat' dir='ltr'><strong>quippo</strong></span> 
     </span>
     <span class='ocr_line' id='line_1_19' title="bbox 319 2287 1428 2371; baseline 0.004 -20"><span class='ocrx_word' id='word_1_137' title='bbox 319 2294 353 2352; x_wconf 89' lang='lat' dir='ltr'><strong>et</strong></span> <span class='ocrx_word' id='word_1_138' title='bbox 373 2290 442 2368; x_wconf 85' lang='lat' dir='ltr'><strong>ipse</strong></span> <span class='ocrx_word' id='word_1_139' title='bbox 462 2289 589 2366; x_wconf 88' lang='lat' dir='ltr'><strong>illusus,</strong></span> <span class='ocrx_word' id='word_1_140' title='bbox 605 2289 637 2352; x_wconf 94' lang='lat' dir='ltr'><strong>in</strong></span> <span class='ocrx_word' id='word_1_141' title='bbox 660 2287 757 2354; x_wconf 86' lang='lat' dir='ltr'><strong>Libro</strong></span> <span class='ocrx_word' id='word_1_142' title='bbox 773 2287 1008 2354; x_wconf 72' lang='lat' dir='ltr'><strong>Dsdcerssibus</strong></span> <span class='ocrx_word' id='word_1_143' title='bbox 1027 2301 1055 2354; x_wconf 87' lang='lat' dir='ltr'><strong>st</strong></span> <span class='ocrx_word' id='word_1_144' title='bbox 1068 2287 1215 2369; x_wconf 68' lang='lat' dir='ltr'><strong>Spsods‘s,</strong></span> <span class='ocrx_word' id='word_1_145' title='bbox 1232 2291 1272 2354; x_wconf 90' lang='lat' dir='ltr'><strong>de</strong></span> <span class='ocrx_word' id='word_1_146' title='bbox 1290 2289 1428 2371; x_wconf 71' lang='lat' dir='ltr'><strong>Origene</strong></span> 
     </span>
     <span class='ocr_line' id='line_1_20' title="bbox 320 2388 1427 2470; baseline 0.005 -19"><span class='ocrx_word' id='word_1_147' title='bbox 320 2388 499 2470; x_wconf 85' lang='lat' dir='ltr'><strong>disputans,</strong></span> <span class='ocrx_word' id='word_1_148' title='bbox 524 2391 649 2467; x_wconf 84' lang='lat' dir='ltr'><strong>scribit,</strong></span> <span class='ocrx_word' id='word_1_149' title='bbox 675 2391 880 2470; x_wconf 80' lang='lat' dir='ltr'><strong>bdetbodiups</strong></span> <span class='ocrx_word' id='word_1_150' title='bbox 909 2391 1067 2458; x_wconf 85' lang='lat' dir='ltr'><strong>adsersus</strong></span> <span class='ocrx_word' id='word_1_151' title='bbox 1096 2411 1170 2456; x_wconf 90' lang='lat' dir='ltr'><strong>cum</strong></span> <span class='ocrx_word' id='word_1_152' title='bbox 1188 2394 1427 2469; x_wconf 80' lang='lat' dir='ltr'><strong>insurrexisse,</strong></span> 
     </span>
     <span class='ocr_line' id='line_1_21' title="bbox 322 2489 1430 2570; baseline 0.005 -17"><span class='ocrx_word' id='word_1_153' title='bbox 322 2489 436 2555; x_wconf 89' lang='lat' dir='ltr'><strong>deiude</strong></span> <span class='ocrx_word' id='word_1_154' title='bbox 458 2491 592 2558; x_wconf 84' lang='lat' dir='ltr'><strong>Petrum</strong></span> <span class='ocrx_word' id='word_1_155' title='bbox 613 2493 876 2570; x_wconf 83' lang='lat' dir='ltr'><strong>alexandrinum,</strong></span> <span class='ocrx_word' id='word_1_156' title='bbox 896 2513 955 2560; x_wconf 83' lang='lat' dir='ltr'><strong>uec</strong></span> <span class='ocrx_word' id='word_1_157' title='bbox 985 2512 1047 2560; x_wconf 91' lang='lat' dir='ltr'><strong>non</strong></span> <span class='ocrx_word' id='word_1_158' title='bbox 1069 2493 1244 2559; x_wconf 76' lang='lat' dir='ltr'><strong>Heracleus</strong></span> <span class='ocrx_word' id='word_1_159' title='bbox 1264 2503 1299 2559; x_wconf 89' lang='lat' dir='ltr'><strong>et</strong></span> <span class='ocrx_word' id='word_1_160' title='bbox 1319 2493 1430 2560; x_wconf 82' lang='lat' dir='ltr'><strong>Dente·</strong></span> 
     </span>
     <span class='ocr_line' id='line_1_22' title="bbox 323 2593 1429 2678; baseline 0.007 -25"><span class='ocrx_word' id='word_1_161' title='bbox 323 2593 436 2668; x_wconf 90' lang='lat' dir='ltr'><strong>trium,</strong></span> <span class='ocrx_word' id='word_1_162' title='bbox 457 2595 606 2677; x_wconf 87' lang='lat' dir='ltr'><strong>aliosque</strong></span> <span class='ocrx_word' id='word_1_163' title='bbox 620 2596 814 2662; x_wconf 81' lang='lat' dir='ltr'><strong>nonnulloss</strong></span> <span class='ocrx_word' id='word_1_164' title='bbox 834 2619 850 2658; x_wconf 83' lang='lat' dir='ltr'><strong>s</strong></span> <span class='ocrx_word' id='word_1_165' title='bbox 867 2596 927 2662; x_wconf 86' lang='lat' dir='ltr'><strong>Sed</strong></span> <span class='ocrx_word' id='word_1_166' title='bbox 943 2598 1027 2662; x_wconf 89' lang='lat' dir='ltr'><strong>enim</strong></span> <span class='ocrx_word' id='word_1_167' title='bbox 1042 2597 1246 2662; x_wconf 87' lang='lat' dir='ltr'><strong>doctissimus</strong></span> <span class='ocrx_word' id='word_1_168' title='bbox 1261 2597 1352 2674; x_wconf 77' lang='lat' dir='ltr'><strong>(mar</strong></span> <span class='ocrx_word' id='word_1_169' title='bbox 1364 2615 1429 2678; x_wconf 85' lang='lat' dir='ltr'><strong>quo</strong></span> 
     </span>
     <span class='ocr_line' id='line_1_23' title="bbox 321 2694 1430 2780; baseline 0.002 -22"><span class='ocrx_word' id='word_1_170' title='bbox 321 2694 386 2760; x_wconf 86' lang='lat' dir='ltr'><strong>ulio</strong></span> <span class='ocrx_word' id='word_1_171' title='bbox 403 2697 501 2760; x_wconf 87' lang='lat' dir='ltr'><strong>titulo</strong></span> <span class='ocrx_word' id='word_1_172' title='bbox 515 2698 676 2778; x_wconf 88' lang='lat' dir='ltr'><strong>appellem</strong></span> <span class='ocrx_word' id='word_1_173' title='bbox 698 2699 820 2776; x_wconf 75' lang='lat' dir='ltr'><strong>nesciui</strong></span> <span class='ocrx_word' id='word_1_174' title='bbox 832 2699 991 2764; x_wconf 77' lang='lat' dir='ltr'><strong>Eusebius</strong></span> <span class='ocrx_word' id='word_1_175' title='bbox 1006 2698 1164 2780; x_wconf 87' lang='lat' dir='ltr'><strong>Pamphili</strong></span> <span class='ocrx_word' id='word_1_176' title='bbox 1180 2705 1339 2779; x_wconf 88' lang='lat' dir='ltr'><strong>patronus</strong></span> <span class='ocrx_word' id='word_1_177' title='bbox 1358 2717 1430 2762; x_wconf 87' lang='lat' dir='ltr'><strong>cou-</strong></span> 
     </span>
     <span class='ocr_line' id='line_1_24' title="bbox 321 2800 1429 2883; baseline 0 -21"><span class='ocrx_word' id='word_1_178' title='bbox 321 2800 480 2874; x_wconf 82' lang='lat' dir='ltr'><strong>surrexit,</strong></span> <span class='ocrx_word' id='word_1_179' title='bbox 503 2818 603 2880; x_wconf 75' lang='lat' dir='ltr'><strong>ungas</strong></span> <span class='ocrx_word' id='word_1_180' title='bbox 625 2802 696 2883; x_wconf 89' lang='lat' dir='ltr'><strong>ejus</strong></span> <span class='ocrx_word' id='word_1_181' title='bbox 718 2801 923 2874; x_wconf 81' lang='lat' dir='ltr'><strong>confirmans,</strong></span> <span class='ocrx_word' id='word_1_182' title='bbox 949 2801 1096 2883; x_wconf 84' lang='lat' dir='ltr'><strong>aliosque</strong></span> <span class='ocrx_word' id='word_1_183' title='bbox 1116 2818 1260 2876; x_wconf 87' lang='lat' dir='ltr'><strong>errores,</strong></span> <span class='ocrx_word' id='word_1_184' title='bbox 1282 2819 1366 2881; x_wconf 89' lang='lat' dir='ltr'><strong>quus</strong></span> <span class='ocrx_word' id='word_1_185' title='bbox 1386 2802 1429 2862; x_wconf 90' lang='lat' dir='ltr'><strong>iu·</strong></span> 
     </span>
     <span class='ocr_line' id='line_1_25' title="bbox 323 2897 1428 2983; baseline 0 -21"><span class='ocrx_word' id='word_1_186' title='bbox 323 2906 372 2962; x_wconf 90' lang='lat' dir='ltr'><strong>ter</strong></span> <span class='ocrx_word' id='word_1_187' title='bbox 393 2897 612 2967; x_wconf 87' lang='lat' dir='ltr'><strong>Ariauiamum</strong></span> <span class='ocrx_word' id='word_1_188' title='bbox 642 2912 674 2966; x_wconf 90' lang='lat' dir='ltr'><strong>et</strong></span> <span class='ocrx_word' id='word_1_189' title='bbox 696 2904 923 2983; x_wconf 75' lang='lat' dir='ltr'><strong>paganicarunr</strong></span> <span class='ocrx_word' id='word_1_190' title='bbox 946 2902 1132 2966; x_wconf 81' lang='lat' dir='ltr'><strong>tabularum</strong></span> <span class='ocrx_word' id='word_1_191' title='bbox 1161 2902 1350 2968; x_wconf 77' lang='lat' dir='ltr'><strong>futilitatem</strong></span> <span class='ocrx_word' id='word_1_192' title='bbox 1369 2899 1428 2966; x_wconf 88' lang='lat' dir='ltr'><strong>sub</strong></span> 
     </span>
     <span class='ocr_line' id='line_1_26' title="bbox 322 2997 1427 3086; baseline 0.003 -24"><span class='ocrx_word' id='word_1_193' title='bbox 322 2997 501 3080; x_wconf 78' lang='lat' dir='ltr'><strong>Apologiae</strong></span> <span class='ocrx_word' id='word_1_194' title='bbox 531 3002 851 3082; x_wconf 80' lang='lat' dir='ltr'><strong>speciedeieudeus3</strong></span> <span class='ocrx_word' id='word_1_195' title='bbox 884 3005 971 3086; x_wconf 81' lang='lat' dir='ltr'><strong>quod</strong></span> <span class='ocrx_word' id='word_1_196' title='bbox 993 3003 1176 3083; x_wconf 72' lang='lat' dir='ltr'><strong>intelligere</strong></span> <span class='ocrx_word' id='word_1_197' title='bbox 1196 3019 1369 3083; x_wconf 88' lang='lat' dir='ltr'><strong>possumus</strong></span> <span class='ocrx_word' id='word_1_198' title='bbox 1388 3021 1427 3065; x_wconf 82' lang='lat' dir='ltr'><strong>ex</strong></span> 
     </span>
     <span class='ocr_line' id='line_1_27' title="bbox 323 3095 1427 3186; baseline 0.004 -22"><span class='ocrx_word' id='word_1_199' title='bbox 323 3095 564 3167; x_wconf 87' lang='lat' dir='ltr'><strong>Commentario</strong></span> <span class='ocrx_word' id='word_1_200' title='bbox 590 3103 750 3184; x_wconf 72' lang='lat' dir='ltr'><strong>Antipatri</strong></span> <span class='ocrx_word' id='word_1_201' title='bbox 776 3105 948 3172; x_wconf 85' lang='lat' dir='ltr'><strong>bostrensis</strong></span> <span class='ocrx_word' id='word_1_202' title='bbox 971 3123 1008 3170; x_wconf 87' lang='lat' dir='ltr'><strong>es</strong></span> <span class='ocrx_word' id='word_1_203' title='bbox 1034 3106 1205 3186; x_wconf 89' lang='lat' dir='ltr'><strong>perspicue</strong></span> <span class='ocrx_word' id='word_1_204' title='bbox 1229 3105 1427 3170; x_wconf 79' lang='lat' dir='ltr'><strong>namntis»</strong></span> 
     </span>
     <span class='ocr_line' id='line_1_28' title="bbox 324 3201 1426 3288; baseline 0.009 -22"><span class='ocrx_word' id='word_1_205' title='bbox 324 3201 396 3268; x_wconf 84' lang='lat' dir='ltr'><strong>Heu</strong></span> <span class='ocrx_word' id='word_1_206' title='bbox 418 3213 557 3287; x_wconf 87' lang='lat' dir='ltr'><strong>quantas</strong></span> <span class='ocrx_word' id='word_1_207' title='bbox 579 3210 776 3285; x_wconf 80' lang='lat' dir='ltr'><strong>(reveritus,</strong></span> <span class='ocrx_word' id='word_1_208' title='bbox 792 3208 847 3288; x_wconf 82' lang='lat' dir='ltr'><strong>qni</strong></span> <span class='ocrx_word' id='word_1_209' title='bbox 870 3209 950 3272; x_wconf 86' lang='lat' dir='ltr'><strong>irasc</strong></span> <span class='ocrx_word' id='word_1_210' title='bbox 969 3209 1111 3288; x_wconf 87' lang='lat' dir='ltr'><strong>scripsit,</strong></span> <span class='ocrx_word' id='word_1_211' title='bbox 1127 3207 1187 3271; x_wconf 87' lang='lat' dir='ltr'><strong>riri</strong></span> <span class='ocrx_word' id='word_1_212' title='bbox 1208 3207 1426 3276; x_wconf 71' lang='lat' dir='ltr'><strong>sanatione-i</strong></span> 
     </span>
     <span class='ocr_line' id='line_1_29' title="bbox 324 3302 1425 3390; baseline -0.004 -20"><span class='ocrx_word' id='word_1_213' title='bbox 324 3307 388 3372; x_wconf 89' lang='lat' dir='ltr'><strong>beu</strong></span> <span class='ocrx_word' id='word_1_214' title='bbox 410 3318 547 3388; x_wconf 84' lang='lat' dir='ltr'><strong>quantas</strong></span> <span class='ocrx_word' id='word_1_215' title='bbox 568 3319 771 3376; x_wconf 87' lang='lat' dir='ltr'><strong>commentus</strong></span> <span class='ocrx_word' id='word_1_216' title='bbox 784 3321 833 3376; x_wconf 91' lang='lat' dir='ltr'><strong>est</strong></span> <span class='ocrx_word' id='word_1_217' title='bbox 847 3311 1002 3374; x_wconf 87' lang='lat' dir='ltr'><strong>lalsitates</strong></span> <span class='ocrx_word' id='word_1_218' title='bbox 1018 3313 1189 3390; x_wconf 76' lang='lat' dir='ltr'><strong>Antipater</strong></span> <span class='ocrx_word' id='word_1_219' title='bbox 1201 3309 1233 3371; x_wconf 91' lang='lat' dir='ltr'><strong>in</strong></span> <span class='ocrx_word' id='word_1_220' title='bbox 1250 3309 1314 3373; x_wconf 90' lang='lat' dir='ltr'><strong>boc</strong></span> <span class='ocrx_word' id='word_1_221' title='bbox 1327 3302 1425 3371; x_wconf 88' lang='lat' dir='ltr'><strong>libra!</strong></span> 
     </span>
     <span class='ocr_line' id='line_1_30' title="bbox 320 3406 1427 3493; baseline 0.002 -23"><span class='ocrx_word' id='word_1_222' title='bbox 320 3409 513 3473; x_wconf 88' lang='lat' dir='ltr'><strong>nouaclum</strong></span> <span class='ocrx_word' id='word_1_223' title='bbox 544 3411 587 3474; x_wconf 92' lang='lat' dir='ltr'><strong>ob</strong></span> <span class='ocrx_word' id='word_1_224' title='bbox 608 3429 677 3488; x_wconf 87' lang='lat' dir='ltr'><strong>eos,</strong></span> <span class='ocrx_word' id='word_1_225' title='bbox 700 3430 783 3490; x_wconf 84' lang='lat' dir='ltr'><strong>quos</strong></span> <span class='ocrx_word' id='word_1_226' title='bbox 805 3412 938 3493; x_wconf 75' lang='lat' dir='ltr'><strong>origeni</strong></span> <span class='ocrx_word' id='word_1_227' title='bbox 969 3411 1171 3493; x_wconf 79' lang='lat' dir='ltr'><strong>adjudicavit</strong></span> <span class='ocrx_word' id='word_1_228' title='bbox 1200 3428 1354 3490; x_wconf 88' lang='lat' dir='ltr'><strong>errores;</strong></span> <span class='ocrx_word' id='word_1_229' title='bbox 1374 3406 1427 3472; x_wconf 87' lang='lat' dir='ltr'><strong>ssd</strong></span> 
     </span>
     <span class='ocr_line' id='line_1_31' title="bbox 321 3509 1426 3596; baseline -0.003 -22"><span class='ocrx_word' id='word_1_230' title='bbox 321 3511 514 3592; x_wconf 88' lang='lat' dir='ltr'><strong>etamplius</strong></span> <span class='ocrx_word' id='word_1_231' title='bbox 535 3512 662 3576; x_wconf 89' lang='lat' dir='ltr'><strong>nomina</strong></span> <span class='ocrx_word' id='word_1_232' title='bbox 686 3515 833 3579; x_wconf 81' lang='lat' dir='ltr'><strong>virorum</strong></span> <span class='ocrx_word' id='word_1_233' title='bbox 856 3513 1228 3596; x_wconf 58' lang='lat' dir='ltr'><strong>consenescentem</strong></span> <span class='ocrx_word' id='word_1_234' title='bbox 1251 3509 1426 3594; x_wconf 79' lang='lat' dir='ltr'><strong>blaspbeui</strong></span> 
     </span>
     <span class='ocr_line' id='line_1_32' title="bbox 323 3612 1427 3698; baseline 0.005 -26"><span class='ocrx_word' id='word_1_235' title='bbox 323 3612 504 3678; x_wconf 79' lang='lat' dir='ltr'><strong>lautorum:</strong></span> <span class='ocrx_word' id='word_1_236' title='bbox 519 3631 594 3678; x_wconf 83' lang='lat' dir='ltr'><strong>cons</strong></span> <span class='ocrx_word' id='word_1_237' title='bbox 616 3633 675 3678; x_wconf 92' lang='lat' dir='ltr'><strong>nec</strong></span> <span class='ocrx_word' id='word_1_238' title='bbox 695 3615 852 3698; x_wconf 76' lang='lat' dir='ltr'><strong>Origenes</strong></span> <span class='ocrx_word' id='word_1_239' title='bbox 866 3633 1010 3697; x_wconf 84' lang='lat' dir='ltr'><strong>unquam</strong></span> <span class='ocrx_word' id='word_1_240' title='bbox 1032 3616 1277 3698; x_wconf 79' lang='lat' dir='ltr'><strong>blasphemarit3</strong></span> <span class='ocrx_word' id='word_1_241' title='bbox 1298 3631 1359 3678; x_wconf 88' lang='lat' dir='ltr'><strong>uec</strong></span> <span class='ocrx_word' id='word_1_242' title='bbox 1377 3629 1427 3676; x_wconf 83' lang='lat' dir='ltr'><strong>sc·</strong></span> 
     </span>
     <span class='ocr_line' id='line_1_33' title="bbox 322 3711 1428 3797; baseline 0.005 -25"><span class='ocrx_word' id='word_1_243' title='bbox 322 3718 408 3776; x_wconf 85' lang='lat' dir='ltr'><strong>tenos</strong></span> <span class='ocrx_word' id='word_1_244' title='bbox 434 3716 653 3796; x_wconf 89' lang='lat' dir='ltr'><strong>comperimus</strong></span> <span class='ocrx_word' id='word_1_245' title='bbox 685 3715 761 3781; x_wconf 87' lang='lat' dir='ltr'><strong>isliu</strong></span> <span class='ocrx_word' id='word_1_246' title='bbox 783 3711 1055 3797; x_wconf 78' lang='lat' dir='ltr'><strong>blaspbemintss,</strong></span> <span class='ocrx_word' id='word_1_247' title='bbox 1077 3715 1283 3796; x_wconf 85' lang='lat' dir='ltr'><strong>Pamphilum</strong></span> <span class='ocrx_word' id='word_1_248' title='bbox 1310 3721 1428 3791; x_wconf 65' lang='lat' dir='ltr'><strong>marty·</strong></span> 
     </span>
    </p>
   </div>
   <div class='ocr_carea' id='block_1_2' title="bbox 212 3813 1428 3899">
    <p class='ocr_par' dir='ltr' id='par_1_4' title="bbox 212 3813 1428 3899">
     <span class='ocr_line' id='line_1_34' title="bbox 212 3813 1428 3899; baseline 0.007 -31"><span class='ocrx_word' id='word_1_249' title='bbox 212 3853 220 3868; x_wconf 88' lang='lat'><strong>.</strong></span> <span class='ocrx_word' id='word_1_250' title='bbox 322 3827 390 3876; x_wconf 89' lang='lat' dir='ltr'><strong>rem</strong></span> <span class='ocrx_word' id='word_1_251' title='bbox 406 3821 439 3878; x_wconf 89' lang='lat' dir='ltr'><strong>et</strong></span> <span class='ocrx_word' id='word_1_252' title='bbox 456 3813 643 3882; x_wconf 84' lang='lat' dir='ltr'><strong>Eusebium.</strong></span> <span class='ocrx_word' id='word_1_253' title='bbox 657 3815 725 3883; x_wconf 87' lang='lat' dir='ltr'><strong>Nec</strong></span> <span class='ocrx_word' id='word_1_254' title='bbox 740 3818 816 3882; x_wconf 89' lang='lat' dir='ltr'><strong>item</strong></span> <span class='ocrx_word' id='word_1_255' title='bbox 831 3817 991 3899; x_wconf 89' lang='lat' dir='ltr'><strong>probatur</strong></span> <span class='ocrx_word' id='word_1_256' title='bbox 1001 3816 1176 3882; x_wconf 84' lang='lat' dir='ltr'><strong>llcraclam</strong></span> <span class='ocrx_word' id='word_1_257' title='bbox 1190 3813 1366 3898; x_wconf 86' lang='lat' dir='ltr'><strong>aliquando</strong></span> <span class='ocrx_word' id='word_1_258' title='bbox 1380 3830 1428 3876; x_wconf 89' lang='lat' dir='ltr'><strong>rs·</strong></span> 
     </span>
    </p>
   </div>
   <div class='ocr_carea' id='block_1_3' title="bbox 298 3913 1426 4307">
    <p class='ocr_par' dir='ltr' id='par_1_5' title="bbox 310 3913 1426 4100">
     <span class='ocr_line' id='line_1_35' title="bbox 319 3913 1426 3997; baseline 0.001 -21"><span class='ocrx_word' id='word_1_259' title='bbox 319 3913 438 3978; x_wconf 88' lang='lat' dir='ltr'><strong>stitisse</strong></span> <span class='ocrx_word' id='word_1_260' title='bbox 451 3913 582 3996; x_wconf 79' lang='lat' dir='ltr'><strong>Origcui</strong></span> <span class='ocrx_word' id='word_1_261' title='bbox 604 3919 747 3997; x_wconf 83' lang='lat' dir='ltr'><strong>errauti3</strong></span> <span class='ocrx_word' id='word_1_262' title='bbox 770 3935 846 3983; x_wconf 90' lang='lat' dir='ltr'><strong>cnm</strong></span> <span class='ocrx_word' id='word_1_263' title='bbox 866 3935 926 3982; x_wconf 89' lang='lat' dir='ltr'><strong>uec</strong></span> <span class='ocrx_word' id='word_1_264' title='bbox 947 3919 999 3984; x_wconf 91' lang='lat' dir='ltr'><strong>bic</strong></span> <span class='ocrx_word' id='word_1_265' title='bbox 1020 3919 1158 3996; x_wconf 85' lang='lat' dir='ltr'><strong>errarit,</strong></span> <span class='ocrx_word' id='word_1_266' title='bbox 1182 3934 1243 3982; x_wconf 91' lang='lat' dir='ltr'><strong>uec</strong></span> <span class='ocrx_word' id='word_1_267' title='bbox 1262 3915 1348 3982; x_wconf 84' lang='lat' dir='ltr'><strong>altar</strong></span> <span class='ocrx_word' id='word_1_268' title='bbox 1365 3927 1426 3977; x_wconf 79' lang='lat' dir='ltr'><strong>suu</strong></span> 
     </span>
     <span class='ocr_line' id='line_1_36' title="bbox 310 4020 853 4100; baseline 0 -18"><span class='ocrx_word' id='word_1_269' title='bbox 310 4029 485 4082; x_wconf 78' lang='lat' dir='ltr'><strong>‚errantem</strong></span> <span class='ocrx_word' id='word_1_270' title='bbox 506 4020 673 4099; x_wconf 86' lang='lat' dir='ltr'><strong>corripere</strong></span> <span class='ocrx_word' id='word_1_271' title='bbox 698 4022 853 4100; x_wconf 88' lang='lat' dir='ltr'><strong>potuerit.</strong></span> 
     </span>
    </p>

    <p class='ocr_par' dir='ltr' id='par_1_6' title="bbox 298 4112 1422 4307">
     <span class='ocr_line' id='line_1_37' title="bbox 400 4112 1422 4203; baseline -0.004 -20"><span class='ocrx_word' id='word_1_272' title='bbox 400 4117 452 4184; x_wconf 82' lang='lat' dir='ltr'><strong>Ex</strong></span> <span class='ocrx_word' id='word_1_273' title='bbox 475 4120 524 4188; x_wconf 89' lang='lat' dir='ltr'><strong>bis</strong></span> <span class='ocrx_word' id='word_1_274' title='bbox 546 4123 646 4202; x_wconf 76' lang='lat' dir='ltr'><strong>igitur</strong></span> <span class='ocrx_word' id='word_1_275' title='bbox 665 4124 805 4203; x_wconf 79' lang='lat' dir='ltr'><strong>quisquc</strong></span> <span class='ocrx_word' id='word_1_276' title='bbox 826 4121 886 4186; x_wconf 86' lang='lat' dir='ltr'><strong>sibi</strong></span> <span class='ocrx_word' id='word_1_277' title='bbox 908 4121 1124 4186; x_wconf 81' lang='lat' dir='ltr'><strong>abundantius</strong></span> <span class='ocrx_word' id='word_1_278' title='bbox 1144 4123 1296 4197; x_wconf 77' lang='lat' dir='ltr'><strong>suaserit,</strong></span> <span class='ocrx_word' id='word_1_279' title='bbox 1318 4112 1422 4199; x_wconf 62' lang='lat' dir='ltr'><strong>munti</strong></span> 
     </span>
     <span class='ocr_line' id='line_1_38' title="bbox 298 4217 1421 4307; baseline -0.002 -21"><span class='ocrx_word' id='word_1_280' title='bbox 298 4221 467 4291; x_wconf 81' lang='lat' dir='ltr'><strong>-tseieuda</strong></span> <span class='ocrx_word' id='word_1_281' title='bbox 496 4225 559 4289; x_wconf 89' lang='lat' dir='ltr'><strong>sint</strong></span> <span class='ocrx_word' id='word_1_282' title='bbox 581 4233 649 4288; x_wconf 88' lang='lat' dir='ltr'><strong>tum</strong></span> <span class='ocrx_word' id='word_1_283' title='bbox 682 4225 843 4307; x_wconf 77' lang='lat' dir='ltr'><strong>Antipatri</strong></span> <span class='ocrx_word' id='word_1_284' title='bbox 875 4242 971 4304; x_wconf 86' lang='lat' dir='ltr'><strong>opos,</strong></span> <span class='ocrx_word' id='word_1_285' title='bbox 1001 4231 1068 4289; x_wconf 88' lang='lat' dir='ltr'><strong>tum</strong></span> <span class='ocrx_word' id='word_1_286' title='bbox 1089 4222 1262 4292; x_wconf 74' lang='lat' dir='ltr'><strong>Iustiniani</strong></span> <span class='ocrx_word' id='word_1_287' title='bbox 1284 4217 1421 4304; x_wconf 75' lang='lat' dir='ltr'><strong>sperata</strong></span> 
     </span>
    </p>
   </div>
   <div class='ocr_carea' id='block_1_4' title="bbox 0 0 1540 4950">
    <p class='ocr_par' dir='ltr' id='par_1_7' title="bbox 0 0 1540 4950">
     <span class='ocr_line' id='line_1_39' title="bbox 0 0 1540 4950; baseline 0 0"><span class='ocrx_word' id='word_1_288' title='bbox 0 0 1540 4950; x_wconf 95' lang='lat' dir='ltr'><strong> </strong></span> 
     </span>
    </p>
   </div>
  </div>
 </body>
</html>
