3048 4946
292 377 355 452 ldb

302 497 344 546 ia.
360 484 510 560 Quorum
525 505 626 550 canon
648 489 773 568 prinus
787 489 861 555 ddei
882 489 1112 571 pmtnaioneu
1135 487 1277 556 continet
1290 487 1425 569 eulaeo·

294 601 412 665 porum
434 586 552 650 eisdem
574 590 767 655 adstantium
779 611 791 668 i
821 591 943 672 quique
963 591 1163 671 notissimum
1186 597 1337 654 versatus·
1355 587 1421 650 ad·

297 703 410 750 sersus
433 696 509 750 tune
524 690 740 770 irrumpentes
761 711 890 757 errores
905 693 1174 765 nestorianorum,
1201 691 1421 773 eutychiano·

297 803 383 860 aum,
406 790 636 867 acephalorum
659 801 690 856 et
711 793 862 857 similium
884 795 925 855 ab
940 792 1084 856 Ecclesia
1105 792 1290 854 damnatus:
1308 811 1325 849 a
1343 789 1421 852 l’ri·

295 903 350 948 mo
372 889 495 966 itaque,
528 891 690 970 inquiunt,
723 893 878 956 netarium
905 901 1038 968 sectam,
1069 909 1168 972 qnam
1188 899 1305 954 auctos·
1325 889 1421 954 male

294 986 354 1050 sibi
376 991 535 1064 conscius,
557 1000 590 1054 st
611 1009 628 1054 a
652 993 727 1054 aiau
747 1003 875 1056 mactae
904 993 976 1056 iidei
995 992 1175 1056 catholicas
1202 991 1288 1054 toute
1308 991 1421 1052 dbee·

294 1088 384 1162 dens,
406 1094 567 1170 quondam
583 1093 724 1157 condidit
747 1094 920 1179 Eutyches,
945 1095 996 1158 vel
1016 1097 1109 1175 siqua
1124 1111 1143 1156 a
1161 1092 1303 1157 venetico
1322 1091 1421 1154 aimi-

293 1183 372 1250 litee
392 1191 490 1268 impio
517 1199 593 1254 suut
613 1194 740 1272 prolata
772 1193 938 1261 Nestos-ios
969 1212 1050 1275 quas
1071 1196 1167 1258 etiam
1188 1201 1290 1256 sectas
1311 1189 1419 1254 Sedes

292 1285 480 1367 Apostolica
500 1301 609 1356 sancta
638 1295 847 1375 condemnat;
879 1295 1027 1359 similiter
1047 1304 1079 1358 et
1100 1312 1157 1356 nna
1184 1293 1311 1355 easdam
1332 1309 1417 1354 cnm

291 1389 360 1450 suis
380 1392 569 1456 auctoribus
605 1401 638 1456 et
664 1397 881 1460 sectatoribus
901 1373 1103 1471 exconsules,
1132 1395 1309 1474 nnsseutis
1334 1409 1418 1454 cosa·

292 1489 468 1554 stitutionis
499 1494 608 1573 vigore
636 1497 956 1573 anathematisamus,
988 1507 1087 1576 atque
1121 1496 1330 1566 damnamus,
1358 1509 1418 1555 aa·

294 1598 384 1654 ctum
415 1595 628 1672 apostolicum
666 1597 696 1659 iu
723 1597 841 1664 Cbalstl
877 1601 1004 1662 nomina
1035 1597 1108 1660 ildei
1145 1594 1290 1660 ordinem
1319 1609 1418 1671 usae
1521 1665 1522 1672 χ

293 1691 435 1756 dicantes
455 1703 516 1758 eie.
533 1715 550 1752 a
569 1693 710 1778 ideoque
731 1700 757 1762 ai
778 1701 864 1764 eirca
895 1699 978 1762 illud
1003 1709 1129 1777 temnus
1149 1694 1285 1776 vigilius
1307 1691 1412 1773 Papa,

292 1793 350 1871 qui
371 1811 467 1874 saepe
491 1815 550 1876 per
570 1799 722 1877 epistolas
750 1797 932 1864 Galliarum
946 1797 1166 1880 'anamalibus
1194 1795 1415 1860 communica·

291 1895 353 1967 ¹nit,
378 1895 475 1958 talem
492 1897 648 1961 emisisset
669 1898 904 1964 damnationem
921 1901 951 1962 iu
970 1899 1144 1978 Origenem
1159 1897 1297 1980 ejusque
1316 1913 1412 1976 neae

289 2003 440 2074 sumptos
464 2005 638 2062 sectatores
660 2001 852 2076 haereticos,
882 2002 1054 2081 specialem
1080 2001 1179 2081 bujus
1202 2006 1309 2062 aeetae
1334 2013 1412 2058 eae·

268 2093 388 2172 ‚gisset
411 2100 601 2164 mentionem
627 2110 659 2164 et
680 2101 977 2165 condemnationem
1005 2101 1105 2164 veluti
1128 2099 1287 2162 recentius
1306 2096 1409 2160 sanci·

296 2201 372 2260 tam.
391 2196 595 2280 Proindeque
613 2201 674 2265 boc
688 2210 791 2266 stante
805 2203 948 2266 duorum
961 2200 1173 2265 conciliorum
1187 2198 1327 2272 silentio,
1342 2195 1409 2257 aal-

294 2295 335 2358 de
351 2298 517 2364 invalescit
530 2302 637 2381 opinio
652 2301 806 2383 vigilium
828 2303 956 2368 nullum
976 2303 1131 2365 adversus
1145 2299 1319 2379 Origenem
1333 2304 1406 2359 tuac

293 2399 464 2464 sancivisse
485 2401 663 2466 decretum.

375 2496 516 2564 Liberali
537 2504 663 2568 interim
683 2523 743 2585 pao
769 2505 870 2568 tribua
891 2506 1061 2584 pugnantis
1081 2500 1238 2582 Capitulis
1263 2496 1402 2579 prodiga·

297 2597 342 2659 tia
358 2599 515 2664 advorsus
535 2602 708 2682 Origenero
741 2607 1044 2678 insimulationibus,
1066 2603 1185 2683 qulbus
1206 2601 1336 2674 oblique
1352 2615 1399 2658 aa·

295 2696 432 2764 bitaatus
447 2713 494 2765 est
508 2705 674 2769 catholicis
694 2707 848 2781 insidiari,
873 2706 1059 2786 praesertim
1081 2704 1138 2784 qni
1158 2693 1234 2765 eum
1256 2697 1397 2762 lustinia·

294 2815 336 2862 ao
357 2817 394 2863 ea
417 2801 564 2883 Capitale
594 2825 781 2887 expugnare
802 2807 941 2887 piissime
967 2823 1006 2869 ao
1025 2803 1256 2885 sapientissime
1276 2798 1394 2864 studua·

296 2897 387 2964 aunt:
410 2921 473 2966 non
489 2915 536 2967 est
551 2909 807 2984 praetereundus
820 2905 963 2971 Facundi
978 2923 1086 2969 sermo
1100 2905 1132 2966 in
1146 2921 1176 2966 c.
1194 2899 1249 2965 tv.
1265 2899 1331 2964 Lib.
1347 2893 1391 2958 ll.

295 3001 352 3069 ubi
374 3005 523 3080 pluribus
543 3007 699 3087 congestis
720 3005 913 3071 falsitatibus
932 3007 972 3069 ad
1002 3002 1252 3068 imminuendam
1275 3000 1392 3064 Petrum

297 3101 328 3166 in
350 3104 456 3183 primo
478 3115 509 3169 et
523 3109 664 3172 secundo
686 3117 847 3171 conventu
868 3107 1095 3172 auctoritatem
1109 3123 1148 3168 ac
1168 3103 1209 3166 ad
1224 3100 1329 3182 Vigitii
1346 3100 1394 3159 iu·

289 3204 739 3287 vgasnbandnnsilonstitutum
760 3209 916 3273 adsersus
938 3209 998 3273 tria
1014 3207 1176 3290 Caminia,
1195 3205 1272 3272 talia
1291 3200 1393 3267 scriba·

297 3323 334 3370 aa
355 3324 454 3370 ausus
474 3319 532 3372 est.
897 3351 902 3362 -

378 3405 466 3471 allis
479 3410 640 3487 omnibus,
662 3412 777 3492 inquit,
795 3412 919 3477 accedit
938 3418 971 3475 et
991 3409 1148 3476 contento
1163 3405 1330 3472 Domitiani
1348 3417 1391 3480 ga·

295 3505 382 3571 latae
396 3513 579 3591 ancyrensis
590 3514 667 3576 olim
682 3513 834 3594 episcopi,
846 3531 943 3593 quem
958 3511 1138 3575 contessum
1152 3507 1305 3580 diximus,
1316 3499 1387 3584 nubi

295 3605 367 3688 ejus
387 3611 559 3690 complices
580 3615 755 3693 origeniani
776 3614 815 3676 ad
837 3613 1001 3678 Ecclesiae
1028 3609 1304 3676 conturbationem
1323 3606 1386 3666 basa

296 3707 398 3772 moliti
420 3717 504 3773 sunt.
521 3709 603 3775 Nam
624 3715 655 3776 in
676 3714 799 3790 libello,
823 3731 919 3794 quem
941 3712 980 3775 ad
998 3709 1151 3791 Vigiliom
1173 3709 1308 3789 sempsit,
1326 3717 1386 3768 aa*

209 3887 211 3894 Ι
296 3825 437 3888 querens
458 3811 498 3874 de
518 3812 579 3890 his,
600 3815 657 3895 qui
678 3813 940 3878 contradicebant
970 3811 1173 3892 dogmatibus
1193 3807 1386 3889 origenista

295 3913 429 3973 serentis
443 3916 565 3978 animas
587 3915 743 3978 bumanaa
758 3924 832 3978 ante
853 3930 990 3992 corpora
1014 3915 1045 3977 iu
1065 3911 1207 3992 quadam
1229 3901 1382 3971 beandis

297 4013 531 4089 praesalitisse,
554 4021 587 4079 et
608 4033 730 4089 omnes,
757 4033 842 4096 quaa
864 4015 992 4078 lucrant
1021 4021 1155 4076 aeterno
1175 4005 1324 4091 supplicio
1341 3999 1382 4060 dt·

296 4109 444 4188 stinctae,
458 4113 488 4175 in
503 4114 669 4192 pristinum
682 4115 910 4182 beatitudiuem
924 4133 998 4179 eum
1011 4113 1141 4177 diabolo
1155 4119 1188 4176 et
1202 4107 1312 4189 augelis
1324 4101 1378 4180 eju

294 4212 434 4292 mutat,
456 4213 534 4281 dicit
553 4217 649 4284 stiam
670 4217 771 4282 baec:
793 4214 1010 4291 Proaiiiernat
1031 4215 1075 4282 ud
1095 4199 1375 4282 comminata
