3138 4950
322 514 424 578 snper
443 499 531 566 nudo
551 501 623 565 solo
644 518 762 582 erpere
781 503 958 584 satagebat.
984 501 1129 569 llasime
1149 521 1231 569 vern
1251 507 1441 588 evangeliea

323 599 380 660 illa
396 599 579 664 servatoris
589 605 692 665 nostri
706 612 879 685 praecepta
895 605 1096 668 observanda
1109 625 1179 671 esse
1199 609 1351 688 ducebat3
1367 613 1444 690 qui·

325 700 386 764 bns
407 719 591 780 monentur,
607 713 675 767 tum
697 722 737 767 ne
757 705 840 771 dnae
861 708 987 770 tunicas
1007 707 1196 784 babeamus,
1212 728 1295 774 nere
1315 713 1444 774 alnes·

324 808 439 867 ruentis
461 816 613 885 atamen
636 817 705 869 tnm
726 823 766 869 ne
786 807 827 868 de
847 807 988 872 erastino
1008 809 1143 872 nimium
1163 811 1295 874 solliciti
1317 829 1441 875 excru-

324 905 460 968 ciemur.
484 907 545 972 Sed
571 915 606 972 et
629 908 766 989 majore,
789 923 887 986 qnam
913 915 1002 972 aetas
1024 907 1161 984 terebat,
1186 911 1283 973 animi
1305 911 1443 983 ardore,

323 1004 355 1068 in
378 1005 500 1086 irigore
520 1025 558 1071 ae
577 1009 723 1072 nuditate
745 1019 903 1088 perstans,
927 1016 959 1071 et
980 1009 1019 1071 ad
1043 1027 1207 1073 summum
1228 1012 1442 1092 evangelicae

322 1111 528 1187 paupertatis
544 1109 674 1173 culmen
696 1118 842 1185 erectus,
865 1108 1041 1174 familiares
1062 1128 1139 1175 suos
1158 1111 1277 1192 ingenti
1298 1111 1444 1175 admin-

323 1209 409 1272 tinne
431 1211 583 1290 perculit.
606 1209 654 1274 tle
676 1210 798 1275 multos
827 1208 960 1291 quidem
981 1227 1023 1274 es
1045 1211 1121 1292 ipsis
1145 1211 1325 1275 incredibili
1346 1212 1445 1274 dolo·

323 1329 360 1373 re
380 1310 500 1386 alleeit,
522 1311 580 1393 qui
601 1311 685 1376 bona
705 1331 764 1375 sna
786 1329 861 1375 eum
884 1311 953 1391 ipso
973 1312 1089 1391 partiri
1114 1313 1281 1392 optabant,
1303 1331 1379 1376 curn
1400 1313 1444 1375 il·

325 1413 396 1476 lum
417 1413 545 1477 divinae
559 1413 810 1494 praedicationis
831 1415 935 1493 gratia
958 1421 1063 1478 tantos
1075 1414 1207 1479 labores
1227 1417 1443 1479 sustinentem

325 1515 483 1579 siderent.
515 1513 749 1580 Verumtamen
769 1515 810 1580 de
831 1517 944 1596 rigore
975 1517 1169 1581 tolerantiae
1189 1517 1270 1581 nibil
1291 1533 1440 1596 unquam

322 1619 494 1680 remisit.»

402 1717 479 1782 lden
505 1739 531 1783 s.
551 1717 770 1802 Hieronymus
789 1717 858 1798 ipse
884 1718 916 1781 in
936 1719 1071 1799 epistola
1086 1713 1137 1784 db.
1160 1718 1199 1780 ad
1227 1717 1436 1794 llareellam,

323 1821 386 1883 bec
401 1819 549 1885 mirabile
571 1820 656 1884 ritae
677 1837 777 1900 genos
798 1822 935 1883 miratos
955 1821 987 1882 in
1008 1819 1162 1900 Origene,
1185 1821 1307 1900 inquit:
1326 1841 1342 1878 s
1359 1818 1440 1883 dm·

323 1920 465 1996 broains,
481 1940 548 2002 quo
570 1922 713 1995 obortas,
729 1929 895 2003 sumptos,
917 1923 1062 1985 notarios
1074 1923 1286 1996 ministrante,
1303 1931 1368 1984 tam
1390 1921 1438 1983 ia-

322 2022 540 2087 numerabiles
559 2022 662 2086 libros
684 2039 762 2087 sere
786 2023 998 2086 Adamantius
1019 2031 1052 2084 et
1071 2020 1306 2086 Chalcenterus
1327 2030 1440 2084 noster

321 2122 494 2202 explicuit,
514 2123 547 2186 in
575 2124 717 2203 quadam
739 2124 874 2205 epistole
904 2124 943 2186 ad
966 2125 1115 2187 eumdem
1137 2122 1177 2184 de
1202 2122 1337 2185 Athenis
1356 2125 1440 2185 seri·

322 2231 376 2303 pta
399 2223 514 2300 retest,
537 2241 705 2306 nunquam
725 2243 760 2288 se
785 2226 907 2301 cibum,
929 2225 1070 2304 Origene
1092 2233 1274 2303 praesente,
1303 2225 1372 2287 sine
1391 2223 1440 2286 le-

299 2329 301 2333 '
322 2325 429 2388 ctione
449 2325 635 2405 sumpsisse,
659 2342 825 2406 nunqnam
846 2326 953 2390 iniisse
973 2343 1135 2398 somnum,
1159 2325 1217 2388 nisi
1239 2341 1325 2387 unns
1339 2342 1358 2386 e
1374 2325 1441 2386 ira·

322 2425 425 2491 tribus
445 2427 546 2492 sacris
559 2426 690 2492 Litteris
711 2435 910 2507 personaret.
930 2425 1002 2491 llnc
1016 2427 1129 2490 diebus
1151 2426 1265 2489 iecisse
1285 2433 1318 2490 et
1337 2427 1441 2488 noeti·

322 2529 396 2604 bns,
420 2537 457 2591 ut
472 2537 505 2593 et
525 2531 624 2595 lectio
645 2531 812 2610 exciperet
833 2530 1027 2602 orationem,
1043 2537 1075 2591 et
1097 2531 1204 2592 oratio
1220 2529 1401 2592 lectionem.
1420 2549 1438 2584 s

325 2629 360 2692 ln
385 2631 448 2693 boc
470 2633 555 2694 sitae
577 2649 696 2712 genere
724 2639 883 2712 perstans,
908 2629 974 2711 jam
996 2638 1104 2694 aetate
1125 2637 1297 2710 provectos
1319 2633 1350 2692 iu
1375 2629 1441 2692 lir-

323 2729 504 2795 dortnn'ene
517 2734 561 2795 ed
573 2730 765 2814 martyrium
778 2751 809 2796 n.
826 2731 875 2798 15.
891 2732 1072 2798 scribebat:
1087 2753 1104 2792 s
1120 2729 1163 2796 Ut
1176 2733 1279 2812 igitur
1294 2749 1437 2811 aequum

324 2841 373 2894 est
395 2850 463 2908 eos,
485 2837 542 2914 qni
559 2835 726 2898 tormentis
746 2843 778 2898 et
792 2834 960 2899 laboribus
982 2833 1109 2913 probuti
1129 2851 1193 2896 nou
1213 2842 1301 2905 snut,
1318 2835 1438 2914 primas

324 2935 370 2996 eis
391 2932 520 3011 cedere,
543 2935 599 3015 qni
621 2935 771 3014 equuleis
792 2941 825 2997 et
839 2935 938 2998 variis
960 2941 1198 2998 tormentorum
1213 2933 1386 3014 generibus
1406 2941 1439 2995 et

323 3035 396 3112 igne
416 3035 602 3114 patientiam
618 3034 860 3098 exbibuerunt:
882 3036 929 3099 sic
948 3043 981 3099 et
1000 3051 1058 3100 uns
1078 3051 1252 3117 pauperes,
1273 3035 1333 3098 nisi
1355 3051 1439 3097 mar·

326 3145 414 3218 tyros
428 3137 564 3214 erimus,
586 3139 672 3201 ratio
692 3136 807 3200 suadet
820 3138 942 3216 primes
963 3136 1055 3201 robis
1075 3137 1275 3217 relinquere,
1292 3139 1349 3218 qni
1364 3153 1438 3219 prn-

326 3245 400 3318 pter
419 3235 478 3300 Dei
500 3239 531 3300 in
552 3236 683 3304 Christo
697 3238 902 3312 charitatem,
927 3238 1077 3301 lallaeem
1098 3247 1131 3301 et
1145 3238 1324 3316 quaesitam
1340 3255 1357 3299 a
1373 3237 1439 3316 ple·

325 3341 438 3419 risque
459 3338 597 3418 gloriam
619 3347 653 3402 et
674 3339 890 3419 possessiones
912 3346 1029 3416 tantas,
1052 3343 1084 3403 el
1104 3339 1290 3403 naturalem
1311 3339 1343 3402 in
1363 3337 1439 3400 libe·

328 3457 383 3504 ros
405 3457 550 3505 amorem
572 3439 817 3506 conculcatis.»

404 3541 562 3606 Similiter
582 3538 723 3606 Romilia
746 3539 832 3604 xvt.
848 3541 883 3604 s'n
906 3539 1050 3606 Genesim
1070 3543 1111 3608 de
1132 3561 1167 3606 se
1180 3541 1381 3622 loquebatur
1399 3557 1439 3601 ex

321 3642 445 3708 Christi
464 3661 635 3709 sermone:
669 3641 736 3720 (ini
756 3661 819 3705 nnn
840 3643 1075 3708 renuntiaverit
1094 3645 1253 3722 omnibns,
1275 3659 1354 3724 qnae
1371 3659 1438 3720 pne·

325 3745 418 3822 ridet,
433 3763 498 3809 non
506 3755 606 3826 potest
625 3763 711 3808 mens
732 3763 796 3808 asse
814 3745 1004 3826 discipulus.
1018 3769 1033 3806 a
1046 3745 1270 3813 contremisco
1292 3745 1372 3806 baec
1391 3740 1435 3802 di·

322 3863 408 3912 cens.
431 3847 526 3912 blens
547 3851 632 3912 eninr
655 3849 939 3930 primoomnium,
963 3865 1066 3920 mens,
1089 3849 1234 3926 inquam,
1257 3849 1325 3925 ipse
1344 3859 1437 3908 aecu-

324 3959 415 4012 sator
436 3949 553 4025 existo,
577 3967 664 4014 meas
685 3949 967 4015 condemnationes
988 3950 1119 4028 loquor.
1143 3945 1249 4027 Negat
1267 3963 1364 4010 suum
1391 3961 1436 4006 es·

325 4067 360 4112 ae
380 4049 589 4130 discipulum,
616 4070 714 4133 qoem
742 4052 858 4116 uiderit
888 4051 1011 4131 aliquid
1043 4049 1271 4131 possidentem,
1297 4055 1331 4110 et
1349 4063 1433 4116 enm,

327 4150 383 4227 qui
406 4167 469 4212 nnn
490 4154 659 4216 renunciat
680 4153 842 4227 omnibns,
865 4169 950 4231 quoe
971 4149 1123 4229 possidet.
1148 4147 1188 4212 Et
1203 4146 1280 4228 qnid
1296 4140 1435 4224 apenos?

328 4245 499 4322 Quomodo
514 4252 592 4315 haee
608 4263 662 4317 aut
686 4255 744 4336 ipsi
760 4254 908 4334 legimus,
931 4259 986 4316 nul
1002 4251 1132 4333 populis
1151 4243 1385 4330 espontnnst.
1401 4285 1428 4304 ..
