3186 4946
339 482 405 544 bne
425 478 567 546 alteram
589 477 798 560 persequitur
818 475 1021 555 Eusebium
1043 482 1075 538 et
1091 473 1191 538 serbo
1207 473 1325 549 dicam,
1342 471 1467 538 Eccle-

337 583 405 644 siae
427 579 539 644 Patres
560 597 669 643 omnes
691 579 772 642 nihil
793 579 879 642 lacit.
897 596 914 637 a
930 577 973 642 Et
993 577 1092 659 paule
1114 585 1186 658 post
1200 575 1327 640 subdit:
1343 595 1359 634 a
1377 572 1468 638 Vult

339 682 423 744 enirn
446 679 648 760 (Marcellus)
664 679 828 744 Christum
843 681 1080 759 agnoscendum
1095 696 1163 742 esse
1178 678 1303 740 nudum
1319 677 1467 738 verbum

339 791 372 846 et
393 783 534 845 hnmano
555 781 829 858 consimillimnm,
847 800 910 844 non
925 789 1035 844 autem
1054 778 1172 842 Filium
1188 797 1257 842 esse
1272 777 1331 841 Dei
1343 778 1465 840 risum

340 893 373 947 et
393 885 628 948 subsistentem.
647 903 663 941 a
1563 937 1564 954 χ

420 983 478 1048 His
490 995 599 1048 autem
615 997 647 1048 et
659 986 818 1050 similibus
833 982 1063 1048 assertionibus
1074 981 1269 1061 respondens
1282 978 1465 1054 Eusebius,
1563 965 1564 978 ¹

341 1086 487 1166 inlsaque
508 1089 713 1163 convincens,
738 1107 823 1167 qnae
844 1085 1024 1150 Marcellus
1045 1083 1223 1146 accusatio
1244 1079 1469 1160 scriptoribus

341 1187 482 1263 coaevis,
503 1186 633 1249 subdit:
649 1185 758 1251 nilum
782 1205 860 1250 sero
881 1186 921 1248 ab
943 1187 1001 1250 illo
1023 1187 1145 1248 dictum
1166 1185 1218 1258 sit,
1242 1185 1324 1246 hauc
1346 1183 1468 1244 haere·

341 1287 400 1350 sim
421 1303 507 1350 nnnc
529 1288 681 1376 temporis
702 1287 1043 1368 excogitatissimas,
1060 1285 1293 1350 ostendendum
1309 1290 1369 1360 est,
1384 1283 1466 1347 Ori·

342 1389 429 1468 genis
451 1387 608 1470 ejusdem,
631 1391 688 1470 qni
711 1390 792 1454 vixit
812 1390 1001 1468 antiquitus,
1025 1392 1219 1451 mentionem
1245 1387 1285 1448 ab
1306 1403 1345 1448 eo
1368 1385 1464 1457 fieri,

343 1497 497 1568 tanquam
519 1490 598 1552 hacc
614 1491 794 1570 cogitantis,
810 1509 885 1555 curn
901 1491 976 1566 iliis,
990 1490 1109 1570 quibus
1125 1508 1209 1552 nunc
1224 1489 1465 1552 calumnietur.

344 1588 415 1669 Ego
437 1598 546 1654 autem
566 1592 692 1671 scriptis
714 1593 937 1657 ecclesiasticis
958 1589 1208 1671 quamplurimis
1230 1589 1409 1668 perlectis,
1434 1594 1469 1648 et

343 1709 425 1755 aero
446 1693 595 1771 Origenis
616 1693 854 1773 antiquioribus
884 1694 1081 1766 elaboratis,
1104 1699 1137 1753 et
1158 1691 1301 1771 epistolis
1324 1690 1468 1752 dirersis

341 1793 542 1876 synodorum
562 1801 595 1856 et
615 1795 843 1874 episcoporum
864 1794 992 1856 nomine
1013 1793 1153 1872 seriptis,
1177 1793 1208 1852 in
1237 1790 1301 1852 illis
1326 1789 1468 1869 singulis

344 1897 494 1959 eumdem
516 1894 587 1958 fidei
609 1896 830 1959 characterem
853 1913 911 1975 per
925 1897 1030 1958 omnia
1047 1892 1241 1971 deprehendi
1252 1912 1263 1972 ;
1281 1901 1318 1954 nt
1332 1891 1468 1955 necess'c

344 1995 398 2071 sit,
411 1997 505 2058 illum
521 2011 635 2074 parum
649 1996 827 2059 secundnm
846 1996 1013 2058 veritatem
1031 1994 1112 2056 banc
1135 1995 1309 2057 instituisse
1327 2009 1467 2055 accusa·

345 2099 476 2170 tionem,
492 2097 690 2176 nuperrime,
707 2097 800 2172 idest,
815 2095 908 2159 istem
931 2094 1082 2158 baeresim
1098 2094 1311 2157 adinventum.
1325 2113 1341 2150 n
1355 2091 1393 2155 ln
1418 2093 1468 2156 bis
1563 2103 1564 2128 ³

346 2213 446 2276 porro
469 2196 615 2277 inspicias
635 2204 668 2259 ct
689 2195 819 2260 Eusebii
832 2206 874 2274 ,et
889 2194 1038 2260 Marcelli
1055 2195 1198 2258 studium
1214 2212 1290 2273 erga
1304 2194 1470 2256 hoamen·
1563 2207 1564 2220 ¹

345 2297 380 2358 tii
402 2295 521 2375 scripta
543 2305 576 2358 et
597 2295 716 2374 lidem3
739 2315 840 2376 quum
866 2294 1044 2358 Marcellus
1067 2295 1198 2374 insuper
1220 2296 1304 2356 inter
1321 2311 1377 2355 eos
1394 2310 1469 2354 cen·
1563 2303 1564 2376 ᾗ

346 2407 427 2472 seat,
450 2399 507 2477 qui
527 2398 587 2461 sibi
609 2397 878 2474 adversabantur,
894 2397 1066 2476 Origenam
1084 2415 1145 2459 ona
1172 2414 1247 2459 cum
1269 2395 1387 2458 ceteris
1406 2391 1469 2456 Ee·

350 2500 467 2562 clasiae
486 2499 562 2561 riris
585 2501 714 2574 sanctis,
727 2499 940 2580 eamdemque
965 2498 1059 2561 tide'm
1077 2497 1315 2578 professumet
1335 2497 1366 2558 in
1393 2497 1470 2556 hae·
1563 2479 1564 2572 Ῐ

349 2617 436 2662 reses
458 2599 579 2679 pariter
595 2599 811 2676 dimicantem,
824 2617 966 2680 quarum
989 2605 1125 2681 putatur
1146 2617 1234 2675 rcus,
1256 2597 1471 2678 quemadmo-
1563 2617 1564 2670 q

346 2698 427 2762 'dum
447 2699 598 2777 superius
620 2700 742 2762 dictum
765 2709 824 2762 est.

429 2795 647 2862 Nihilominus
669 2799 768 2879 paulo
790 2807 862 2879 post
883 2802 914 2863 in
936 2818 975 2862 eo
997 2797 1095 2862 Libro
1117 2798 1142 2862 1.
1167 2797 1256 2890 addit
1276 2795 1468 2868 Eusebius,

350 2897 510 2975 quaedam
531 2917 548 2960 a
570 2899 660 2962 libris
680 2900 830 2980 Origenis
850 2901 1048 2981 excerpsisse
1071 2897 1266 2964 Marcellum
1284 2899 1386 2962 veluti
1401 2895 1470 2960 suis

352 3001 581 3064 assertionibus
602 3018 751 3064 consona.
768 2999 888 3066 Contra
903 3018 988 3081 quae
1008 3003 1093 3064 renis
1107 3001 1175 3082 ipse
1189 3001 1336 3080 inquiens
1350 3020 1359 3062 a
1374 3021 1392 3059 r
1408 2995 1470 3064 Sed

350 3109 534 3165 extremum
557 3087 648 3166 relat
667 3104 723 3182 qui
739 3102 925 3166 coronidem
941 3110 1118 3184 apponeret
1133 3102 1413 3179 demonstrationi,
1428 3101 1468 3161 dc

351 3201 443 3266 dictis
464 3204 654 3284 origenianis
675 3205 831 3268 nonnulla
847 3204 1053 3285 'subscripsit
1075 3203 1279 3284 (Marcellus)
1301 3221 1379 3267 snae
1403 3202 1471 3282 epi·

350 3303 475 3381 stolae,
497 3306 589 3384 qnasi
611 3305 685 3386 plns
706 3305 763 3368 illa
795 3313 947 3385 possent,
981 3323 1080 3385 quarn
1102 3305 1319 3385 evangelistae
1340 3312 1372 3367 et
1392 3319 1471 3383 apo·

352 3405 438 3468 stoli.
462 3403 566 3470 Verba
588 3414 697 3469 sutem
720 3407 763 3467 ita
785 3425 819 3469 se
841 3407 976 3470 hebent:
994 3403 1127 3487 Tempus
1143 3416 1304 3469 estuntem
1316 3414 1471 3485 utpnssen

353 3507 388 3568 de
401 3505 638 3585 praetermissis
657 3516 850 3579 ettecemns,
872 3525 954 3586 pune
974 3507 1017 3570 ed
1038 3507 1165 3572 Putrem
1179 3514 1332 3586 spectent,
1351 3503 1471 3569 Filium

350 3704 545 3781 existumare
559 3703 761 3782 dividendas,
776 3704 859 3770 Filii
873 3716 976 3770 temen
1000 3707 1096 3770 Peter
1116 3705 1174 3782 sit,
1186 3725 1251 3774 stan
1271 3705 1411 3770 emittens
1430 3703 1471 3766 s'i·

355 3806 433 3882 ium,
449 3817 485 3870 sst
497 3822 563 3868 nea
578 3803 889 3872 nenecessitatem
904 3805 933 3868 ss'
950 3803 1058 3870 Fs'is'rss
1070 3807 1184 3871 Putris
1198 3807 1251 3871 ssss'
1264 3807 1310 3870 sit
1329 3805 1469 3882 emirum

353 3904 422 3970 etss'
437 3905 530 3968 s'tium
545 3909 581 3969 de
601 3907 700 3988 seipso
721 3907 832 3987 percssit
845 3907 889 3970 ad
900 3927 971 3971 snm
992 3908 1131 3982 medum,
1153 3927 1216 3990 que
1237 3908 1273 3970 de
1294 3927 1326 3970 se
1347 3908 1472 3971 naitan-

352 4006 400 4072 is'e
412 4006 562 4088 pipuunt,
579 4026 696 4071 necesse
709 4017 754 4070 est
767 4017 804 4072 ct
817 4026 931 4088 corpas
944 4007 1000 4070 ille
1013 4009 1071 4083 sit,
1089 4007 1146 4093 qui
1158 4008 1285 4084 emittit,
1297 4019 1363 4072 tum
1377 4007 1468 4071 etiem

355 4120 384 4174 et
403 4108 470 4186 iile,
485 4111 544 4192 qui
558 4109 721 4174 emittitur.
740 4107 823 4173 Tum
839 4118 1009 4190 postquam
1025 4111 1065 4172 dc
1084 4109 1278 4190 origenianis
1298 4113 1359 4174 ista
1373 4123 1470 4189 qnae-

357 4211 429 4277 dans
450 4215 685 4278 interseruerat
705 4210 803 4276 inient
822 4211 861 4275 ad
884 4211 970 4276 hone
991 4210 1134 4277 modum.
1157 4205 1295 4290 Scripsit
1311 4207 1468 4290 oseem,
