<?xml version="1.0" encoding="UTF-8"?>
<!DOCTYPE html PUBLIC "-//W3C//DTD XHTML 1.0 Transitional//EN"
    "http://www.w3.org/TR/xhtml1/DTD/xhtml1-transitional.dtd">
<html xmlns="http://www.w3.org/1999/xhtml" xml:lang="en" lang="en">
 <head>
  <title>
</title>
<meta http-equiv="Content-Type" content="text/html;charset=utf-8" />
  <meta name='ocr-system' content='tesseract 3.04.00' />
  <meta name='ocr-capabilities' content='ocr_page ocr_carea ocr_par ocr_line ocrx_word'/>
</head>
<body>
  <div class='ocr_page' id='page_1' title='image "./insgregoriinyss01vincgoog/insgregoriinyss01vincgoog_0136.png"; bbox 0 0 3028 4942; ppageno 0'>
   <div class='ocr_carea' id='block_1_1' title="bbox 84 347 1275 532">
    <p class='ocr_par' dir='ltr' id='par_1_1' title="bbox 84 347 1275 532">
     <span class='ocr_line' id='line_1_1' title="bbox 84 347 1275 532; baseline 0.007 -18"><span class='ocrx_word' id='word_1_1' title='bbox 84 449 145 514; x_wconf 82' lang='lat' dir='ltr'><strong>cola</strong></span> <span class='ocrx_word' id='word_1_2' title='bbox 165 446 314 514; x_wconf 80' lang='lat' dir='ltr'><strong>Trinitata</strong></span> <span class='ocrx_word' id='word_1_3' title='bbox 333 451 512 532; x_wconf 71' lang='lat' dir='ltr'><strong>sphalmata</strong></span> <span class='ocrx_word' id='word_1_4' title='bbox 534 449 637 532; x_wconf 88' lang='lat' dir='ltr'><strong>ipsum</strong></span> <span class='ocrx_word' id='word_1_5' title='bbox 658 450 852 518; x_wconf 74' lang='lat' dir='ltr'><strong>reformasse</strong></span> <span class='ocrx_word' id='word_1_6' title='bbox 873 449 1037 516; x_wconf 84' lang='lat' dir='ltr'><strong>lluffioum</strong></span> <span class='ocrx_word' id='word_1_7' title='bbox 1058 347 1172 532; x_wconf 52' lang='lat' dir='ltr'><strong>unffi</strong></span> <span class='ocrx_word' id='word_1_8' title='bbox 1270 515 1275 522; x_wconf 89' lang='lat'>.</span> 
     </span>
    </p>
   </div>
   <div class='ocr_carea' id='block_1_2' title="bbox 83 551 1196 3569">
    <p class='ocr_par' dir='ltr' id='par_1_2' title="bbox 83 551 1196 3569">
     <span class='ocr_line' id='line_1_2' title="bbox 84 551 1176 635; baseline 0.002 -19"><span class='ocrx_word' id='word_1_9' title='bbox 84 551 261 616; x_wconf 84' lang='lat' dir='ltr'><strong>Paucissinrn</strong></span> <span class='ocrx_word' id='word_1_10' title='bbox 282 553 369 630; x_wconf 84' lang='lat' dir='ltr'><strong>dixi,</strong></span> <span class='ocrx_word' id='word_1_11' title='bbox 390 553 493 617; x_wconf 88' lang='lat' dir='ltr'><strong>relate</strong></span> <span class='ocrx_word' id='word_1_12' title='bbox 514 553 553 616; x_wconf 81' lang='lat' dir='ltr'><strong>etl</strong></span> <span class='ocrx_word' id='word_1_13' title='bbox 575 571 611 616; x_wconf 86' lang='lat' dir='ltr'><strong>eo</strong></span> <span class='ocrx_word' id='word_1_14' title='bbox 633 553 773 633; x_wconf 87' lang='lat' dir='ltr'><strong>plurima</strong></span> <span class='ocrx_word' id='word_1_15' title='bbox 800 555 948 633; x_wconf 76' lang='lat' dir='ltr'><strong>variique</strong></span> <span class='ocrx_word' id='word_1_16' title='bbox 978 555 1101 634; x_wconf 86' lang='lat' dir='ltr'><strong>generis</strong></span> <span class='ocrx_word' id='word_1_17' title='bbox 1121 571 1176 635; x_wconf 88' lang='lat' dir='ltr'><strong>pe·</strong></span> 
     </span>
     <span class='ocr_line' id='line_1_3' title="bbox 83 651 1174 734; baseline 0.003 -20"><span class='ocrx_word' id='word_1_18' title='bbox 83 655 195 730; x_wconf 81' lang='lat' dir='ltr'><strong>regrim</strong></span> <span class='ocrx_word' id='word_1_19' title='bbox 216 651 359 732; x_wconf 85' lang='lat' dir='ltr'><strong>dogmata</strong></span> <span class='ocrx_word' id='word_1_20' title='bbox 382 660 414 716; x_wconf 89' lang='lat' dir='ltr'><strong>at</strong></span> <span class='ocrx_word' id='word_1_21' title='bbox 435 655 474 716; x_wconf 84' lang='lat' dir='ltr'><strong>tle</strong></span> <span class='ocrx_word' id='word_1_22' title='bbox 497 652 576 728; x_wconf 88' lang='lat' dir='ltr'><strong>Deo,</strong></span> <span class='ocrx_word' id='word_1_23' title='bbox 593 653 632 716; x_wconf 87' lang='lat' dir='ltr'><strong>tle</strong></span> <span class='ocrx_word' id='word_1_24' title='bbox 648 653 876 734; x_wconf 86' lang='lat' dir='ltr'><strong>Redemptore,</strong></span> <span class='ocrx_word' id='word_1_25' title='bbox 893 654 998 734; x_wconf 85' lang='lat' dir='ltr'>deque</span> <span class='ocrx_word' id='word_1_26' title='bbox 1014 656 1174 718; x_wconf 83' lang='lat' dir='ltr'><strong>creaturis</strong></span> 
     </span>
     <span class='ocr_line' id='line_1_4' title="bbox 83 752 1175 839; baseline 0.004 -25"><span class='ocrx_word' id='word_1_27' title='bbox 83 754 273 818; x_wconf 74' lang='lat' dir='ltr'><strong>rationalibus</strong></span> <span class='ocrx_word' id='word_1_28' title='bbox 294 754 333 818; x_wconf 93' lang='lat' dir='ltr'><strong>ab</strong></span> <span class='ocrx_word' id='word_1_29' title='bbox 355 752 554 839; x_wconf 74' lang='lat' dir='ltr'>Hieronymo</span> <span class='ocrx_word' id='word_1_30' title='bbox 577 754 704 819; x_wconf 77' lang='lat' dir='ltr'><strong>Rumon</strong></span> <span class='ocrx_word' id='word_1_31' title='bbox 718 755 857 837; x_wconf 72' lang='lat' dir='ltr'><strong>obiecta,</strong></span> <span class='ocrx_word' id='word_1_32' title='bbox 873 754 920 818; x_wconf 92' lang='lat' dir='ltr'><strong>nti</strong></span> <span class='ocrx_word' id='word_1_33' title='bbox 935 755 1088 834; x_wconf 85' lang='lat' dir='ltr'><strong>genuinos</strong></span> <span class='ocrx_word' id='word_1_34' title='bbox 1100 753 1175 818; x_wconf 91' lang='lat' dir='ltr'><strong>Ori-</strong></span> 
     </span>
     <span class='ocr_line' id='line_1_5' title="bbox 83 853 1175 934; baseline 0.005 -20"><span class='ocrx_word' id='word_1_35' title='bbox 83 855 156 931; x_wconf 90' lang='lat' dir='ltr'><strong>genis</strong></span> <span class='ocrx_word' id='word_1_36' title='bbox 174 871 280 918; x_wconf 87' lang='lat' dir='ltr'><strong>sensns</strong></span> <span class='ocrx_word' id='word_1_37' title='bbox 301 874 319 918; x_wconf 85' lang='lat' dir='ltr'><strong>c</strong></span> <span class='ocrx_word' id='word_1_38' title='bbox 340 854 533 918; x_wconf 78' lang='lat' dir='ltr'><strong>Poriorchoo</strong></span> <span class='ocrx_word' id='word_1_39' title='bbox 553 855 706 930; x_wconf 85' lang='lat' dir='ltr'><strong>delectos,</strong></span> <span class='ocrx_word' id='word_1_40' title='bbox 727 856 811 918; x_wconf 86' lang='lat' dir='ltr'><strong>adeo</strong></span> <span class='ocrx_word' id='word_1_41' title='bbox 832 863 869 919; x_wconf 93' lang='lat' dir='ltr'><strong>nt</strong></span> <span class='ocrx_word' id='word_1_42' title='bbox 889 864 922 918; x_wconf 91' lang='lat' dir='ltr'><strong>et</strong></span> <span class='ocrx_word' id='word_1_43' title='bbox 942 856 1009 934; x_wconf 86' lang='lat' dir='ltr'><strong>ipse</strong></span> <span class='ocrx_word' id='word_1_44' title='bbox 1026 853 1175 920; x_wconf 83' lang='lat' dir='ltr'><strong>Rulllnus</strong></span> 
     </span>
     <span class='ocr_line' id='line_1_6' title="bbox 84 955 1177 1037; baseline 0.002 -21"><span class='ocrx_word' id='word_1_45' title='bbox 84 955 202 1018; x_wconf 89' lang='lat' dir='ltr'><strong>miratus</strong></span> <span class='ocrx_word' id='word_1_46' title='bbox 220 957 273 1031; x_wconf 86' lang='lat' dir='ltr'><strong>stt,</strong></span> <span class='ocrx_word' id='word_1_47' title='bbox 290 973 364 1019; x_wconf 90' lang='lat' dir='ltr'><strong>cum</strong></span> <span class='ocrx_word' id='word_1_48' title='bbox 394 975 436 1020; x_wconf 86' lang='lat' dir='ltr'><strong>ex</strong></span> <span class='ocrx_word' id='word_1_49' title='bbox 463 959 561 1020; x_wconf 90' lang='lat' dir='ltr'><strong>citato</strong></span> <span class='ocrx_word' id='word_1_50' title='bbox 585 955 697 1022; x_wconf 89' lang='lat' dir='ltr'><strong>libello</strong></span> <span class='ocrx_word' id='word_1_51' title='bbox 727 956 1006 1037; x_wconf 88' lang='lat' dir='ltr'><strong>comprehenderit</strong></span> <span class='ocrx_word' id='word_1_52' title='bbox 1020 963 1108 1021; x_wconf 84' lang='lat' dir='ltr'><strong>tanta</strong></span> <span class='ocrx_word' id='word_1_53' title='bbox 1122 956 1177 1018; x_wconf 88' lang='lat' dir='ltr'><strong>ab·</strong></span> 
     </span>
     <span class='ocr_line' id='line_1_7' title="bbox 85 1054 1176 1138; baseline 0.005 -22"><span class='ocrx_word' id='word_1_54' title='bbox 85 1056 177 1118; x_wconf 86' lang='lat' dir='ltr'><strong>surda.</strong></span> <span class='ocrx_word' id='word_1_55' title='bbox 199 1054 290 1132; x_wconf 82' lang='lat' dir='ltr'><strong>Quae</strong></span> <span class='ocrx_word' id='word_1_56' title='bbox 312 1057 442 1138; x_wconf 87' lang='lat' dir='ltr'><strong>quitiam</strong></span> <span class='ocrx_word' id='word_1_57' title='bbox 464 1059 642 1124; x_wconf 88' lang='lat' dir='ltr'><strong>obtestatus</strong></span> <span class='ocrx_word' id='word_1_58' title='bbox 664 1065 712 1124; x_wconf 87' lang='lat' dir='ltr'><strong>est</strong></span> <span class='ocrx_word' id='word_1_59' title='bbox 731 1076 765 1123; x_wconf 89' lang='lat' dir='ltr'><strong>se</strong></span> <span class='ocrx_word' id='word_1_60' title='bbox 787 1075 849 1121; x_wconf 93' lang='lat' dir='ltr'><strong>non</strong></span> <span class='ocrx_word' id='word_1_61' title='bbox 869 1058 983 1138; x_wconf 79' lang='lat' dir='ltr'><strong>legisse</strong></span> <span class='ocrx_word' id='word_1_62' title='bbox 1003 1057 1035 1120; x_wconf 91' lang='lat' dir='ltr'><strong>in</strong></span> <span class='ocrx_word' id='word_1_63' title='bbox 1060 1057 1176 1122; x_wconf 86' lang='lat' dir='ltr'><strong>codici·</strong></span> 
     </span>
     <span class='ocr_line' id='line_1_8' title="bbox 86 1153 1046 1240; baseline 0.004 -22"><span class='ocrx_word' id='word_1_64' title='bbox 86 1153 134 1220; x_wconf 87' lang='lat' dir='ltr'><strong>hns</strong></span> <span class='ocrx_word' id='word_1_65' title='bbox 152 1161 281 1236; x_wconf 85' lang='lat' dir='ltr'><strong>graecis,</strong></span> <span class='ocrx_word' id='word_1_66' title='bbox 304 1175 388 1240; x_wconf 85' lang='lat' dir='ltr'><strong>quos</strong></span> <span class='ocrx_word' id='word_1_67' title='bbox 408 1160 476 1240; x_wconf 87' lang='lat' dir='ltr'><strong>ipso</strong></span> <span class='ocrx_word' id='word_1_68' title='bbox 499 1161 664 1224; x_wconf 88' lang='lat' dir='ltr'><strong>consuluit</strong></span> <span class='ocrx_word' id='word_1_69' title='bbox 684 1168 716 1224; x_wconf 88' lang='lat' dir='ltr'><strong>at</strong></span> <span class='ocrx_word' id='word_1_70' title='bbox 735 1161 967 1240; x_wconf 86' lang='lat' dir='ltr'><strong>interpretatus</strong></span> <span class='ocrx_word' id='word_1_71' title='bbox 987 1167 1046 1224; x_wconf 87' lang='lat' dir='ltr'><strong>est.</strong></span> 
     </span>
     <span class='ocr_line' id='line_1_9' title="bbox 149 1255 1178 1343; baseline 0.005 -24"><span class='ocrx_word' id='word_1_72' title='bbox 149 1255 303 1340; x_wconf 81' lang='lat' dir='ltr'>Insuper,</span> <span class='ocrx_word' id='word_1_73' title='bbox 325 1261 351 1323; x_wconf 88' lang='lat' dir='ltr'><strong>si</strong></span> <span class='ocrx_word' id='word_1_74' title='bbox 374 1279 488 1326; x_wconf 85' lang='lat' dir='ltr'><strong>revera</strong></span> <span class='ocrx_word' id='word_1_75' title='bbox 510 1262 694 1343; x_wconf 86' lang='lat' dir='ltr'><strong>blasphema</strong></span> <span class='ocrx_word' id='word_1_76' title='bbox 718 1261 816 1324; x_wconf 86' lang='lat' dir='ltr'><strong>rerba</strong></span> <span class='ocrx_word' id='word_1_77' title='bbox 838 1261 1010 1341; x_wconf 88' lang='lat' dir='ltr'><strong>reperisset</strong></span> <span class='ocrx_word' id='word_1_78' title='bbox 1030 1259 1178 1325; x_wconf 84' lang='lat' dir='ltr'><strong>Ruffinns</strong></span> 
     </span>
     <span class='ocr_line' id='line_1_10' title="bbox 87 1357 1179 1442; baseline 0.005 -24"><span class='ocrx_word' id='word_1_79' title='bbox 87 1357 111 1418; x_wconf 92' lang='lat' dir='ltr'><strong>io</strong></span> <span class='ocrx_word' id='word_1_80' title='bbox 129 1360 297 1436; x_wconf 82' lang='lat' dir='ltr'><strong>codicibus,</strong></span> <span class='ocrx_word' id='word_1_81' title='bbox 319 1363 428 1442; x_wconf 84' lang='lat' dir='ltr'><strong>qualia</strong></span> <span class='ocrx_word' id='word_1_82' title='bbox 449 1381 548 1442; x_wconf 86' lang='lat' dir='ltr'><strong>supra</strong></span> <span class='ocrx_word' id='word_1_83' title='bbox 571 1365 666 1428; x_wconf 87' lang='lat' dir='ltr'><strong>citata</strong></span> <span class='ocrx_word' id='word_1_84' title='bbox 688 1370 775 1438; x_wconf 89' lang='lat' dir='ltr'><strong>sunt,</strong></span> <span class='ocrx_word' id='word_1_85' title='bbox 798 1380 860 1426; x_wconf 91' lang='lat' dir='ltr'><strong>nou</strong></span> <span class='ocrx_word' id='word_1_86' title='bbox 875 1363 1006 1426; x_wconf 65' lang='lat' dir='ltr'><strong>dixisset</strong></span> <span class='ocrx_word' id='word_1_87' title='bbox 1022 1362 1179 1442; x_wconf 83' lang='lat' dir='ltr'><strong>quodam·</strong></span> 
     </span>
     <span class='ocr_line' id='line_1_11' title="bbox 87 1459 1181 1543; baseline 0.004 -23"><span class='ocrx_word' id='word_1_88' title='bbox 87 1461 164 1524; x_wconf 85' lang='lat' dir='ltr'><strong>noio</strong></span> <span class='ocrx_word' id='word_1_89' title='bbox 188 1462 325 1538; x_wconf 82' lang='lat' dir='ltr'><strong>tutius,</strong></span> <span class='ocrx_word' id='word_1_90' title='bbox 348 1483 382 1526; x_wconf 90' lang='lat' dir='ltr'><strong>se</strong></span> <span class='ocrx_word' id='word_1_91' title='bbox 402 1465 554 1526; x_wconf 87' lang='lat' dir='ltr'><strong>nonnulla</strong></span> <span class='ocrx_word' id='word_1_92' title='bbox 580 1464 793 1538; x_wconf 75' lang='lat' dir='ltr'><strong>reformasse,</strong></span> <span class='ocrx_word' id='word_1_93' title='bbox 815 1480 899 1543; x_wconf 86' lang='lat' dir='ltr'><strong>quaa</strong></span> <span class='ocrx_word' id='word_1_94' title='bbox 920 1462 1033 1526; x_wconf 86' lang='lat' dir='ltr'><strong>menda</strong></span> <span class='ocrx_word' id='word_1_95' title='bbox 1054 1461 1115 1526; x_wconf 86' lang='lat' dir='ltr'><strong>sibi</strong></span> <span class='ocrx_word' id='word_1_96' title='bbox 1134 1459 1181 1524; x_wconf 87' lang='lat' dir='ltr'><strong>oi·</strong></span> 
     </span>
     <span class='ocr_line' id='line_1_12' title="bbox 91 1561 1180 1646; baseline 0.004 -22"><span class='ocrx_word' id='word_1_97' title='bbox 91 1561 239 1641; x_wconf 68' lang='lat' dir='ltr'><strong>rmum,</strong></span> <span class='ocrx_word' id='word_1_98' title='bbox 261 1573 320 1629; x_wconf 76' lang='lat' dir='ltr'><strong>sut</strong></span> <span class='ocrx_word' id='word_1_99' title='bbox 338 1564 444 1628; x_wconf 80' lang='lat' dir='ltr'><strong>miuus</strong></span> <span class='ocrx_word' id='word_1_100' title='bbox 471 1563 698 1646; x_wconf 74' lang='lat' dir='ltr'><strong>aedificationis</strong></span> <span class='ocrx_word' id='word_1_101' title='bbox 725 1565 835 1628; x_wconf 81' lang='lat' dir='ltr'><strong>habers</strong></span> <span class='ocrx_word' id='word_1_102' title='bbox 844 1585 862 1640; x_wconf 88' lang='lat'><em>;</em></span> <span class='ocrx_word' id='word_1_103' title='bbox 883 1567 938 1628; x_wconf 87' lang='lat' dir='ltr'><strong>setl</strong></span> <span class='ocrx_word' id='word_1_104' title='bbox 962 1567 1030 1630; x_wconf 89' lang='lat' dir='ltr'><strong>ulla</strong></span> <span class='ocrx_word' id='word_1_105' title='bbox 1058 1566 1180 1645; x_wconf 83' lang='lat' dir='ltr'><strong>absque</strong></span> 
     </span>
     <span class='ocr_line' id='line_1_13' title="bbox 92 1663 1179 1747; baseline 0.003 -23"><span class='ocrx_word' id='word_1_106' title='bbox 92 1663 273 1744; x_wconf 82' lang='lat' dir='ltr'><strong>ambiguitate</strong></span> <span class='ocrx_word' id='word_1_107' title='bbox 294 1667 462 1742; x_wconf 85' lang='lat' dir='ltr'><strong>sermonis,</strong></span> <span class='ocrx_word' id='word_1_108' title='bbox 485 1675 552 1732; x_wconf 90' lang='lat' dir='ltr'><strong>toto</strong></span> <span class='ocrx_word' id='word_1_109' title='bbox 574 1669 679 1731; x_wconf 88' lang='lat' dir='ltr'><strong>animo</strong></span> <span class='ocrx_word' id='word_1_110' title='bbox 702 1670 841 1747; x_wconf 87' lang='lat' dir='ltr'><strong>totisque</strong></span> <span class='ocrx_word' id='word_1_111' title='bbox 860 1665 984 1730; x_wconf 83' lang='lat' dir='ltr'><strong>viribus</strong></span> <span class='ocrx_word' id='word_1_112' title='bbox 999 1683 1179 1730; x_wconf 87' lang='lat' dir='ltr'><strong>asseveras·</strong></span> 
     </span>
     <span class='ocr_line' id='line_1_14' title="bbox 90 1765 1181 1846; baseline 0.004 -23"><span class='ocrx_word' id='word_1_113' title='bbox 90 1773 135 1836; x_wconf 85' lang='lat' dir='ltr'><strong>set,</strong></span> <span class='ocrx_word' id='word_1_114' title='bbox 152 1767 247 1830; x_wconf 90' lang='lat' dir='ltr'><strong>libros</strong></span> <span class='ocrx_word' id='word_1_115' title='bbox 266 1766 466 1832; x_wconf 83' lang='lat' dir='ltr'><strong>Periorcboo</strong></span> <span class='ocrx_word' id='word_1_116' title='bbox 479 1769 643 1832; x_wconf 84' lang='lat' dir='ltr'><strong>continere</strong></span> <span class='ocrx_word' id='word_1_117' title='bbox 657 1768 836 1831; x_wconf 88' lang='lat' dir='ltr'><strong>haereticos</strong></span> <span class='ocrx_word' id='word_1_118' title='bbox 851 1784 974 1842; x_wconf 88' lang='lat' dir='ltr'><strong>sensus,</strong></span> <span class='ocrx_word' id='word_1_119' title='bbox 992 1765 1087 1844; x_wconf 89' lang='lat' dir='ltr'><strong>impia</strong></span> <span class='ocrx_word' id='word_1_120' title='bbox 1103 1765 1181 1846; x_wconf 87' lang='lat' dir='ltr'><strong>dog·</strong></span> 
     </span>
     <span class='ocr_line' id='line_1_15' title="bbox 87 1863 1180 1949; baseline 0.004 -23"><span class='ocrx_word' id='word_1_121' title='bbox 87 1873 154 1927; x_wconf 87' lang='lat' dir='ltr'><strong>matr</strong></span> <span class='ocrx_word' id='word_1_122' title='bbox 173 1886 319 1949; x_wconf 86' lang='lat' dir='ltr'><strong>eousque</strong></span> <span class='ocrx_word' id='word_1_123' title='bbox 340 1869 482 1930; x_wconf 87' lang='lat' dir='ltr'><strong>inaudita</strong></span> <span class='ocrx_word' id='word_1_124' title='bbox 503 1869 658 1932; x_wconf 84' lang='lat' dir='ltr'><strong>adversus</strong></span> <span class='ocrx_word' id='word_1_125' title='bbox 680 1867 782 1934; x_wconf 84' lang='lat' dir='ltr'><strong>Deum</strong></span> <span class='ocrx_word' id='word_1_126' title='bbox 801 1867 941 1942; x_wconf 88' lang='lat' dir='ltr'><strong>Patrem,</strong></span> <span class='ocrx_word' id='word_1_127' title='bbox 958 1865 1083 1948; x_wconf 85' lang='lat' dir='ltr'><strong>lleique</strong></span> <span class='ocrx_word' id='word_1_128' title='bbox 1101 1863 1180 1930; x_wconf 86' lang='lat' dir='ltr'><strong>Ver·</strong></span> 
     </span>
     <span class='ocr_line' id='line_1_16' title="bbox 87 1963 1183 2051; baseline 0.003 -23"><span class='ocrx_word' id='word_1_129' title='bbox 87 1963 149 2028; x_wconf 88' lang='lat' dir='ltr'><strong>bum</strong></span> <span class='ocrx_word' id='word_1_130' title='bbox 167 1976 199 2032; x_wconf 89' lang='lat' dir='ltr'><strong>et</strong></span> <span class='ocrx_word' id='word_1_131' title='bbox 218 1972 250 2032; x_wconf 91' lang='lat' dir='ltr'><strong>in</strong></span> <span class='ocrx_word' id='word_1_132' title='bbox 271 1971 428 2050; x_wconf 89' lang='lat' dir='ltr'><strong>Spiritum</strong></span> <span class='ocrx_word' id='word_1_133' title='bbox 449 1969 614 2046; x_wconf 89' lang='lat' dir='ltr'><strong>Sanctum,</strong></span> <span class='ocrx_word' id='word_1_134' title='bbox 636 1971 730 2034; x_wconf 91' lang='lat' dir='ltr'><strong>sicuti</strong></span> <span class='ocrx_word' id='word_1_135' title='bbox 751 1971 830 2033; x_wconf 86' lang='lat' dir='ltr'><strong>alias</strong></span> <span class='ocrx_word' id='word_1_136' title='bbox 851 1969 950 2051; x_wconf 87' lang='lat' dir='ltr'><strong>hujus</strong></span> <span class='ocrx_word' id='word_1_137' title='bbox 978 1972 1104 2050; x_wconf 87' lang='lat' dir='ltr'><strong>generis</strong></span> <span class='ocrx_word' id='word_1_138' title='bbox 1125 1986 1183 2033; x_wconf 80' lang='lat' dir='ltr'><strong>ex·</strong></span> 
     </span>
     <span class='ocr_line' id='line_1_17' title="bbox 86 2069 1184 2154; baseline 0.005 -28"><span class='ocrx_word' id='word_1_139' title='bbox 86 2073 286 2150; x_wconf 80' lang='lat' dir='ltr'><strong>travagautias</strong></span> <span class='ocrx_word' id='word_1_140' title='bbox 308 2072 347 2134; x_wconf 82' lang='lat' dir='ltr'><strong>tle</strong></span> <span class='ocrx_word' id='word_1_141' title='bbox 369 2071 497 2136; x_wconf 85' lang='lat' dir='ltr'><strong>Christo</strong></span> <span class='ocrx_word' id='word_1_142' title='bbox 519 2070 748 2152; x_wconf 63' lang='lat' dir='ltr'><strong>Redemptus,</strong></span> <span class='ocrx_word' id='word_1_143' title='bbox 770 2072 982 2154; x_wconf 84' lang='lat' dir='ltr'><strong>ejusdemque</strong></span> <span class='ocrx_word' id='word_1_144' title='bbox 1008 2088 1119 2151; x_wconf 89' lang='lat' dir='ltr'><strong>regno,</strong></span> <span class='ocrx_word' id='word_1_145' title='bbox 1143 2069 1184 2133; x_wconf 88' lang='lat' dir='ltr'><strong>tle</strong></span> 
     </span>
     <span class='ocr_line' id='line_1_18' title="bbox 86 2170 1184 2260; baseline 0.006 -33"><span class='ocrx_word' id='word_1_146' title='bbox 86 2171 202 2246; x_wconf 81' lang='lat' dir='ltr'><strong>monio,</strong></span> <span class='ocrx_word' id='word_1_147' title='bbox 218 2171 407 2250; x_wconf 73' lang='lat' dir='ltr'><strong>coangelis,</strong></span> <span class='ocrx_word' id='word_1_148' title='bbox 422 2171 461 2234; x_wconf 83' lang='lat' dir='ltr'><strong>ie</strong></span> <span class='ocrx_word' id='word_1_149' title='bbox 477 2173 643 2235; x_wconf 82' lang='lat' dir='ltr'><strong>animabus</strong></span> <span class='ocrx_word' id='word_1_150' title='bbox 657 2179 718 2238; x_wconf 88' lang='lat' dir='ltr'><strong>etc.</strong></span> <span class='ocrx_word' id='word_1_151' title='bbox 734 2190 818 2253; x_wconf 84' lang='lat' dir='ltr'><strong>qnae</strong></span> <span class='ocrx_word' id='word_1_152' title='bbox 830 2189 906 2236; x_wconf 86' lang='lat' dir='ltr'><strong>sane</strong></span> <span class='ocrx_word' id='word_1_153' title='bbox 916 2170 1082 2260; x_wconf 80' lang='lat' dir='ltr'><strong>Bullinum</strong></span> <span class='ocrx_word' id='word_1_154' title='bbox 1096 2170 1184 2234; x_wconf 89' lang='lat' dir='ltr'><strong>bautl</strong></span> 
     </span>
     <span class='ocr_line' id='line_1_19' title="bbox 86 2266 1132 2354; baseline 0.007 -26"><span class='ocrx_word' id='word_1_155' title='bbox 86 2266 174 2334; x_wconf 87' lang='lat' dir='ltr'><strong>latero</strong></span> <span class='ocrx_word' id='word_1_156' title='bbox 195 2274 386 2352; x_wconf 84' lang='lat' dir='ltr'><strong>potuissent,</strong></span> <span class='ocrx_word' id='word_1_157' title='bbox 409 2283 566 2353; x_wconf 83' lang='lat' dir='ltr'><strong>quantum</strong></span> <span class='ocrx_word' id='word_1_158' title='bbox 586 2291 604 2336; x_wconf 87' lang='lat' dir='ltr'><strong>a</strong></span> <span class='ocrx_word' id='word_1_159' title='bbox 627 2273 690 2336; x_wconf 84' lang='lat' dir='ltr'><strong>title</strong></span> <span class='ocrx_word' id='word_1_160' title='bbox 709 2275 884 2354; x_wconf 83' lang='lat' dir='ltr'><strong>apostolica</strong></span> <span class='ocrx_word' id='word_1_161' title='bbox 907 2274 1132 2337; x_wconf 87' lang='lat' dir='ltr'><strong>abhorrerent.</strong></span> 
     </span>
     <span class='ocr_line' id='line_1_20' title="bbox 153 2371 1185 2457; baseline 0.001 -20"><span class='ocrx_word' id='word_1_162' title='bbox 153 2371 198 2438; x_wconf 86' lang='lat' dir='ltr'><strong>lle</strong></span> <span class='ocrx_word' id='word_1_163' title='bbox 218 2376 348 2455; x_wconf 77' lang='lat' dir='ltr'><strong>reliquo</strong></span> <span class='ocrx_word' id='word_1_164' title='bbox 369 2382 468 2455; x_wconf 92' lang='lat' dir='ltr'><strong>patet,</strong></span> <span class='ocrx_word' id='word_1_165' title='bbox 486 2376 649 2456; x_wconf 83' lang='lat' dir='ltr'><strong>praelatos</strong></span> <span class='ocrx_word' id='word_1_166' title='bbox 664 2373 780 2457; x_wconf 82' lang='lat' dir='ltr'><strong>Operis</strong></span> <span class='ocrx_word' id='word_1_167' title='bbox 795 2374 840 2439; x_wconf 82' lang='lat' dir='ltr'><strong>Dc</strong></span> <span class='ocrx_word' id='word_1_168' title='bbox 855 2373 1032 2454; x_wconf 77' lang='lat' dir='ltr'><strong>Principiis</strong></span> <span class='ocrx_word' id='word_1_169' title='bbox 1046 2375 1185 2450; x_wconf 85' lang='lat' dir='ltr'><strong>cortices,</strong></span> 
     </span>
     <span class='ocr_line' id='line_1_21' title="bbox 87 2473 1187 2560; baseline 0.005 -26"><span class='ocrx_word' id='word_1_170' title='bbox 87 2473 190 2549; x_wconf 84' lang='lat' dir='ltr'><strong>ontbns</strong></span> <span class='ocrx_word' id='word_1_171' title='bbox 221 2487 350 2560; x_wconf 77' lang='lat' dir='ltr'><strong>martyr</strong></span> <span class='ocrx_word' id='word_1_172' title='bbox 379 2477 565 2558; x_wconf 82' lang='lat' dir='ltr'><strong>Pamphilus</strong></span> <span class='ocrx_word' id='word_1_173' title='bbox 597 2476 745 2558; x_wconf 87' lang='lat' dir='ltr'><strong>Origenis</strong></span> <span class='ocrx_word' id='word_1_174' title='bbox 773 2477 1021 2558; x_wconf 77' lang='lat' dir='ltr'><strong>Apologcticnm</strong></span> <span class='ocrx_word' id='word_1_175' title='bbox 1051 2478 1187 2556; x_wconf 84' lang='lat' dir='ltr'><strong>ingenue</strong></span> 
     </span>
     <span class='ocr_line' id='line_1_22' title="bbox 86 2574 1188 2658; baseline 0.005 -23"><span class='ocrx_word' id='word_1_176' title='bbox 86 2574 262 2652; x_wconf 74' lang='lat' dir='ltr'><strong>adornasti,</strong></span> <span class='ocrx_word' id='word_1_177' title='bbox 285 2578 326 2640; x_wconf 85' lang='lat' dir='ltr'><strong>ab</strong></span> <span class='ocrx_word' id='word_1_178' title='bbox 347 2579 432 2642; x_wconf 88' lang='lat' dir='ltr'><strong>omui</strong></span> <span class='ocrx_word' id='word_1_179' title='bbox 454 2579 671 2658; x_wconf 77' lang='lat' dir='ltr'><strong>corruptionis</strong></span> <span class='ocrx_word' id='word_1_180' title='bbox 691 2578 764 2640; x_wconf 89' lang='lat' dir='ltr'><strong>labe</strong></span> <span class='ocrx_word' id='word_1_181' title='bbox 784 2579 892 2642; x_wconf 86' lang='lat' dir='ltr'><strong>adhuc</strong></span> <span class='ocrx_word' id='word_1_182' title='bbox 921 2577 1044 2642; x_wconf 84' lang='lat' dir='ltr'><strong>serrari</strong></span> <span class='ocrx_word' id='word_1_183' title='bbox 1070 2580 1188 2641; x_wconf 89' lang='lat' dir='ltr'><strong>immu-</strong></span> 
     </span>
     <span class='ocr_line' id='line_1_23' title="bbox 86 2678 1189 2762; baseline 0.001 -24"><span class='ocrx_word' id='word_1_184' title='bbox 86 2689 133 2738; x_wconf 85' lang='lat' dir='ltr'><strong>ttes</strong></span> <span class='ocrx_word' id='word_1_185' title='bbox 142 2696 153 2755; x_wconf 88' lang='lat'>;</span> <span class='ocrx_word' id='word_1_186' title='bbox 168 2679 293 2760; x_wconf 84' lang='lat' dir='ltr'><strong>hosque</strong></span> <span class='ocrx_word' id='word_1_187' title='bbox 307 2679 485 2744; x_wconf 74' lang='lat' dir='ltr'><strong>uniformes</strong></span> <span class='ocrx_word' id='word_1_188' title='bbox 505 2679 620 2760; x_wconf 79' lang='lat' dir='ltr'><strong>legisse</strong></span> <span class='ocrx_word' id='word_1_189' title='bbox 635 2685 743 2759; x_wconf 85' lang='lat' dir='ltr'><strong>postea</strong></span> <span class='ocrx_word' id='word_1_190' title='bbox 759 2678 915 2744; x_wconf 84' lang='lat' dir='ltr'><strong>Joannnnt</strong></span> <span class='ocrx_word' id='word_1_191' title='bbox 931 2679 1189 2762; x_wconf 82' lang='lat' dir='ltr'><strong>hierosolymita·</strong></span> 
     </span>
     <span class='ocr_line' id='line_1_24' title="bbox 87 2777 1189 2853; baseline 0.004 -17"><span class='ocrx_word' id='word_1_192' title='bbox 87 2790 170 2853; x_wconf 87' lang='lat' dir='ltr'><strong>uum,</strong></span> <span class='ocrx_word' id='word_1_193' title='bbox 193 2781 280 2844; x_wconf 86' lang='lat' dir='ltr'><strong>unde</strong></span> <span class='ocrx_word' id='word_1_194' title='bbox 302 2799 393 2844; x_wconf 90' lang='lat' dir='ltr'><strong>suam</strong></span> <span class='ocrx_word' id='word_1_195' title='bbox 417 2788 449 2844; x_wconf 92' lang='lat' dir='ltr'><strong>et</strong></span> <span class='ocrx_word' id='word_1_196' title='bbox 463 2777 627 2844; x_wconf 78' lang='lat' dir='ltr'><strong>Ecclesiae</strong></span> <span class='ocrx_word' id='word_1_197' title='bbox 643 2779 841 2844; x_wconf 82' lang='lat' dir='ltr'><strong>Palaestinae</strong></span> <span class='ocrx_word' id='word_1_198' title='bbox 861 2779 1077 2843; x_wconf 79' lang='lat' dir='ltr'><strong>orthodoxam</strong></span> <span class='ocrx_word' id='word_1_199' title='bbox 1102 2795 1189 2842; x_wconf 89' lang='lat' dir='ltr'><strong>com-</strong></span> 
     </span>
     <span class='ocr_line' id='line_1_25' title="bbox 87 2879 1191 2966; baseline 0.002 -28"><span class='ocrx_word' id='word_1_200' title='bbox 87 2880 224 2954; x_wconf 86' lang='lat' dir='ltr'><strong>probarit</strong></span> <span class='ocrx_word' id='word_1_201' title='bbox 244 2881 340 2947; x_wconf 86' lang='lat' dir='ltr'><strong>fidem</strong></span> <span class='ocrx_word' id='word_1_202' title='bbox 362 2889 474 2946; x_wconf 88' lang='lat' dir='ltr'><strong>contra</strong></span> <span class='ocrx_word' id='word_1_203' title='bbox 496 2880 711 2963; x_wconf 86' lang='lat' dir='ltr'><strong>Epiphaninm</strong></span> <span class='ocrx_word' id='word_1_204' title='bbox 727 2888 758 2944; x_wconf 87' lang='lat' dir='ltr'><strong>ot</strong></span> <span class='ocrx_word' id='word_1_205' title='bbox 774 2879 1033 2966; x_wconf 67' lang='lat' dir='ltr'><strong>Hieronymum</strong></span> <span class='ocrx_word' id='word_1_206' title='bbox 1050 2880 1191 2944; x_wconf 88' lang='lat' dir='ltr'><strong>obtesta-</strong></span> 
     </span>
     <span class='ocr_line' id='line_1_26' title="bbox 88 2979 1190 3064; baseline 0.002 -24"><span class='ocrx_word' id='word_1_207' title='bbox 88 2983 132 3042; x_wconf 87' lang='lat' dir='ltr'><strong>tus</strong></span> <span class='ocrx_word' id='word_1_208' title='bbox 151 2999 259 3048; x_wconf 91' lang='lat' dir='ltr'><strong>coram</strong></span> <span class='ocrx_word' id='word_1_209' title='bbox 282 2985 361 3058; x_wconf 88' lang='lat' dir='ltr'><strong>istis,</strong></span> <span class='ocrx_word' id='word_1_210' title='bbox 383 3001 417 3046; x_wconf 87' lang='lat' dir='ltr'><strong>se</strong></span> <span class='ocrx_word' id='word_1_211' title='bbox 436 3001 579 3064; x_wconf 88' lang='lat' dir='ltr'><strong>suosque</strong></span> <span class='ocrx_word' id='word_1_212' title='bbox 600 2991 673 3046; x_wconf 88' lang='lat' dir='ltr'><strong>ante</strong></span> <span class='ocrx_word' id='word_1_213' title='bbox 694 2983 775 3047; x_wconf 86' lang='lat' dir='ltr'><strong>illud</strong></span> <span class='ocrx_word' id='word_1_214' title='bbox 800 2992 924 3063; x_wconf 87' lang='lat' dir='ltr'><strong>tompus</strong></span> <span class='ocrx_word' id='word_1_215' title='bbox 949 3001 1007 3046; x_wconf 92' lang='lat' dir='ltr'><strong>nec</strong></span> <span class='ocrx_word' id='word_1_216' title='bbox 1028 2981 1142 3060; x_wconf 78' lang='lat' dir='ltr'><strong>legisse</strong></span> <span class='ocrx_word' id='word_1_217' title='bbox 1158 2979 1190 3042; x_wconf 89' lang='lat' dir='ltr'><strong>in</strong></span> 
     </span>
     <span class='ocr_line' id='line_1_27' title="bbox 87 3082 1192 3164; baseline 0.005 -26"><span class='ocrx_word' id='word_1_218' title='bbox 87 3085 302 3164; x_wconf 88' lang='lat' dir='ltr'><strong>manuscriptis</strong></span> <span class='ocrx_word' id='word_1_219' title='bbox 322 3082 482 3163; x_wconf 85' lang='lat' dir='ltr'><strong>Origeuis,</strong></span> <span class='ocrx_word' id='word_1_220' title='bbox 499 3101 556 3146; x_wconf 89' lang='lat' dir='ltr'><strong>nec</strong></span> <span class='ocrx_word' id='word_1_221' title='bbox 570 3085 731 3148; x_wconf 84' lang='lat' dir='ltr'><strong>audivisse</strong></span> <span class='ocrx_word' id='word_1_222' title='bbox 746 3102 890 3164; x_wconf 87' lang='lat' dir='ltr'><strong>unquam</strong></span> <span class='ocrx_word' id='word_1_223' title='bbox 905 3101 1048 3156; x_wconf 87' lang='lat' dir='ltr'><strong>errores,</strong></span> <span class='ocrx_word' id='word_1_224' title='bbox 1064 3082 1104 3146; x_wconf 83' lang='lat' dir='ltr'><strong>tle</strong></span> <span class='ocrx_word' id='word_1_225' title='bbox 1119 3082 1192 3160; x_wconf 82' lang='lat' dir='ltr'><strong>qui-</strong></span> 
     </span>
     <span class='ocr_line' id='line_1_28' title="bbox 88 3173 1193 3266; baseline 0 -22"><span class='ocrx_word' id='word_1_226' title='bbox 88 3173 139 3244; x_wconf 74' lang='lat' dir='ltr'><strong>ltts</strong></span> <span class='ocrx_word' id='word_1_227' title='bbox 158 3185 364 3266; x_wconf 80' lang='lat' dir='ltr'><strong>culpabatur.</strong></span> <span class='ocrx_word' id='word_1_228' title='bbox 389 3183 607 3262; x_wconf 86' lang='lat' dir='ltr'><strong>Quamobrem</strong></span> <span class='ocrx_word' id='word_1_229' title='bbox 632 3184 964 3248; x_wconf 82' lang='lat' dir='ltr'><strong>hnotortsoatbottoa</strong></span> <span class='ocrx_word' id='word_1_230' title='bbox 991 3183 1070 3248; x_wconf 84' lang='lat' dir='ltr'><strong>tides</strong></span> <span class='ocrx_word' id='word_1_231' title='bbox 1093 3184 1193 3262; x_wconf 88' lang='lat' dir='ltr'><strong>magis</strong></span> 
     </span>
     <span class='ocr_line' id='line_1_29' title="bbox 88 3284 1192 3365; baseline 0.009 -30"><span class='ocrx_word' id='word_1_232' title='bbox 88 3284 189 3340; x_wconf 83' lang='lat' dir='ltr'><strong>eontra</strong></span> <span class='ocrx_word' id='word_1_233' title='bbox 207 3285 412 3348; x_wconf 84' lang='lat' dir='ltr'><strong>adversarios</strong></span> <span class='ocrx_word' id='word_1_234' title='bbox 433 3286 636 3364; x_wconf 77' lang='lat' dir='ltr'><strong>adstruitur3</strong></span> <span class='ocrx_word' id='word_1_235' title='bbox 659 3303 697 3348; x_wconf 89' lang='lat' dir='ltr'><strong>ac</strong></span> <span class='ocrx_word' id='word_1_236' title='bbox 719 3285 838 3348; x_wconf 89' lang='lat' dir='ltr'><strong>malitia</strong></span> <span class='ocrx_word' id='word_1_237' title='bbox 861 3284 1024 3365; x_wconf 87' lang='lat' dir='ltr'><strong>detegitur</strong></span> <span class='ocrx_word' id='word_1_238' title='bbox 1050 3286 1192 3362; x_wconf 90' lang='lat' dir='ltr'><strong>interpo-</strong></span> 
     </span>
     <span class='ocr_line' id='line_1_30' title="bbox 91 3370 1195 3468; baseline 0.01 -32"><span class='ocrx_word' id='word_1_239' title='bbox 91 3370 222 3444; x_wconf 85' lang='lat' dir='ltr'><strong>latorum</strong></span> <span class='ocrx_word' id='word_1_240' title='bbox 244 3386 277 3442; x_wconf 92' lang='lat' dir='ltr'><strong>iu</strong></span> <span class='ocrx_word' id='word_1_241' title='bbox 297 3385 442 3462; x_wconf 82' lang='lat' dir='ltr'><strong>ejusdem</strong></span> <span class='ocrx_word' id='word_1_242' title='bbox 457 3386 648 3448; x_wconf 88' lang='lat' dir='ltr'><strong>adulterinis</strong></span> <span class='ocrx_word' id='word_1_243' title='bbox 670 3387 862 3450; x_wconf 88' lang='lat' dir='ltr'><strong>editionibus</strong></span> <span class='ocrx_word' id='word_1_244' title='bbox 876 3383 1125 3468; x_wconf 62' lang='lat' dir='ltr'><strong>compingentur,</strong></span> <span class='ocrx_word' id='word_1_245' title='bbox 1143 3383 1195 3447; x_wconf 89' lang='lat' dir='ltr'><strong>rel</strong></span> 
     </span>
     <span class='ocr_line' id='line_1_31' title="bbox 93 3475 1196 3569; baseline 0.011 -33"><span class='ocrx_word' id='word_1_246' title='bbox 93 3475 121 3538; x_wconf 92' lang='lat' dir='ltr'><strong>in</strong></span> <span class='ocrx_word' id='word_1_247' title='bbox 133 3479 249 3544; x_wconf 88' lang='lat' dir='ltr'><strong>libellis</strong></span> <span class='ocrx_word' id='word_1_248' title='bbox 264 3482 343 3546; x_wconf 84' lang='lat' dir='ltr'><strong>tales</strong></span> <span class='ocrx_word' id='word_1_249' title='bbox 362 3487 561 3565; x_wconf 87' lang='lat' dir='ltr'><strong>capientibus</strong></span> <span class='ocrx_word' id='word_1_250' title='bbox 582 3505 725 3564; x_wconf 85' lang='lat' dir='ltr'><strong>errores,</strong></span> <span class='ocrx_word' id='word_1_251' title='bbox 741 3488 883 3569; x_wconf 83' lang='lat' dir='ltr'><strong>undique</strong></span> <span class='ocrx_word' id='word_1_252' title='bbox 899 3493 1008 3568; x_wconf 87' lang='lat' dir='ltr'><strong>postea</strong></span> <span class='ocrx_word' id='word_1_253' title='bbox 1022 3484 1083 3548; x_wconf 92' lang='lat' dir='ltr'><strong>snb</strong></span> <span class='ocrx_word' id='word_1_254' title='bbox 1097 3485 1196 3562; x_wconf 86' lang='lat' dir='ltr'><strong>ipsius</strong></span> 
     </span>
    </p>
   </div>
   <div class='ocr_carea' id='block_1_3' title="bbox 24 3573 1198 4284">
    <p class='ocr_par' dir='ltr' id='par_1_3' title="bbox 96 3573 546 3668">
     <span class='ocr_line' id='line_1_32' title="bbox 96 3573 546 3668; baseline 0.022 -28"><span class='ocrx_word' id='word_1_255' title='bbox 96 3573 234 3661; x_wconf 82' lang='lat' dir='ltr'><strong>Origonis</strong></span> <span class='ocrx_word' id='word_1_256' title='bbox 255 3587 381 3650; x_wconf 86' lang='lat' dir='ltr'><strong>nomine</strong></span> <span class='ocrx_word' id='word_1_257' title='bbox 397 3588 546 3668; x_wconf 84' lang='lat' dir='ltr'><strong>vulgatis.</strong></span> 
     </span>
    </p>

    <p class='ocr_par' dir='ltr' id='par_1_4' title="bbox 24 3675 1198 4284">
     <span class='ocr_line' id='line_1_33' title="bbox 163 3675 1195 3766; baseline 0.014 -28"><span class='ocrx_word' id='word_1_258' title='bbox 163 3675 205 3739; x_wconf 84' lang='lat' dir='ltr'><strong>Et</strong></span> <span class='ocrx_word' id='word_1_259' title='bbox 224 3679 250 3741; x_wconf 90' lang='lat' dir='ltr'><strong>si</strong></span> <span class='ocrx_word' id='word_1_260' title='bbox 272 3679 313 3742; x_wconf 85' lang='lat' dir='ltr'><strong>de</strong></span> <span class='ocrx_word' id='word_1_261' title='bbox 333 3682 395 3746; x_wconf 92' lang='lat' dir='ltr'><strong>boc</strong></span> <span class='ocrx_word' id='word_1_262' title='bbox 413 3686 460 3746; x_wconf 86' lang='lat' dir='ltr'><strong>ris</strong></span> <span class='ocrx_word' id='word_1_263' title='bbox 480 3684 772 3748; x_wconf 87' lang='lat' dir='ltr'><strong>luculentissimum</strong></span> <span class='ocrx_word' id='word_1_264' title='bbox 794 3686 995 3766; x_wconf 83' lang='lat' dir='ltr'><strong>exemplum,</strong></span> <span class='ocrx_word' id='word_1_265' title='bbox 1016 3683 1104 3761; x_wconf 75' lang='lat' dir='ltr'><strong>leges</strong></span> <span class='ocrx_word' id='word_1_266' title='bbox 1117 3678 1195 3760; x_wconf 71' lang='lat' dir='ltr'><strong>quid</strong></span> 
     </span>
     <span class='ocr_line' id='line_1_34' title="bbox 94 3771 1196 3868; baseline 0.009 -36"><span class='ocrx_word' id='word_1_267' title='bbox 94 3771 133 3835; x_wconf 88' lang='lat' dir='ltr'><strong>ait</strong></span> <span class='ocrx_word' id='word_1_268' title='bbox 151 3773 347 3857; x_wconf 85' lang='lat' dir='ltr'><strong>Theophilus</strong></span> <span class='ocrx_word' id='word_1_269' title='bbox 374 3785 405 3846; x_wconf 91' lang='lat' dir='ltr'><strong>itt</strong></span> <span class='ocrx_word' id='word_1_270' title='bbox 431 3782 529 3846; x_wconf 86' lang='lat' dir='ltr'><strong>Libro</strong></span> <span class='ocrx_word' id='word_1_271' title='bbox 553 3783 598 3848; x_wconf 87' lang='lat' dir='ltr'><strong>Dc</strong></span> <span class='ocrx_word' id='word_1_272' title='bbox 625 3783 774 3850; x_wconf 82' lang='lat' dir='ltr'><strong>Oratione</strong></span> <span class='ocrx_word' id='word_1_273' title='bbox 786 3829 798 3862; x_wconf 85' lang='lat'><strong><em>,</em></strong></span> <span class='ocrx_word' id='word_1_274' title='bbox 824 3786 1027 3868; x_wconf 87' lang='lat' dir='ltr'><strong>pessumdata</strong></span> <span class='ocrx_word' id='word_1_275' title='bbox 1049 3779 1196 3860; x_wconf 89' lang='lat' dir='ltr'><strong>Origonis</strong></span> 
     </span>
     <span class='ocr_line' id='line_1_35' title="bbox 93 3881 1198 3960; baseline 0.009 -26"><span class='ocrx_word' id='word_1_276' title='bbox 93 3883 189 3938; x_wconf 88' lang='lat' dir='ltr'><strong>mente</strong></span> <span class='ocrx_word' id='word_1_277' title='bbox 211 3897 269 3958; x_wconf 89' lang='lat' dir='ltr'><strong>per</strong></span> <span class='ocrx_word' id='word_1_278' title='bbox 290 3899 326 3943; x_wconf 88' lang='lat' dir='ltr'><strong>aa</strong></span> <span class='ocrx_word' id='word_1_279' title='bbox 349 3885 469 3948; x_wconf 82' lang='lat' dir='ltr'><strong>rerba:</strong></span> <span class='ocrx_word' id='word_1_280' title='bbox 492 3904 557 3948; x_wconf 83' lang='lat' dir='ltr'><strong>ooo</strong></span> <span class='ocrx_word' id='word_1_281' title='bbox 585 3905 648 3950; x_wconf 82' lang='lat' dir='ltr'><strong>csse</strong></span> <span class='ocrx_word' id='word_1_282' title='bbox 667 3887 823 3952; x_wconf 81' lang='lat' dir='ltr'><strong>orandum</strong></span> <span class='ocrx_word' id='word_1_283' title='bbox 849 3885 990 3960; x_wconf 80' lang='lat' dir='ltr'><strong>Filium,</strong></span> <span class='ocrx_word' id='word_1_284' title='bbox 1012 3884 1067 3948; x_wconf 84' lang='lat' dir='ltr'><strong>scd</strong></span> <span class='ocrx_word' id='word_1_285' title='bbox 1095 3881 1198 3946; x_wconf 82' lang='lat' dir='ltr'><strong>sotum</strong></span> 
     </span>
     <span class='ocr_line' id='line_1_36' title="bbox 95 3968 1197 4068; baseline 0.007 -33"><span class='ocrx_word' id='word_1_286' title='bbox 95 3968 225 4047; x_wconf 83' lang='lat' dir='ltr'><strong>Patrem,</strong></span> <span class='ocrx_word' id='word_1_287' title='bbox 246 3999 320 4042; x_wconf 89' lang='lat' dir='ltr'><strong>cnm</strong></span> <span class='ocrx_word' id='word_1_288' title='bbox 341 3987 541 4063; x_wconf 83' lang='lat' dir='ltr'><strong>apertissime</strong></span> <span class='ocrx_word' id='word_1_289' title='bbox 562 3995 594 4050; x_wconf 91' lang='lat' dir='ltr'><strong>et</strong></span> <span class='ocrx_word' id='word_1_290' title='bbox 615 4007 656 4052; x_wconf 84' lang='lat' dir='ltr'><strong>ex</strong></span> <span class='ocrx_word' id='word_1_291' title='bbox 679 3996 771 4053; x_wconf 86' lang='lat' dir='ltr'><strong>textu</strong></span> <span class='ocrx_word' id='word_1_292' title='bbox 793 4005 910 4068; x_wconf 87' lang='lat' dir='ltr'><strong>gracco</strong></span> <span class='ocrx_word' id='word_1_293' title='bbox 932 3996 965 4050; x_wconf 91' lang='lat' dir='ltr'><strong>et</strong></span> <span class='ocrx_word' id='word_1_294' title='bbox 984 4005 1027 4050; x_wconf 82' lang='lat' dir='ltr'><strong>ax</strong></span> <span class='ocrx_word' id='word_1_295' title='bbox 1041 3984 1197 4050; x_wconf 86' lang='lat' dir='ltr'><strong>sermonis</strong></span> 
     </span>
     <span class='ocr_line' id='line_1_37' title="bbox 24 4078 1196 4170; baseline 0.013 -38"><span class='ocrx_word' id='word_1_296' title='bbox 24 4095 25 4098; x_wconf 41' lang='lat'>¹</span> <span class='ocrx_word' id='word_1_297' title='bbox 95 4088 174 4138; x_wconf 80' lang='lat' dir='ltr'><strong>uaxu</strong></span> <span class='ocrx_word' id='word_1_298' title='bbox 193 4078 365 4159; x_wconf 87' lang='lat' dir='ltr'><strong>Origeuem</strong></span> <span class='ocrx_word' id='word_1_299' title='bbox 386 4088 544 4166; x_wconf 86' lang='lat' dir='ltr'><strong>probatur</strong></span> <span class='ocrx_word' id='word_1_300' title='bbox 562 4089 657 4170; x_wconf 82' lang='lat' dir='ltr'><strong>juxta</strong></span> <span class='ocrx_word' id='word_1_301' title='bbox 680 4089 876 4154; x_wconf 89' lang='lat' dir='ltr'><strong>catholicum</strong></span> <span class='ocrx_word' id='word_1_302' title='bbox 898 4105 1026 4152; x_wconf 90' lang='lat' dir='ltr'><strong>sensum</strong></span> <span class='ocrx_word' id='word_1_303' title='bbox 1047 4087 1196 4150; x_wconf 89' lang='lat' dir='ltr'><strong>locutum</strong></span> 
     </span>
     <span class='ocr_line' id='line_1_38' title="bbox 96 4177 1198 4284; baseline 0.017 -48"><span class='ocrx_word' id='word_1_304' title='bbox 96 4189 166 4240; x_wconf 86' lang='lat' dir='ltr'><strong>esse.</strong></span> <span class='ocrx_word' id='word_1_305' title='bbox 188 4177 338 4252; x_wconf 74' lang='lat' dir='ltr'><strong>Proiecto</strong></span> <span class='ocrx_word' id='word_1_306' title='bbox 351 4187 378 4252; x_wconf 90' lang='lat' dir='ltr'><strong>si</strong></span> <span class='ocrx_word' id='word_1_307' title='bbox 392 4185 592 4271; x_wconf 81' lang='lat' dir='ltr'><strong>Theophilus</strong></span> <span class='ocrx_word' id='word_1_308' title='bbox 612 4198 645 4256; x_wconf 90' lang='lat' dir='ltr'><strong>et</strong></span> <span class='ocrx_word' id='word_1_309' title='bbox 665 4209 740 4258; x_wconf 90' lang='lat' dir='ltr'><strong>cnm</strong></span> <span class='ocrx_word' id='word_1_310' title='bbox 756 4211 796 4256; x_wconf 94' lang='lat' dir='ltr'><strong>eo</strong></span> <span class='ocrx_word' id='word_1_311' title='bbox 811 4189 1029 4284; x_wconf 78' lang='lat' dir='ltr'><strong>Hieronymus</strong></span> <span class='ocrx_word' id='word_1_312' title='bbox 1044 4203 1198 4274; x_wconf 84' lang='lat' dir='ltr'><strong>graecum</strong></span> 
     </span>
    </p>
   </div>
   <div class='ocr_carea' id='block_1_4' title="bbox 0 0 1528 4942">
    <p class='ocr_par' dir='ltr' id='par_1_5' title="bbox 0 0 1528 4942">
     <span class='ocr_line' id='line_1_39' title="bbox 0 0 1528 4942; baseline 0 0"><span class='ocrx_word' id='word_1_313' title='bbox 0 0 1528 4942; x_wconf 95' lang='lat' dir='ltr'><strong> </strong></span> 
     </span>
    </p>
   </div>
  </div>
 </body>
</html>
