3028 4942
63 479 131 538 tur:
151 471 235 552 qnod
257 491 297 536 eu
315 473 441 555 scripsi,
453 481 501 538 .ut
520 479 553 537 et
572 473 613 535 ab
634 473 835 552 aruspicinae
857 479 919 535 eta
936 367 1160 554 pattosopbtg

63 572 222 636 traditione
241 572 389 638 saumdcii
405 573 496 638 istius
511 573 807 654 interpretationem
821 591 1035 639 secernerem.
1050 571 1160 636 Veiint

61 672 108 732 alii
127 671 303 736 doctrinam
324 673 463 753 probare
481 691 573 738 susm
584 693 596 753 ς
618 691 678 754 ego
697 675 791 756 juxta
815 673 1007 757 Apostolum
1028 673 1158 740 timidus

62 772 149 846 mato,
170 789 268 852 qnam
289 773 403 838 dectus
424 772 539 848 videri,
562 776 617 853 qui
638 775 702 836 ait:
724 772 824 836 uidete
843 774 953 856 nequis
968 793 1021 838 coa
1034 774 1160 854 deprae-

63 873 139 934 tear
155 891 213 952 prr
227 871 457 954 philosophiam
476 883 504 938 et
523 872 651 937 iasonem
669 874 835 955 [dilucium
856 885 949 940 etc.»

130 973 177 1038 Ex
199 977 248 1040 bis
268 977 359 1042 dictis
380 978 519 1057 primum
540 979 648 1042 eruite
671 977 832 1042 Ambrosii
852 978 1099 1042 sollicitudinem
1125 979 1157 1040 ia

64 1075 142 1140 libris
160 1078 309 1158 Origenis
330 1079 537 1155 evolvendis,
560 1098 598 1142 ac
620 1097 681 1143 una
704 1081 800 1143 animi
823 1080 911 1142 itlius
933 1081 1158 1158 ingenuitatem

66 1179 91 1239 in
109 1179 308 1259 dijudicanda
330 1181 475 1262 ejusdem
495 1181 652 1246 doctrina.
675 1179 779 1246 Nemo
800 1183 883 1244 euim
899 1180 1025 1261 ignorat
1039 1190 1160 1262 quanta

67 1279 227 1360 reiigione,
251 1283 342 1364 quati
364 1282 425 1346 tide
445 1290 478 1346 et
497 1284 651 1363 sapientie
677 1283 792 1362 dogma
819 1282 1016 1347 catholicum
1040 1299 1163 1363 prnpn·
1280 1275 1285 1288 '

67 1384 159 1460 gnavit
170 1382 375 1448 Ambrosius:
388 1385 444 1448 cui
456 1401 565 1448 omnes
580 1385 706 1457 coaevi,
718 1383 897 1465 incipiendo
911 1383 952 1446 ab
964 1382 1159 1463 Augustino,

66 1484 266 1547 testimonium
281 1485 513 1566 amplissimum
529 1485 749 1565 obsignarunt,
768 1485 922 1549 eximium
938 1485 1037 1565 ipsius
1052 1483 1161 1548 zelum

66 1585 318 1648 commendantes.
342 1584 551 1664 Quapropter
569 1587 729 1650 Ambrosii
743 1587 882 1650 sermoni
899 1586 1109 1660 attendentes,
1122 1602 1161 1650 ac

70 1689 238 1762 praesertim
262 1690 317 1750 ubi
337 1691 382 1750 ait
405 1683 553 1767 Oripcess
578 1697 683 1751 noster
703 1695 731 1750 et
757 1685 963 1750 ecclesiastica
984 1685 1082 1767 officie
1110 1686 1163 1748 de·

70 1787 149 1864 diter,
170 1789 486 1869 comprehendimus,
508 1790 594 1870 quod
617 1807 680 1852 non
694 1788 767 1854 iden
785 1797 878 1853 extra
893 1786 1070 1854 Ecclesiam
1085 1785 1161 1854 Ori·

69 1905 161 1965 genem
182 1891 299 1956 iecerit
319 1890 531 1972 Ambrosium
553 1893 730 1971 quinimmo
749 1891 782 1956 iu
803 1889 949 1955 Ecclesia
961 1889 1101 1955 fideliter
1111 1889 1161 1951 Ia·

68 1988 179 2054 borasse
199 1995 233 2055 in
256 2011 390 2058 munere
410 2011 503 2058 sacro
523 1993 668 2058 declarat
688 1993 770 2058 iilud
788 1991 935 2074 Oripenes
954 1999 1060 2055 noster
1071 2013 1082 2070 ;
1104 1991 1161 2072 qui

67 2095 124 2170 pari
142 2095 268 2156 rationo
288 2096 465 2159 ministerio
486 2095 704 2160 ecclesiastico
725 2097 856 2160 tanetus
869 2096 910 2158 ad
926 2095 1081 2160 bonorem
1103 2091 1162 2157 Dei

66 2194 125 2255 neto
142 2193 301 2274 flagravit.
325 2195 366 2260 Et
385 2197 428 2258 nb
449 2197 522 2269 boc,
544 2201 691 2276 quamvis
712 2215 775 2261 non
792 2203 946 2261 vereatur
971 2195 1162 2260 Ambrosius

68 2293 199 2376 Origeuis
220 2300 253 2360 in
275 2297 484 2378 pbilosopbos
504 2299 734 2381 indulgentiam
757 2300 853 2362 talem
877 2299 1043 2378 corripere
1065 2297 1109 2376 (in
1124 2315 1164 2360 eo

68 2401 176 2460 tantum
200 2400 288 2480 qnod
318 2400 444 2477 putavit
472 2400 511 2462 de
532 2400 645 2462 ordine
673 2402 847 2474 astrorum)
874 2408 978 2464 tamen
1010 2399 1178 2478 damnare¹

69 2499 202 2564 eumdem
223 2501 350 2578 abnuit,
373 2502 459 2566 band
482 2502 599 2566 inscius
619 2503 702 2566 aiios
723 2501 908 2582 hujusmodi
924 2500 1076 2565 enctorts
1096 2507 1166 2564 siu·

68 2599 144 2662 dium
163 2620 225 2666 nou
249 2602 455 2682 improbasse.
477 2601 568 2668 Unde
589 2605 750 2686 conjicere
772 2603 872 2679 licet,
894 2604 922 2666 si
941 2603 981 2665 de
1003 2603 1050 2665 bis
1072 2602 1163 2666 mini·

69 2702 117 2764 nis
126 2703 296 2784 origenem
314 2705 497 2782 culpaverit
511 2705 750 2785 quodammodo
763 2705 952 2769 Ambrosius
962 2724 973 2784 ;
985 2703 1062 2784 quid
1073 2711 1165 2768 actu·

68 2817 130 2864 runa
149 2805 246 2870 inisse
267 2825 293 2870 s.
317 2805 489 2870 Ductorem
512 2807 690 2886 putandum
711 2808 774 2873 erit
794 2807 833 2871 de
854 2806 969 2872 ceteris
985 2821 1098 2868 revera
1113 2797 1163 2868 er·

70 2905 195 2983 roribus,
211 2916 271 2970 ant
291 2907 398 2987 potius
419 2908 624 2988 blasphemiis
645 2917 677 2970 et
697 2907 914 2988 impietatibus
924 2926 936 2987 ς
952 2907 979 2972 si
994 2905 1069 2969 talia
1087 2905 1166 2970 scri·

72 3005 180 3082 psisset,
201 3017 237 3071 et
256 3019 488 3088 propugnasset
506 3007 687 3086 Origenes?
701 3007 849 3072 Secundo
863 3009 1020 3072 neminem
1034 3020 1166 3088 queque

69 3104 146 3180 latet,
160 3108 248 3190 qnod
263 3109 302 3173 ud
324 3109 509 3191 buiusmodi
534 3109 787 3174 criminationem
800 3110 925 3185 attinet,
944 3109 1011 3190 iam
1032 3107 1072 3170 ab
1092 3107 1166 3187 ipsi-

71 3223 102 3269 us
118 3207 263 3290 Origenis
290 3228 372 3278 aere
400 3212 572 3276 nonnullos
593 3213 696 3276 cidem
728 3212 908 3292 increpasse
934 3209 1018 3273 istud
1045 3211 1077 3273 iu
1098 3208 1167 3288 pbi-

71 3306 199 3388 lnsnpbia
224 3331 337 3393 graeca
358 3312 512 3375 studium.
535 3313 661 3390 Quibus
681 3331 741 3394 per
760 3314 886 3376 litteras
903 3311 1096 3389 respondens
1111 3309 1168 3386 (ait

73 3405 217 3477 Eusebius
238 3415 269 3476 iu
290 3411 388 3477 Libro
410 3411 465 3476 vt.
489 3411 572 3476 tttst.
596 3412 683 3476 Eccl.
705 3431 733 3477 c.
756 3410 859 3489 xlii.)
876 3411 1032 3474 rationem
1048 3407 1165 3482 reddit,

73 3525 124 3572 tur
139 3514 168 3578 id
188 3523 324 3594 ageret3
346 3514 388 3576 nb
408 3531 463 3578 ens
478 3513 630 3578 nimirum
645 3521 678 3576 et
692 3513 872 3575 haereticos
893 3519 926 3600 et
945 3507 1165 3590 pbiinsopbos,

74 3613 251 3691 quibuscum
271 3615 330 3678 sibi
350 3615 389 3678 de
411 3614 507 3678 rebus
528 3613 601 3677 ddei
622 3612 830 3693 pugnandum
858 3617 949 3689 erat;
971 3617 1028 3683 ut,
1049 3609 1075 3672 si
1097 3605 1167 3670 tisri

75 3717 313 3793 pomaeosden
324 3725 406 3780 etex
418 3733 552 3795 graecae
560 3714 781 3794 pbilosepbine
794 3703 1170 3790 institutionibus-unuiu-

76 3821 166 3880 teret=
187 3826 220 3884 et
241 3821 303 3883 boc
319 3819 360 3882 ab
374 3817 524 3898 exemplo
544 3817 830 3898 praedecessorum
850 3830 986 3879 suorum
1002 3811 1167 3890 Pantaeni,

74 3909 227 3997 Etruriae,
249 3927 500 4000 ceterorumque
520 3918 693 3998 perfecisse
712 3917 800 3980 dicie

142 4017 217 4084 item
237 4039 263 4085 s.
280 4019 437 4095 libains,
456 4019 551 4100 cuins
563 4017 677 4093 libros,
693 4017 798 4099 inquit
820 4015 1036 4100 Hieronymus
1058 4033 1170 4096 quem
1234 4025 1244 4036 ·

78 4130 160 4192 qnam
180 4137 295 4186 securo
316 4121 396 4203 pede
418 4120 593 4184 decurrere
616 4135 720 4196 posse,
745 4118 785 4180 ab
805 4117 875 4196 ipso
890 4118 1010 4180 dicitur
1023 4115 1171 4198 Origenis

78 4224 304 4290 commentarios
324 4223 358 4286 ia
377 4220 443 4298 lob,
459 4220 496 4282 ie
511 4219 666 4294 Pserimos,
683 4227 715 4280 et
729 4221 888 4296 quaedam
902 4219 966 4282 etia
980 4218 1078 4282 latina
1099 4236 1172 4284 ter·
