3028 4942
315 383 485 570 ?hsseophili
501 494 533 549 et
548 483 749 568 Hieronymi,
766 483 813 546 nti
828 489 920 546 antea
935 479 1013 556 dial,
1032 478 1230 558 devenerint,
1246 481 1317 544 zelo
1330 481 1412 546 chri·

315 591 436 652 stianee
458 587 531 651 tidei
553 586 708 666 permoti,
730 582 877 664 dogmata
899 585 932 646 ln
952 584 1000 646 his
1027 589 1178 646 contexta
1199 600 1313 646 resera
1335 583 1412 647 laisa

317 698 351 753 et
366 691 475 769 impia,
489 689 564 769 jure
579 689 760 764 meritoque
781 685 1044 749 condemnarunt.

393 789 461 855 Nisi
481 791 567 871 quod
592 793 695 854 minas
716 789 820 862 canti,
843 786 1028 870 hujusmodi
1050 785 1226 850 falsitatum
1247 793 1413 850 auctorem

313 893 400 956 baud
422 893 497 964 satis
518 880 744 973 expendentes,
767 893 872 955 virum
893 891 1069 954 innocuum
1089 897 1122 953 et
1141 891 1247 969 pium,
1270 889 1413 953 doctrina

314 997 437 1074 pariter
455 995 540 1057 fideli
554 996 727 1070 imbutum,
742 993 799 1073 qui
820 990 996 1056 secundnm
1011 1009 1120 1058 seram
1135 994 1298 1056 scientiam
1313 993 1345 1055 in
1360 989 1416 1052 do·

315 1113 368 1158 ruo
390 1091 447 1157 Hei
469 1096 655 1171 incesserat,
677 1113 715 1158 ac
736 1112 796 1174 pro
819 1094 953 1156 veritate
973 1101 1132 1173 perpetuo
1153 1095 1319 1172 pugnavit,
1341 1109 1416 1155 cou-

314 1194 469 1260 tnderunt
490 1215 563 1260 cum
585 1197 724 1277 quodam
745 1215 803 1260 seu
818 1193 1021 1276 quibusdam,
1044 1197 1100 1275 qni
1121 1195 1179 1258 hos
1200 1213 1328 1258 errores
1348 1195 1417 1256 sire

312 1295 526 1377 blasphemias
540 1306 727 1377 sparserunt
741 1296 960 1377 snhOrigenis
977 1299 1115 1368 nomine,
1131 1295 1340 1376 ejusdemque
1360 1311 1418 1358 an·
1511 1349 1512 1358 ,

249 1440 259 1460 t
314 1399 464 1463 ctoritate
484 1400 652 1463 roboratas
673 1400 704 1462 in
725 1400 907 1462 animorum
932 1399 1126 1478 simplicium
1146 1397 1354 1472 scandalum,
1377 1393 1417 1458 ad

314 1518 492 1581 pravorum
515 1501 717 1578 illusionem,
749 1509 1005 1580 cunctorumque
1027 1499 1170 1562 tidelium
1199 1499 1419 1563 conturbatio·

314 1616 397 1664 nem.
420 1601 463 1666 El
483 1604 583 1684 quod,
605 1613 708 1668 stante
722 1622 746 1666 s.
763 1602 918 1688 Martyris
940 1601 1110 1682 Apologia,
1126 1601 1296 1664 videbatur
1317 1601 1421 1665 extin-

315 1710 417 1779 ctum,
434 1704 542 1768 denno
562 1713 634 1784 post
654 1714 783 1769 centnm
806 1705 873 1768 tere
897 1722 1009 1780 sonos,
1023 1703 1165 1768 detuncti
1184 1704 1302 1783 scripta
1325 1720 1420 1765 reto·

316 1815 432 1867 cantur
453 1805 484 1866 in
505 1805 692 1886 discrimem
709 1815 833 1870 veteres
851 1807 1083 1881 instaurantur,
1100 1813 1325 1884 cogemurque
1345 1820 1421 1866 cor·

316 1905 493 1986 ruptiones,
510 1907 772 1989 interpolationes
787 1928 798 1989 3
820 1923 924 1970 norae
937 1915 969 1969 et
983 1908 1174 1970 arbitrariae
1194 1923 1330 1969 snorum
1343 1923 1422 1984 ope·

316 2025 391 2070 rum
410 2011 655 2090 subsequuntur
675 2011 976 2090 interpretationes,
1004 2011 1048 2071 ita
1071 2017 1108 2072 ut
1127 2008 1274 2071 nonnulli
1296 2007 1421 2070 :irenis

315 2105 464 2188 Origenis
485 2095 736 2190 superseminata
759 2110 862 2188 libris,
879 2111 965 2176 haud
986 2117 1222 2193 segregantesa
1244 2109 1366 2184 tritico,
1389 2125 1423 2171 o-

316 2211 400 2282 mnia
421 2213 625 2292 reproberint
646 2213 928 2276 indiscriminatim.

397 2309 439 2375 Et
459 2315 544 2376 istud
560 2314 690 2394 quidem
712 2314 819 2378 extitit
840 2315 992 2396 perfidiae
1012 2331 1106 2394 opus,
1122 2331 1182 2394 per
1201 2301 1288 2398 qnod
1309 2312 1426 2376 trium·

315 2412 417 2492 phnm
438 2416 502 2494 egit
522 2415 702 2492 calumnie,
720 2415 895 2480 diabolicae
917 2416 1039 2480 treudis
1062 2413 1427 2492 monimentom31thet-

295 2513 386 2576 lum
407 2514 479 2579 dieo
494 2515 624 2596 Origeni
646 2518 817 2593 creditum,
834 2517 881 2581 his
903 2517 1062 2594 omnibus,
1085 2529 1169 2596 qttee
1189 2533 1287 2596 snpra
1309 2515 1425 2578 eouln·

318 2624 402 2679 tatae
418 2625 492 2682 sunt
509 2626 541 2682 et
554 2617 685 2699 Origeoi
707 2620 765 2700 ipsi
780 2621 993 2702 abjudicatae‚
1015 2619 1206 2682 falsitatibus
1227 2617 1426 2692 contectum,

318 2719 375 2796 qui
397 2735 513 2798 graeco
544 2719 696 2784 idiomate
717 2723 917 2801 conscriptus
939 2739 1083 2801 eousque
1111 2721 1239 2783 abditus
1260 2720 1341 2794 lere,
1366 2727 1425 2782 aut

319 2817 575 2883 inconsideratus
596 2830 770 2897 manserat,
792 2821 893 2886 donec
914 2819 1084 2902 Theophili
1105 2822 1252 2885 intanstis
1272 2820 1426 2900 auspiciis

318 2926 351 2982 et
367 2917 534 2998 Epiphanii
555 2930 587 2985 et
608 2921 798 3006 Hieronymi
814 2941 911 3003 opera
934 2925 964 2986 in
985 2924 1093 2987 lucem
1107 2925 1259 3004 apparuit
1276 2921 1338 2985 snb
1351 2921 1429 2985 Ori-

318 3023 405 3098 penis
423 3021 528 3098 titulo,
545 3041 583 3086 ae
598 3024 731 3104 insuper
749 3026 848 3089 veluti
865 3025 1098 3089 monachornm
1114 3023 1238 3089 Nitriae
1253 3024 1327 3086 lidei
1342 3041 1430 3110 sym·

316 3120 441 3196 bolum,
461 3124 544 3187 unde
565 3129 742 3189 acerrimae
759 3134 806 3189 tot
825 3136 937 3207 partae
960 3135 1035 3192 sunt
1056 3127 1284 3200 contentiones,
1306 3132 1339 3187 et
1354 3143 1430 3205 gre·

318 3222 446 3285 sissima
469 3224 500 3286 in
522 3225 669 3290 lidelihos
689 3228 850 3291 scandala.
871 3226 919 3292 lle
940 3245 1005 3309 quo
1020 3228 1125 3290 obiter
1146 3233 1155 3303 t
1167 3235 1204 3290 nt
1220 3227 1259 3289 de
1276 3225 1338 3287 hoc
1359 3227 1431 3304 ipso

318 3339 435 3388 rursus
457 3325 662 3407 disputetur,
693 3345 730 3390 ac
754 3338 930 3408 utrumque
953 3337 1016 3391 tam
1038 3329 1078 3390 de
1098 3327 1263 3407 Origene,
1293 3334 1356 3389 tam
1389 3325 1429 3386 de

318 3427 483 3489 monachis
505 3429 634 3490 omuino
656 3427 773 3490 talsnm
796 3427 940 3506 constet)
963 3437 1077 3492 notare
1099 3427 1193 3489 modo
1222 3425 1327 3504 placet
1348 3425 1429 3506 qnid

318 3527 471 3590 nominati
494 3529 553 3590 riri
576 3530 775 3609 prodiderint
801 3548 864 3594 non
886 3539 1009 3594 tantum
1032 3530 1070 3591 de
1091 3529 1164 3591 loco
1185 3528 1240 3590 ubl
1261 3529 1356 3590 iidem
1381 3532 1430 3593 in-

318 3631 455 3693 staurati
475 3643 550 3692 sunt
571 3650 713 3706 errores,
729 3633 783 3696 sed
805 3643 836 3696 et
857 3633 896 3695 de
916 3635 966 3708 iis,
989 3633 1045 3713 qni
1066 3649 1120 3695 eos
1141 3647 1359 3712 propugnasse
1382 3632 1430 3692 ri·

317 3727 487 3793 debentur.
506 3731 559 3795 Sic
576 3751 712 3813 numque
735 3735 845 3796 scribit
859 3731 1058 3814 Theophilus
1074 3732 1112 3794 ad
1137 3751 1163 3795 s.
1188 3730 1419 3812 Epiphaninm.

400 3829 514 3894 «Nom
531 3831 674 3897 Ecclesia
697 3835 826 3910 Christi,
842 3855 926 3916 quae
947 3835 1121 3897 nonhabet
1141 3834 1300 3897 maculam
1322 3851 1430 3914 neque

319 3946 446 4009 rugant,
469 3939 526 3995 aut
540 3933 662 4013 aliquid
686 3936 894 4010 istiusmodi,
917 3937 1115 4015 egredientes
1137 3935 1176 3998 de
1196 3935 1343 3998 cavernis
1362 3935 1430 3998 suis

318 4029 466 4111 Origenis
481 4034 635 4100 colubros
649 4037 834 4117 evangelieo
850 4057 923 4100 ense
940 4039 1158 4117 truncantem
1172 4035 1430 4114 secundumtalii

319 4131 527 4214 loecundum)
544 4135 669 4203 Nitriae
691 4141 925 4202 monachornm
941 4157 1054 4220 agmen
1075 4142 1263 4219 contagione
1278 4138 1431 4220 pestilera

317 4233 476 4303 liberarit.
494 4257 510 4297 u
528 4237 609 4305 item
629 4241 780 4323 loquitur
801 4242 841 4306 ad
864 4239 1108 4325 Hieronymum.
1138 4239 1274 4324 insuper
1298 4241 1332 4307 in
1351 4237 1431 4322 Epi-
