3042 4940
1114 381 1176 455 tto

81 511 114 558 ne
132 493 293 559 defendero
314 493 396 558 inira
421 493 540 575 scripta
562 491 709 574 Origenis
730 493 882 574 capitula.
897 531 906 551 .
919 531 928 551 .
942 535 950 552 .
965 487 1054 554 llaec
1075 503 1175 568 porro

81 596 179 658 eadem
197 597 380 676 scripsimus
401 613 463 658 non
484 595 590 659 solnm
611 594 651 656 ad
665 595 868 658 sanctitatem
889 598 980 655 tuam
1000 588 1056 654 sed
1077 589 1175 652 etism

78 695 112 756 ad
132 695 341 759 beatissimum
362 694 483 776 Papam
505 691 645 758 Senioris
678 691 801 756 Romae
823 700 856 757 et
875 689 1099 754 Patriarcbam
1120 685 1178 752 Vi·

79 796 190 874 gilium,
219 803 251 858 et
278 795 318 857 ad
353 805 478 858 ceteros
509 814 618 860 omnes
645 795 861 858 sanctissimos
893 794 1061 873 episcopos
1092 789 1176 852 idest

77 895 292 974 Alexandriae,
314 895 528 977 Theopoleos,
551 905 584 960 et
600 895 918 978 Hierosolymorum,
935 902 972 958 ut
991 901 1024 957 et
1045 893 1076 955 bi
1099 891 1177 955 buin

78 995 118 1058 rei
138 999 338 1076 prospiciant,
360 1007 392 1061 et
414 998 493 1060 baec
518 997 613 1060 fidem
634 997 861 1076 adipiscantur.
876 1015 893 1054 s
908 993 986 1058 ltem
1008 994 1048 1057 ad
1069 994 1175 1072 ipsum

77 1093 212 1160 blennmn
234 1098 329 1162 dicit:
347 1120 363 1158 s
381 1097 604 1179 Exemploque
625 1100 765 1162 dimittes
786 1117 914 1171 eorum,
936 1111 1054 1177 quaen
1077 1095 1176 1157 beati·

78 1198 176 1262 tudine
196 1207 247 1264 tna
264 1200 307 1262 ob
327 1200 408 1264 banc
420 1217 551 1262 causam
566 1207 653 1280 gesta
675 1199 808 1275 luerint,
822 1197 863 1262 ad
878 1199 959 1262 alins
974 1214 1084 1260 omnes
1104 1213 1176 1259 saa·

76 1301 219 1364 ctissimos
240 1303 419 1381 episcopos,
442 1300 688 1380 praefectosque
717 1299 988 1364 monasteriorum
1010 1297 1177 1362 uenerabi-

77 1400 161 1478 lium,
183 1409 216 1466 nt
237 1410 271 1464 et
285 1403 343 1482 ipsi
363 1402 598 1482 subscriptione
619 1402 750 1482 propria
773 1400 1043 1464 anathematizent
1061 1397 1178 1478 Orige-

76 1519 152 1578 nem,
171 1502 372 1583 scelestaque
393 1505 494 1584 ipsius
515 1502 767 1584 deputaturum
789 1501 937 1566 omnibus
952 1499 1009 1581 qul
1030 1498 1176 1564 declara·

78 1601 201 1679 buntnr,
223 1604 442 1668 haereticis.»

148 1703 261 1782 Quoad
277 1705 374 1786 buius
388 1704 550 1785 Epistulae
564 1705 720 1770 dictatum
736 1704 855 1766 mirare
875 1721 1082 1784 summopere
1095 1723 1177 1785 quas

80 1811 177 1886 partes
196 1824 307 1872 coram
329 1805 473 1870 Ecclesia
500 1807 654 1887 suscipiat
674 1805 875 1871 lastinianus
893 1814 928 1870 et
948 1806 1012 1869 alin
1047 1807 1178 1886 quidem

78 1915 272 1988 tenoreque
294 1925 371 1970 usus
392 1915 441 1970 est
455 1907 486 1968 iu
507 1910 622 1971 ceteris
636 1907 704 1970 suis
725 1905 873 1969 decretis.
894 1904 966 1987 lpse
986 1907 1069 1970 eninr
1084 1916 1179 1970 antea

78 2007 149 2071 dicit
167 2025 283 2089 roqans
314 2006 464 2072 blennam
495 2009 774 2089 arnbteptsenpnm
797 2015 845 2082 nt,
878 2009 988 2071 babitu
1019 2014 1181 2073 consentu

80 2107 297 2189 episcoporum
334 2105 607 2189 Constantinopoli
645 2109 842 2189 degentium,
873 2108 1003 2172 damnet
1031 2106 1180 2187 Origenis

78 2208 227 2290 doqnma.
251 2209 409 2274 Similiter
429 2212 486 2286 ait,
508 2227 542 2274 so
571 2211 736 2288 scripsisse
756 2210 796 2272 ad
819 2207 972 2287 vigilium
999 2207 1182 2272 Romanurn

79 2307 271 2386 Pontificem,
287 2310 371 2373 etad
393 2311 560 2392 episcopos
574 2308 788 2390 Tbaopolens,
810 2308 1126 2393 Hierosolymorum,
1148 2315 1182 2373 et

78 2407 299 2488 Alexandriae,
323 2418 361 2475 nt
376 2411 422 2474 rei
438 2412 643 2491 prospiciant,
661 2412 747 2493 qnod
763 2420 795 2475 et
809 2411 887 2475 dicit
908 2409 1088 2474 Liberatus:
1105 2425 1180 2474 cnm

79 2511 138 2590 ipse
158 2512 294 2587 interea,
310 2513 497 2591 posthabitis
514 2511 598 2594 Papa
623 2521 656 2577 et
669 2513 838 2594 episcopis,
854 2513 978 2592 primus
992 2511 1118 2576 tulisset
1130 2511 1183 2592 ju·

77 2611 186 2678 dicium
202 2613 242 2678 de
263 2615 431 2678 erroribus
454 2613 622 2694 Origenisr
646 2633 740 2694 eoque
753 2613 878 2695 jubente
897 2612 1018 2676 dictatu
1039 2621 1085 2677 sst
1103 2631 1184 2676 nna·

76 2711 210 2778 tienmts‘s
223 2713 399 2778 damnatio.
417 2714 478 2780 Cui
493 2715 607 2778 deinde
627 2715 887 2796 subscripsissent
899 2732 942 2778 ex
957 2713 1101 2795 ejusdem
1113 2714 1184 2796 jus·

75 2831 112 2878 sn
126 2813 254 2893 Mesua,
266 2818 388 2897 aliique
402 2817 542 2898 episcopi
567 2817 699 2882 ibicum
716 2815 831 2882 bienna
852 2816 966 2881 eodem
989 2815 1122 2898 reperti,
1144 2833 1182 2880 ac

76 2913 197 2981 demum
219 2915 357 2997 vigilius
380 2915 465 2997 Papa
487 2918 652 2999 ceterique
674 2918 888 2997 patriarchae.

146 3016 274 3083 Pariter
294 3020 326 3082 in
347 3016 502 3083 Tractatu
526 3019 745 3083 introducitur
758 3018 959 3085 lastinianus
975 3015 1181 3099 advigilinm

74 3115 207 3181 scribens
228 3119 280 3182 bis
301 3119 425 3184 titulis:
443 3139 459 3180 s
476 3118 565 3183 llaec
586 3136 685 3201 porro
706 3119 818 3183 erdem
838 3119 1026 3199 scripsimus
1046 3136 1110 3181 non
1129 3135 1182 3182 so·

73 3212 136 3280 lum
156 3218 195 3281 ad
216 3221 418 3284 sanctitatem
435 3227 535 3296 tuam,
557 3218 613 3284 sed
635 3221 789 3282 etiamad
809 3219 1042 3283 sanctissimum
1058 3229 1090 3284 et
1111 3220 1185 3283 bea·

76 3316 225 3384 tissimum
249 3318 367 3400 Papam
389 3321 525 3384 senioris
546 3318 669 3384 Romae
690 3325 723 3382 et
743 3321 960 3399 patriarcham
981 3317 1183 3400 vigilium.»

75 3411 187 3482 Tamen
208 3417 410 3486 Justinianns
431 3421 462 3482 in
484 3421 627 3502 penninis
642 3421 769 3501 scriptis
789 3429 822 3485 et
841 3425 1006 3504 speciatim
1022 3421 1185 3486 relatead
1220 3463 1224 3470 -

75 3515 248 3586 Concilium
273 3518 313 3584 V.
327 3538 424 3602 saepe
444 3521 631 3585 Pontificem
663 3519 845 3599 Romanurn
865 3530 1033 3601 nuncupat
1051 3523 1186 3588 sanctis-

74 3615 183 3684 simnm
208 3621 261 3684 vel
284 3621 502 3686 beaussimnm
521 3621 656 3686 senioris
676 3623 746 3684 sire
767 3623 958 3702 antiquioris
978 3621 1104 3689 Romae
1124 3620 1185 3683 Pa·

74 3733 151 3794 pam.
173 3719 300 3786 Nullibi
316 3741 395 3786 sero
416 3723 537 3802 legitur
557 3740 673 3789 nomen
682 3721 888 3804 potriorcbnc
902 3723 1059 3788 addidisse
1075 3722 1127 3788 rel
1139 3722 1187 3785 in·

72 3819 231 3900 scripsisse
251 3822 354 3886 eidem
377 3821 534 3888 Pontilici.
820 3877 822 3884 ,

146 3921 227 3986 item
252 3921 432 4004 imperator
446 3922 583 3990 bleonus
605 3925 746 4002 mandat,
759 3931 797 3990 nt
816 3926 857 4004 ad
871 3933 996 3990 ceteros
1017 3925 1185 4006 eptseopos
1244 3964 1247 3970 -

74 4025 104 4081 et
123 4026 394 4090 monasteriorum
415 4025 596 4107 praelectus
619 4027 740 4090 scribat
759 4035 819 4106 pro
840 4027 1032 4090 adbaesinne
1051 4025 1184 4090 nnatbe-

76 4123 146 4183 mati
167 4123 329 4204 Origeuis,
354 4143 392 4188 ac
421 4143 514 4190 nemo
532 4125 654 4190 audeat
676 4127 778 4206 ipsum
808 4126 990 4192 defendere.
1012 4126 1185 4190 Praeterea

75 4217 159 4303 dicit,
181 4244 218 4290 se
241 4243 372 4306 cupere,
398 4243 508 4292 omnes
537 4242 732 4308 cognoscere
764 4227 914 4308 origenis
944 4235 1053 4294 errata
1080 4231 1189 4308 (quas
