3186 4946
327 375 381 545 30
395 486 517 545 exmnt.
534 475 607 558 ipso
623 479 844 560 episcopatum
865 485 1008 558 gerente,
1031 479 1280 545 meletianorum
1301 476 1441 544 schisma

329 583 481 663 contigit5
504 599 607 662 qnam
623 579 664 643 ab
678 600 717 644 eo
739 579 891 645 maianus
908 580 1078 667 Lycopolis
1097 579 1302 646 inl'bebaide
1316 585 1442 664 ephon·

329 702 390 763 pus
410 682 453 746 ob
473 683 599 746 cultum
621 682 808 758 idolorum,
832 701 928 762 quem
952 683 1097 746 terrente
1118 684 1368 748 christianorum
1394 683 1443 746 iu·

326 785 501 847 sectatione
513 784 697 859 admiserat,
710 783 890 846 sacerdotio
907 783 1029 864 ejectus
1043 792 1135 848 esset.
1149 783 1230 866 Ejus
1245 785 1338 860 Aeta,
1355 802 1444 865 qnae

327 885 529 948 doctissimus
551 883 761 948 Combeiisins
795 903 910 964 graece
933 886 1098 965 latineque
1119 886 1298 965 evulgavit,
1320 887 1441 966 spuriis

326 987 565 1050 narrationibus
587 986 703 1050 iniecta
725 993 819 1051 sunt:
843 1004 927 1066 qnae
948 993 1053 1050 tamen
1073 984 1270 1050 Soromenna
1292 983 1388 1050 Libro
1411 985 1439 1050 l.

325 1085 408 1151 iiist.
424 1085 480 1151 Ec.
494 1105 520 1150 c.
535 1084 623 1148 Xiii.
637 1087 751 1165 legisse
769 1087 907 1150 ridetur.
920 1105 937 1146 a
952 1083 1097 1149 Valesius
1113 1105 1245 1166 quoqne
1257 1086 1382 1150 dubitat
1395 1085 1440 1148 de

322 1189 441 1252 borum
464 1187 621 1252 Actorum
637 1189 799 1266 genuitate
820 1188 1011 1266 praesertim
1027 1187 1069 1250 ob
1084 1204 1135 1262 ea,
1156 1205 1241 1266 quaa
1262 1193 1442 1250 narrantur

322 1290 362 1354 da
384 1290 464 1354 Ario
485 1289 799 1352 excommunicatos
819 1287 936 1351 Petro:
959 1288 998 1350 de
1018 1306 1083 1368 qua
1104 1306 1141 1351 re
1162 1305 1220 1351 nee
1236 1287 1438 1364 Alexander,

322 1409 383 1456 nac
403 1388 598 1454 Athanasius
619 1407 714 1468 egere
736 1391 939 1451 mentionem.

402 1489 589 1566 Quinimmo
612 1491 782 1569 perspicue
809 1490 849 1552 ab
866 1487 1006 1552 Eusebio
1027 1491 1058 1552 in
1081 1487 1178 1552 Libro
1195 1487 1438 1556 tractanti.

321 1591 367 1656 Dc
390 1589 459 1655 Viro
478 1588 695 1666 Constantini,
715 1610 942 1672 quaecumque
957 1591 1146 1656 excinditur
1159 1599 1233 1654 nota
1248 1591 1320 1655 ¹Arii
1341 1610 1359 1653 a
1376 1590 1440 1655 Pe-

321 1703 373 1757 tro
395 1693 676 1756 anathematizatis
712 1711 787 1756 cnm
809 1712 871 1756 oon
893 1693 950 1757 nisi
974 1702 1044 1773 post
1066 1711 1116 1755 an.
1147 1689 1219 1758 aad.
1244 1693 1438 1758 Alexandro

320 1795 478 1874 episcopo
492 1793 716 1870 alexandrino,
733 1795 817 1856 inter
831 1794 917 1858 bunc
933 1803 965 1857 et
988 1791 1103 1858 Arium
1119 1795 1247 1858 dissidia
1268 1804 1338 1857 orta
1354 1795 1435 1870 siut,

320 1902 353 1958 et
375 1903 451 1960 tuuc
473 1893 572 1959 Arius
594 1895 852 1956 acommnnioue
874 1911 1068 1973 suspensura
1086 1915 1103 1954 a
1119 1891 1200 1958 Cum
1216 1895 1313 1969 enim,
1329 1895 1438 1974 inquit

318 1993 558 2070 Constantinus,
573 2012 592 2056 a
607 1992 804 2078 presbyteris
825 1995 888 2056 tuis
910 1996 1108 2074 requireres,
1127 1993 1203 2072 qnid
1219 1997 1357 2075 quiaque
1378 2012 1437 2058 eo·

318 2114 393 2160 rum
414 2094 454 2158 de
474 2095 615 2174 quodam
638 2091 739 2172 Legis,
754 2093 828 2178 ioco
849 2094 1003 2172 sentirat;
1023 2112 1083 2158 aen
1104 2095 1211 2174 potins
1232 2093 1272 2156 de
1292 2094 1436 2174 quadam

317 2205 410 2279 parte
432 2197 533 2260 inanis
554 2195 750 2276 quaestionis
771 2215 826 2259 eos
848 2195 1084 2276 interrogares:
1101 2214 1243 2277 cumque
1257 2203 1294 2262 tn
1308 2197 1379 2272 Ari,
1397 2197 1434 2262 id

317 2297 404 2378 quod
431 2297 482 2362 rei
497 2313 662 2377 nunqnam
684 2299 829 2376 cogitare
845 2297 896 2360 rei
917 2314 993 2360 sane
1013 2300 1189 2378 cogitatum
1209 2299 1337 2364 silentio
1357 2317 1437 2381 pre-

317 2417 406 2461 mere
427 2398 606 2474 debueras,
630 2395 837 2478 impudenter
861 2399 1077 2478 protulisses,
1105 2402 1245 2464 excitata
1268 2401 1351 2464 inter
1373 2418 1434 2466 roa

197 2497 198 2500 ’
315 2498 487 2570 discordia,
504 2499 690 2562 communio
699 2497 831 2579 quidem
848 2498 1168 2579 acoenonoetus
1184 2501 1232 2564 his
1248 2507 1281 2564 at
1293 2518 1436 2581 aequau-

315 2601 400 2666 tibua
421 2608 521 2681 patet,
545 2618 607 2663 non
622 2619 641 2662 a
658 2598 755 2662 Petro
770 2601 927 2664 adversus
949 2600 1066 2664 Arium
1082 2601 1332 2680 pronunciatum
1353 2619 1433 2666 ana·

315 2704 435 2780 thema,
458 2720 573 2766 rernm
588 2702 692 2766 serias
707 2701 747 2764 ab
763 2699 950 2765 Alexandro
966 2703 995 2766 ei
1017 2702 1205 2784 denegatam
1222 2703 1320 2771 luisse
1341 2721 1432 2768 com·

312 2806 509 2868 munionem.
550 2811 553 2816 '

392 2903 544 2969 Ceteram
559 2923 634 2968 cnm
650 2905 766 2970 Petrua
781 2925 823 2970 ex
837 2906 990 2987 praelatis
1007 2907 1095 2970 Actis
1111 2906 1336 2972 Alexandrum
1351 2905 1432 2970 hor-

315 3011 417 3078 tetur,
434 3013 469 3068 nt
482 3007 592 3085 vigilet
613 3008 770 3070 adversus
791 3007 971 3071 haereticos
995 3007 1215 3084 sabellianos,
1239 3008 1430 3072 meletianos

314 3113 347 3168 et
367 3123 558 3186 perversum
580 3105 727 3186 Origenis
749 3107 893 3188 dogma5
922 3111 989 3188 ipae
1012 3126 1090 3172 vero
1113 3107 1302 3174 Alexander
1322 3111 1353 3171 in
1374 3108 1432 3172 lit·

313 3211 390 3272 teris
412 3207 451 3271 ad
474 3209 699 3274 Alexandrum
722 3209 1117 3288 constantinopolitannm,
1137 3207 1206 3274 Arii
1229 3211 1430 3292 impietatem

310 3309 342 3386 in
365 3307 424 3372 Dei
448 3307 565 3373 Filium
588 3319 713 3386 notans,
737 3330 766 3373 u.
790 3307 820 3375 9.
838 3310 942 3390 inquit
963 3310 1044 3374 bano
1067 3310 1276 3376 imitationem
1298 3327 1367 3376 esso
1385 3307 1429 3372 E-

311 3409 425 3486 bionis,
450 3410 614 3486 Artemae,
640 3409 733 3475 Pauli
755 3411 969 3487 samosateni,
992 3410 1150 3474 aniani:
1175 3412 1333 3492 equibus
1354 3429 1430 3491 gar·

311 3513 446 3576 minassa
468 3512 584 3576 Arinm
607 3521 638 3576 et
659 3513 843 3576 Achillam:
865 3511 961 3592 alpsi
983 3514 1066 3575 enim
1089 3531 1106 3575 o
1130 3510 1198 3576 Deo
1219 3513 1304 3578 docti
1326 3515 1426 3592 eatia3

310 3631 369 3678 nec
390 3615 554 3696 ignoratis,
579 3632 649 3676 eam
680 3613 878 3691 doctrinam,
904 3631 988 3693 qnae
1009 3613 1165 3676 adversus
1188 3613 1338 3692 pietatem
1361 3629 1422 3676 nu-

309 3731 369 3793 per
388 3725 486 3794 capnt
506 3715 637 3792 extulit,
661 3713 790 3778 Ebionis
811 3734 880 3780 ease
900 3723 934 3777 et
955 3712 1131 3792 Artemee;
1162 3731 1220 3776 nec
1241 3713 1331 3778 alind
1353 3731 1425 3776 ease

311 3833 409 3894 qoam
425 3817 632 3880 imitationem
648 3816 741 3880 Pauli
756 3816 946 3880 samosateni
968 3815 1160 3882 Antiochiae
1181 3815 1340 3896 episcopi,
1366 3812 1425 3894 qni

311 3915 455 3978 omuinm
478 3917 599 3998 ubique
620 3921 846 4000 episcoporum
878 3917 1015 3980 concilio
1036 3935 1074 3980 ac
1102 3915 1226 3998 judicio
1247 3916 1287 3978 ab
1310 3913 1426 3978 Eccle-

308 4016 354 4080 aia
378 4026 521 4080 remotus
552 4029 609 4082 est.
633 4018 693 4085 Cui
715 4019 889 4084 succedens
913 4016 1097 4093 Lucienus,
1121 4016 1271 4096 pluribus
1293 4018 1423 4081 annisa

307 4121 532 4182 commuuione
556 4121 653 4185 trium
676 4120 901 4201 episcoporum
917 4137 952 4184 sa
970 4138 1005 4184 sa
1026 4118 1187 4200 abjunxit.
1214 4115 1342 4182 ilerum
1363 4116 1426 4178 irn-

307 4216 433 4297 pietatis
455 4220 576 4286 taccam
590 4241 666 4286 cnm
682 4223 873 4300 hausissent,
890 4239 995 4302 nuper
1014 4220 1105 4285 nobis
1123 4220 1187 4284 orti
1208 4227 1284 4282 anot
1305 4236 1421 4282 exsuc·
1494 4279 1504 4288 .
