3138 4950
356 353 418 423 394

873 459 933 571 ¹XI

403 723 407 730 .
431 661 596 726 Catholici.
629 662 780 746 Episcopi
801 667 834 729 in
854 665 1001 734 Concilio
1033 665 1197 734 unanimes
1220 667 1279 730 tris
1311 665 1456 748 capitolo

298 847 300 854 Ι
349 765 685 842 anathematizeruut;
699 765 861 844 inquibus
876 769 1067 845 praesertim
1082 765 1292 832 Theodorum
1315 787 1457 847 mopsue-

350 874 477 934 stenum
500 865 620 944 quippo
640 864 745 929 offioiu
766 866 934 932 docentem
950 867 1116 934 doctrinoe
1131 866 1287 947 Plutonis,
1311 868 1457 942 binoctio,

352 963 540 1042 Marcionis,
557 966 626 1030 Arii
648 972 711 1030 etc.

429 1063 639 1130 Sotismatici.
657 1067 707 1132 Ex
720 1070 857 1134 adverso
869 1087 907 1136 en
918 1069 1068 1152 Cupituio
1083 1070 1303 1148 deiendenies,
1315 1088 1460 1152 suppres-

287 1165 291 1172 “
353 1169 530 1232 cuborum
552 1168 1019 1250 capitulorumsnunemnte‚
1042 1173 1460 1237 incorumlocnrnintro·
1547 1191 1548 1230 i

352 1268 521 1334 duxerunt
535 1287 552 1332 n
568 1269 698 1355 Synodo
714 1272 900 1336 damnorum
915 1270 1088 1354 Origeoem
1104 1273 1209 1336 affinio
1226 1272 1397 1336 docentem
1412 1273 1461 1335 do·
1547 1311 1548 1344 p

353 1372 475 1435 cirione
499 1371 652 1451 Plutonis,
669 1371 806 1436 Muneris
827 1382 858 1438 ei
880 1374 1080 1440 orianorum.
1098 1374 1139 1438 Et
1161 1376 1234 1440 binc
1255 1392 1332 1439 cnm
1347 1374 1461 1437 antisti·
1547 1379 1548 1382 ’

351 1481 398 1537 ies
418 1472 596 1538 orthodoxi
619 1476 680 1538 trio
701 1473 851 1554 Capitale
867 1476 1064 1538 oootbemnti
1084 1476 1294 1558 subjecerint,
1312 1474 1459 1538 ecbisnrs·
1547 1491 1548 1560 j

354 1573 406 1636 tici
428 1591 543 1637 nouem
559 1572 708 1654 Origenis
723 1573 873 1655 Copitnin
896 1575 1019 1640 iuriiuc
1040 1577 1245 1642 intruserunt
1264 1576 1306 1639 nb
1328 1572 1458 1658 ipsnSy·
1547 1585 1548 1594 ’

355 1676 441 1740 nodo
463 1673 502 1738 V.
525 1676 807 1740 anathematizato.

881 1857 942 1924 xii

433 2063 598 2130 Catholici.
615 2065 752 2148 vigilius
777 2067 862 2150 Popn
884 2085 967 2131 nuno
987 2065 1038 2133 27.
1055 2067 1180 2147 imperii
1197 2064 1216 2130 J
1222 2065 1384 2142 ustiuhai,
1400 2063 1462 2127 En·

355 2168 465 2252 tychio
485 2167 637 2247 episcopo
658 2169 1005 2249 constantinopolitano
1025 2168 1138 2233 scribit
1157 2167 1295 2247 aliisque
1318 2167 1349 2228 in
1371 2163 1462 2248 Spoo

353 2267 396 2330 do
418 2268 580 2345 ndunotis,
604 2270 702 2334 trium
732 2268 973 2352 CopitnIoruns‚
991 2287 1076 2350 quoe
1104 2269 1146 2330 nb
1172 2268 1261 2332 initio
1287 2267 1460 2338 damnaret,

353 2373 539 2452 approbans
566 2373 796 2437 discussionem
816 2373 973 2436 adversus
1002 2391 1070 2448 eos,
1093 2371 1149 2451 qni
1181 2387 1218 2434 en
1244 2369 1461 2444 defendebant,

353 2472 394 2556 nd
420 2475 696 2538 confirmationem
720 2482 866 2555 quotuor
887 2472 1147 2554 praecedentium
1169 2471 1403 2537 Consiliorum.

416 2575 645 2651 Sebismatsbi.
672 2576 743 2642 Hoc
769 2596 852 2640 anno
872 2577 923 2644 27.
945 2577 1073 2657 imperii
1093 2575 1279 2650 Iustiniani,
1304 2575 1461 2654 Copitnio·

357 2697 430 2744 runi
452 2680 637 2746 defensores
658 2681 761 2744 eidem
780 2680 940 2760 Eutychio
961 2689 994 2743 et
1007 2680 1164 2760 episcopis
1182 2681 1369 2760 inscriptum
1386 2696 1462 2740 com·

235 2791 237 2794 ’
357 2784 488 2846 mentori
508 2790 584 2848 suot
605 2784 794 2863 epistolemc
819 2784 873 2847 ubi
897 2780 981 2863 Papo
1002 2782 1092 2859 dicit,
1120 2800 1155 2845 se
1175 2781 1207 2844 in
1229 2783 1290 2844 boc
1311 2781 1462 2862 quaestio·

356 2901 397 2946 ue
417 2893 512 2948 antea
532 2885 570 2947 ab
591 2883 722 2948 inimico
741 2885 863 2967 pesteris
883 2883 1016 2948 bomani
1034 2883 1205 2964 impulsum
1220 2895 1462 2962 ceperoersutos

357 2984 451 3064 iltius
471 2985 692 3068 cavillationes
711 2986 905 3050 discordasse
926 3007 946 3052 u
964 2984 1121 3068 [ratribus
1141 2983 1222 3047 suis:
1242 2985 1296 3048 sed
1305 2993 1410 3064 postea
1424 2999 1462 3042 re-

358 3085 481 3150 uelante
498 3085 642 3164 domiuo,
660 3087 789 3152 veritate
802 3087 1003 3168 inoestipata,
1017 3084 1190 3170 impleuisse
1203 3103 1284 3166 quae
1298 3081 1460 3163 definiendo

357 3198 463 3263 erant,
477 3190 679 3254 retractando
699 3199 727 3254 et
747 3189 953 3264 emendando,
967 3205 1046 3269 quae
1064 3183 1158 3266 prius
1170 3186 1208 3247 de
1227 3183 1329 3249 tribus
1348 3179 1461 3264 Capita·

360 3287 401 3350 iis
422 3291 610 3354 decreverat.
768 3293 772 3300 '

880 3491 958 3578 xru

444 3693 607 3760 Catholici.
630 3693 778 3778 vigilios,
801 3695 940 3760 adunate
962 3695 1104 3779 Synodo,
1124 3711 1183 3775 per
1203 3692 1416 3760 Jusiinionnnr
1435 3693 1462 3748 et

357 3816 419 3882 por
444 3802 611 3882 episcopos
639 3800 793 3864 invitatus
822 3805 859 3862 ni
884 3800 1053 3864 interesset
1077 3794 1342 3870 discussionibus,
1364 3789 1462 3856 annuit
1547 3827 1548 3830 =

357 3899 491 3982 quidem
512 3901 727 3984 comprobans
750 3899 929 3984 Synodum,
951 3899 1006 3962 sed
1031 3907 1136 3962 tomen
1162 3897 1256 3971 dixit,
1278 3913 1313 3959 se
1333 3909 1389 3974 per
1409 3888 1461 3952 sci·

357 4019 451 4080 psum
475 4001 600 4065 iocoso:
625 4000 788 4078 Hiscere,
811 4003 856 4064 nit
876 3999 895 4064 J
902 4001 1091 4077 ustininous,
1109 3997 1199 4062 nobis
1211 3993 1375 4062 mondavit
1387 3983 1459 4072 quod

359 4105 395 4165 de
413 4101 587 4184 praedictis
607 4101 887 4184 trtinsssapioais
914 4100 1189 4186 persemetipsum
1209 4095 1340 4181 faciens,
1365 4087 1459 4176 porri·

361 4215 411 4285 pet
431 4206 532 4272 nobisz
556 4206 643 4288 qnod
667 4209 837 4289 praestitit.
