2982 4934
1072 379 1131 452 215

42 511 119 576 eirca
133 509 277 592 origenis
296 512 430 592 scripta,
443 509 483 574 de
502 527 566 591 qua
587 511 634 574 sic
656 510 823 590 loquitur:
842 507 965 585 «Quod
987 527 1062 573 oum
1076 509 1133 572 ille

42 613 165 692 benignu
185 613 369 692 accepisset,
390 611 617 677 revocantibus
637 629 694 676 nos
714 610 754 674 ad
775 628 864 674 mare
886 612 1002 686 nantis,
1017 611 1135 674 disces·

40 715 148 794 aimus;
180 733 400 796 prosperoque
420 733 520 779 cursu
541 715 677 794 septimo
698 713 749 778 die
770 713 998 776 Alexandriam
1021 731 1134 791 perre-

43 820 158 879 nimus:
174 817 229 880 nbi
252 817 343 880 foeda
356 819 441 880 inter
461 817 628 897 episcopos
649 826 747 896 atque
765 816 937 879 monachos
957 815 1131 878 certamina

44 917 224 997 gerebantur
238 937 278 981 es
296 935 333 980 ea
355 917 534 992 occasione,
549 918 625 998 quia
641 917 825 997 congregati
839 917 869 978 io
886 935 986 978 nuum
1007 917 1140 996 saepius>

43 1019 229 1094 sacerdotes,
263 1017 485 1100 frequentibus
506 1020 686 1083 decrevisse
705 1019 833 1105 synodis
856 1017 1059 1090 ridebantur,
1082 1035 1136 1079 ne·

41 1123 101 1200 quis
119 1119 268 1200 Origeois
282 1121 383 1183 libros
397 1120 521 1200 legeret
542 1129 599 1185 ant
612 1121 766 1184 haberet:
782 1119 838 1201 qni
852 1126 1009 1183 tractator
1028 1135 1136 1180 sacra·

44 1239 102 1282 rnm
115 1221 359 1300 Scripturarnm
374 1214 584 1301 peritissimus
598 1222 789 1284 habebatur.
806 1219 867 1284 Sed
884 1219 1023 1299 episcopi
1038 1235 1139 1301 quae-

45 1321 103 1384 dam
122 1323 153 1384 in
174 1321 268 1385 libris
289 1322 389 1403 ipsius
408 1323 550 1387 insanius
570 1324 689 1403 scripta
711 1323 953 1401 memorabant;
975 1339 1060 1401 qnae
1081 1319 1136 1382 sd·

44 1431 165 1488 sartores
186 1423 261 1504 eins
280 1423 450 1488 defendere
471 1441 532 1488 ooo
553 1423 645 1499 ensi,
665 1424 708 1486 ab
729 1424 898 1486 haereticis
920 1423 1027 1501 potius
1048 1422 1139 1483 tran·

44 1521 175 1588 dnlenter
195 1525 315 1588 inserta
330 1523 498 1588 dicebauts
520 1523 658 1604 ideoque
674 1542 736 1586 noo
758 1533 891 1603 propter
912 1523 981 1599 illa,
997 1538 1081 1605 quae
1106 1523 1137 1584 in

48 1624 312 1703 reprehensionem
336 1626 451 1688 merito
473 1633 694 1698 vocarentur,
726 1625 822 1687 etiarn
848 1624 973 1704 reliqua
995 1641 1063 1686 esse
1083 1622 1139 1684 dn·

49 1725 174 1806 nnsndsg
191 1743 268 1791 cum
289 1727 464 1806 legentium
486 1726 564 1789 ildes
578 1726 672 1790 facile
694 1727 791 1806 possit
813 1725 932 1789 habere
952 1725 1135 1799 discrimen,

46 1842 75 1886 cc
91 1826 198 1891 iubata
220 1836 254 1891 et
287 1838 393 1891 tamen
413 1827 571 1890 catholice
600 1827 760 1907 disputata
784 1827 947 1889 retineret.
975 1823 1049 1889 Non
1070 1841 1138 1887 esse

46 1941 126 2000 porro
146 1928 290 2002 mirum,
311 1927 337 1990 si
360 1927 502 1990 inlibris
523 1925 692 1990 neotericis
713 1933 745 1989 et
767 1943 877 1996 recens
897 1925 1022 2004 scriptis
1045 1923 1135 1987 ireos

48 2025 187 2092 haeretica
205 2027 319 2092 inisset
339 2039 470 2108 operata
479 2050 491 2108 3
506 2045 590 2109 quae
611 2027 642 2090 in
657 2027 847 2108 quibusdam
864 2027 943 2090 locis
958 2043 1020 2090 noo
1042 2025 1137 2088 timu·

47 2125 106 2190 isset
123 2129 266 2192 incidere
286 2130 502 2209 evangelicam
525 2129 702 2192 veritatem.

112 2227 308 2292 «Adversus
329 2229 409 2294 haec
429 2232 569 2311 episcopi
589 2229 779 2293 obstinatius
794 2229 963 2292 renitentes
980 2245 1040 2308 pro
1055 2233 1143 2308 pote·

46 2335 114 2391 stata
133 2331 302 2410 cogebant,
320 2339 406 2395 recta
428 2333 525 2395 etism
542 2333 690 2394 universa
707 2349 780 2394 cnm
803 2331 909 2410 pravis
930 2336 1050 2393 etcum
1072 2329 1140 2408 ipso

47 2424 174 2493 doctore
192 2431 347 2495 damnare
368 2432 378 2510 t
388 2433 463 2512 quia
479 2433 555 2496 satis
575 2449 739 2512 superque
753 2429 936 2493 sufficerent
956 2429 1043 2506 libri,
1059 2447 1141 2511 qnos

48 2523 175 2592 Ecclesia
196 2531 380 2611 recepisset)
396 2532 610 2612 respuendam
631 2550 699 2594 csse
714 2533 839 2609 penitus
861 2530 1043 2607 lectionem,
1059 2547 1142 2611 quac

47 2627 110 2704 plus
127 2640 208 2694 esset
222 2635 370 2696 nocitura
385 2633 616 2711 insipientibus,
632 2651 729 2712 qnam
745 2632 917 2710 protutura
933 2633 1139 2711 sapientibus.

51 2725 119 2792 itini
138 2743 249 2797 antem
271 2753 312 2796 en
326 2733 416 2798 illius
435 2735 527 2798 libris
548 2733 705 2814 quamam
721 2734 879 2798 curiosius
894 2733 1067 2812 indaganti,
1090 2732 1145 2793 ad·

52 2833 166 2896 modum
188 2835 292 2898 multa
308 2837 522 2914 placueruo13
543 2836 597 2898 sed
614 2835 768 2897 nonnulla
789 2835 995 2914 deprehendi,
1019 2835 1051 2896 in
1073 2836 1144 2913 qui·

51 2931 99 2994 bns
116 2935 206 3000 illum
229 2954 330 3017 prave
349 2939 482 3000 sensisse
512 2955 572 2998 nort
595 2937 728 2999 dubium
751 2944 819 2998 eat:
852 2953 935 3014 quae
955 2935 1140 2999 deteosores
1242 2993 1244 2998 Α

52 3033 111 3113 cius
131 3036 243 3102 talanta
264 3038 470 3102 contendunt.
494 3036 563 3116 Ego
585 3039 708 3111 miror,
731 3054 832 3100 noum
853 3036 1066 3116 eumdemque
1089 3037 1146 3099 bo·

55 3136 155 3200 niuem
178 3149 243 3204 tam
264 3141 427 3204 diversum
452 3157 470 3202 a
495 3159 527 3202 se
549 3158 617 3202 esse
639 3139 791 3219 potuisse,
817 3146 853 3200 nt
874 3139 904 3200 in
927 3145 1037 3217 parte,
1063 3155 1148 3218 quae

53 3238 206 3317 probator,
222 3243 379 3305 nerninem
395 3251 465 3320 post
481 3240 652 3322 Apostolos
666 3240 780 3304 habent
796 3238 977 3318 aequalem:
993 3239 1024 3301 io
1039 3255 1075 3300 ea
1093 3249 1147 3300 se·

55 3355 96 3414 ro,
107 3359 185 3420 quaa
197 3344 275 3424 jure
290 3342 549 3422 reprehenditur,
561 3359 655 3404 nemo
673 3341 850 3403 deformius
865 3339 1022 3402 doceatur
1042 3355 1147 3401 erras·

56 3457 94 3502 se.
108 3439 185 3506 liam
201 3461 277 3507 cum
292 3444 333 3506 ab
348 3444 505 3526 episcopis
517 3451 668 3522 excerpta
691 3440 825 3504 inlibris
846 3440 934 3503 illius
948 3439 1049 3502 multa
1064 3439 1149 3517 lege-

57 3554 176 3620 rentur,
197 3563 283 3627 quoe
303 3555 415 3608 contra
438 3544 628 3607 catholicam
652 3543 744 3604 iidem
765 3542 881 3622 scripta
905 3547 1077 3616 constaret,
1101 3540 1149 3604 to·

56 3659 105 3706 cns
122 3644 175 3710 ille
197 3647 249 3710 sel
271 3648 443 3710 maximnm
465 3645 598 3726 parabat
620 3645 792 3719 invidiam,
814 3643 844 3704 io
867 3660 934 3722 quo
955 3641 1075 3704 editum
1105 3641 1150 3704 le·

59 3743 199 3820 gebatur:
233 3749 307 3828 qnia
330 3745 484 3810 {lominus
514 3745 609 3810 Jesns
630 3763 689 3826 pro
713 3743 941 3824 Redemptlone
964 3744 1098 3806 bominis
1118 3745 1149 3806 io

59 3859 141 3910 urna
160 3851 317 3924 venisset,
339 3867 471 3912 crucem
492 3867 552 3928 pro
574 3848 709 3910 hominis
729 3847 834 3925 salute
856 3863 1037 3926 perpessus,
1060 3861 1147 3908 mor·

61 3951 113 4009 tens
126 3967 182 4028 pro
203 3951 337 4014 hominis
354 3951 541 4013 aeternitate
564 3957 742 4029 gustasset;
758 3951 801 4011 ita
824 3959 905 4012 esset
927 3951 1040 4012 endem
1062 3949 1148 4011 ordi-

63 4063 95 4110 ne
111 4055 257 4128 passionis
279 4054 374 4116 etiam
390 4053 554 4116 diabolum
568 4053 795 4132 redempturus
809 4093 819 4122 ,
833 4052 908 4130 qnia
931 4049 992 4114 hoc
1007 4050 1147 4114 bonitate

63 4146 136 4214 itlius
150 4161 179 4216 et
194 4156 302 4235 pietati
324 4161 529 4235 congrueret,
548 4163 584 4216 nt
606 4155 661 4233 qui
683 4153 842 4233 perditum
866 4153 1025 4216 hominem
1045 4151 1152 4216 retor-

64 4261 172 4330 nasset,
197 4257 382 4337 prolapsum
404 4273 536 4336 quoqne
557 4253 707 4334 angelum
728 4252 892 4317 liberaret.
