3042 4940
305 382 348 452 ⁸⁶
769 487 909 558 cetur
930 486 971 556 X.

310 689 389 758 ltens
402 691 608 774 amplissimis
617 692 811 776 aspernantis
820 691 1028 776 interpolatio
1039 688 1225 756 Collahonis
1235 689 1362 774 quintae
1374 688 1427 772 Ss-

348 790 425 856 nodi
445 792 475 856 V.
497 804 525 858 et
545 793 621 858 hinc
641 794 779 859 nominis
802 793 947 877 Oripenis
967 793 1108 858 intrusio
1128 793 1382 874 comprobantur,
1394 794 1427 856 is

349 895 600 962 discussionibus
629 896 844 979 episcoporum
870 899 907 959 de
927 893 1094 960 haereticis
1120 904 1346 976 postmortem
1375 896 1428 957 da·

265 1057 271 1070 ,
347 998 516 1064 uenandis:
539 998 629 1064 noeis
651 998 770 1066 additis
791 998 919 1082 Pelopii
939 997 967 1063 1.
987 995 1114 1079 Pelopii
1135 994 1181 1061 lt.
1201 996 1238 1060 de
1258 995 1319 1060 hae
1338 1015 1370 1060 ss
1390 1007 1427 1061 ts·

348 1097 519 1167 stimoniis.

308 1336 485 1466 Attamen
504 1402 621 1468 instant
641 1402 833 1478 adversarii,
862 1410 962 1482 atque
983 1399 1022 1463 aa
1045 1399 1260 1467 Collationem
1282 1402 1425 1480 quintam

308 1513 515 1569 recurrentes
538 1504 635 1585 hujus
656 1503 787 1589 synodi,
811 1505 893 1568 haue
913 1502 1089 1585 objiciuut3
1114 1504 1144 1566 in
1167 1520 1232 1583 qne
1254 1503 1361 1582 pnlsrn
1382 1501 1426 1563 di·

308 1605 395 1672 eitnr
408 1604 555 1685 Origenis
579 1607 760 1668 damnatus.
777 1603 883 1668 Verba
900 1624 1012 1685 porro,
1029 1623 1113 1684 quae
1131 1603 1227 1668 talem
1242 1605 1426 1685 exprimunt

312 1707 562 1784 damnationem,
584 1708 628 1770 ita
648 1716 780 1771 sonent:
799 1729 815 1768 u
831 1707 873 1772 Et
899 1709 1093 1772 Athanasius
1115 1707 1260 1770 diversas
1280 1704 1427 1786 epistolas

312 1808 353 1872 ad
376 1807 600 1889 Apollinarem
621 1810 760 1890 scripsit,
784 1818 937 1889 tauquam
958 1809 1069 1874 eedem
1093 1811 1125 1873 iu
1149 1807 1210 1872 fide
1230 1808 1425 1888 sapientem

311 1915 471 1974 ettamen
494 1918 602 1989 postea
623 1909 723 1972 libros
738 1911 878 1992 integros
901 1912 996 1974 etiam
1020 1919 1091 1990 post
1113 1917 1249 1972 mortem
1266 1907 1429 1988 hpollius·

307 2013 349 2076 rii
365 2011 492 2092 scripsit
513 2011 669 2077 adsersus
690 2030 777 2086 eum,
794 2013 927 2092 cognitis
949 2013 1035 2076 illius
1057 2011 1262 2091 blasphemiis
1283 2011 1315 2072 ia
1337 2009 1424 2074 libris

305 2114 388 2195 eins.
409 2112 471 2178 Sed
493 2115 589 2176 etiam
610 2111 676 2177 Leo
697 2121 826 2179 sanctae
848 2114 1022 2178 memoriae
1046 2112 1130 2192 Papa
1146 2111 1341 2194 antiquioris
1363 2109 1424 2174 llo·

306 2231 379 2276 snae
404 2220 438 2276 et
457 2215 598 2294 suscepit
626 2212 796 2296 Eutychen
818 2222 850 2278 et
873 2215 1037 2294 rescripsit
1065 2213 1301 2292 comprohsns5
1329 2219 1362 2274 et
1381 2219 1425 2272 ts·

306 2332 380 2378 maen
408 2325 516 2394 postas
539 2314 775 2393 condemnavit,
806 2322 839 2378 et
858 2314 1143 2378 anathematizavit
1165 2331 1240 2376 enm
1275 2321 1423 2392 tanquan

307 2415 520 2481 haereticum.
552 2414 595 2480 Et
616 2415 735 2481 rnnltos
766 2417 897 2496 quidem
919 2418 1015 2479 etium
1047 2416 1226 2480 invenimus
1251 2413 1333 2477 alios
1353 2419 1424 2494 post

305 2523 444 2580 mortem
466 2517 763 2594 anathematizatos,
780 2535 839 2581 nee
860 2535 922 2580 non
943 2519 1040 2579 etiem
1060 2513 1248 2596 Origenem.
1273 2513 1360 2578 Etsi
1382 2513 1421 2576 al

305 2621 450 2697 tempora
473 2615 643 2698 Theophili
674 2629 802 2682 sanotae
834 2619 1021 2692 memoriae,
1055 2617 1106 2679 sel
1127 2618 1278 2697 superins
1307 2614 1423 2695 aliquis

305 2721 498 2796 recurrerit,
511 2729 582 2800 post
596 2728 731 2786 mortam
745 2723 883 2786 inveniet
897 2721 1215 2783 anathematizatum.
1232 2714 1326 2794 Quod
1338 2735 1422 2780 nanc

305 2816 343 2884 in
362 2817 431 2900 ipso
450 2819 525 2900 [ecit
538 2829 566 2884 et
581 2830 684 2884 uestra
703 2819 872 2897 sanctitas,
886 2831 914 2885 et
933 2819 1069 2904 Vipilius
1088 2817 1347 2902 sclipionssinsns
1365 2818 1425 2883 Pa·

303 2937 350 3002 pa
369 2919 563 3002 antiquioris
595 2919 721 2986 Romae.
756 2920 1047 3004 praesumpserunt
1076 2941 1154 2987 vern
1178 2921 1340 2988 Theodori
1371 2923 1424 2984 le·

304 3020 449 3086 lensores
471 3023 566 3085 etiam
588 3020 721 3086 loannis
741 3031 870 3087 sanctae
892 3025 1067 3087 memoriae
1088 3023 1229 3103 episcopi
1255 3021 1423 3087 constanti·

308 3121 485 3204 napolitani
500 3123 624 3186 litteras
646 3123 807 3203 prolerre,
830 3125 922 3203 quusi
938 3125 976 3187 od
999 3122 1210 3189 Theodorum
1233 3123 1332 3188 laetas
1349 3123 1422 3185 lsn·

307 3221 364 3286 des
384 3223 483 3304 ipsius
505 3225 702 3288 continentes
723 3232 818 3287 etc.»

385 3323 438 3388 Ab
458 3324 625 3406 exemplis,
649 3324 695 3387 uti
717 3332 818 3404 patet,
835 3323 967 3389 Consilii
984 3325 1095 3389 Patres
1118 3326 1306 3390 canonicum
1321 3323 1422 3388 Theu-

307 3424 380 3488 dori
403 3427 616 3505 mopsuesteni
632 3435 703 3506 post
719 3436 855 3489 mortem
871 3428 1172 3491 anathematismum
1191 3428 1353 3492 ostendere
1368 3445 1421 3488 eo·

309 3525 388 3602 nati,
411 3527 803 3606 praeterhpollinarium‚
820 3525 1000 3612 Eutychem
1023 3538 1214 3610 ceterosque
1229 3525 1418 3592 subducto·

308 3625 426 3706 rigente
448 3626 683 3724 damnationem
705 3627 735 3689 in
757 3627 886 3711 synodo
908 3628 1115 3695 nlesandrins
1145 3630 1207 3693 snb
1229 3627 1412 3708 Theophila,

307 3724 467 3789 dieentes:
490 3725 576 3808 quod
595 3745 680 3790 nunc
701 3727 825 3808 inipso
844 3727 918 3809 fecit
937 3736 966 3791 et
986 3739 1090 3792 uestra
1112 3728 1267 3793 sanctitas
1284 3737 1311 3791 et
1335 3723 1414 3805 Vipi-

305 3823 373 3889 lias
388 3825 644 3908 relipiosissimus
662 3825 752 3908 Papa
768 3826 961 3910 antiquioris
975 3827 1101 3893 Romae.
1116 3828 1168 3894 Ex
1186 3829 1233 3893 his
1248 3825 1413 3892 noshsimis

309 3926 416 3991 serbis
437 3928 622 3993 dantnatnm
638 3923 809 4010 Origenem
825 3931 856 3991 in
872 3933 983 4012 quinta
999 3929 1337 4016 oecumenicasynola
1353 3944 1409 4007 pu·

302 4032 414 4090 tarent
434 4027 623 4093 adversarii.
647 4027 717 4111 Ego
739 4049 817 4095 sero
839 4050 944 4112 neque
966 4034 1039 4096 hinc
1061 4041 1211 4112 putarem
1232 4031 1300 4097 erui
1318 4043 1403 4110 posse

302 4125 335 4189 ln
353 4128 464 4208 quinta
485 4127 614 4215 syuodo
632 4131 813 4214 judicatum
836 4133 1085 4198 adamantium:
1114 4134 1253 4198 obscura
1272 4143 1396 4208 nonme

303 4233 336 4292 et
357 4227 479 4296 incerta
501 4238 636 4313 apparet
655 4231 791 4314 locutio,
821 4249 859 4298 sc
879 4232 952 4298 ideo
975 4235 1064 4302 reris
1085 4234 1281 4317 expositione
1298 4241 1397 4310 capu·
