<?xml version="1.0" encoding="UTF-8"?>
<!DOCTYPE html PUBLIC "-//W3C//DTD XHTML 1.0 Transitional//EN"
    "http://www.w3.org/TR/xhtml1/DTD/xhtml1-transitional.dtd">
<html xmlns="http://www.w3.org/1999/xhtml" xml:lang="en" lang="en">
 <head>
  <title>
</title>
<meta http-equiv="Content-Type" content="text/html;charset=utf-8" />
  <meta name='ocr-system' content='tesseract 3.04.00' />
  <meta name='ocr-capabilities' content='ocr_page ocr_carea ocr_par ocr_line ocrx_word'/>
</head>
<body>
  <div class='ocr_page' id='page_1' title='image "./insgregoriinyss01vincgoog/insgregoriinyss01vincgoog_0098.png"; bbox 0 0 3186 4946; ppageno 0'>
   <div class='ocr_carea' id='block_1_1' title="bbox 112 473 1235 2083">
    <p class='ocr_par' dir='ltr' id='par_1_1' title="bbox 112 473 1232 863">
     <span class='ocr_line' id='line_1_1' title="bbox 112 473 1232 558; baseline -0.002 -17"><span class='ocrx_word' id='word_1_1' title='bbox 112 473 260 550; x_wconf 88' lang='lat' dir='ltr'>roribus,</span> <span class='ocrx_word' id='word_1_2' title='bbox 286 491 402 538; x_wconf 87' lang='lat' dir='ltr'>rernm</span> <span class='ocrx_word' id='word_1_3' title='bbox 416 493 456 539; x_wconf 91' lang='lat' dir='ltr'>ne</span> <span class='ocrx_word' id='word_1_4' title='bbox 471 494 527 540; x_wconf 91' lang='lat' dir='ltr'>ecs</span> <span class='ocrx_word' id='word_1_5' title='bbox 551 481 677 540; x_wconf 83' lang='lat' dir='ltr'>notasse</span> <span class='ocrx_word' id='word_1_6' title='bbox 691 477 831 558; x_wconf 82' lang='lat' dir='ltr'>quidem.</span> <span class='ocrx_word' id='word_1_7' title='bbox 850 476 998 558; x_wconf 75' lang='lat' dir='ltr'>Amplius</span> <span class='ocrx_word' id='word_1_8' title='bbox 1022 492 1135 538; x_wconf 90' lang='lat' dir='ltr'>eornm</span> <span class='ocrx_word' id='word_1_9' title='bbox 1158 495 1232 539; x_wconf 87' lang='lat' dir='ltr'>coo·</span> 
     </span>
     <span class='ocr_line' id='line_1_2' title="bbox 112 577 1228 660; baseline -0.001 -17"><span class='ocrx_word' id='word_1_10' title='bbox 112 579 214 654; x_wconf 86' lang='lat' dir='ltr'>scius,</span> <span class='ocrx_word' id='word_1_11' title='bbox 236 595 324 660; x_wconf 86' lang='lat' dir='ltr'>quae</span> <span class='ocrx_word' id='word_1_12' title='bbox 348 577 487 643; x_wconf 72' lang='lat' dir='ltr'>ductori</span> <span class='ocrx_word' id='word_1_13' title='bbox 507 578 765 644; x_wconf 72' lang='lat' dir='ltr'>inscribebantur</span> <span class='ocrx_word' id='word_1_14' title='bbox 785 580 886 643; x_wconf 87' lang='lat' dir='ltr'>relati</span> <span class='ocrx_word' id='word_1_15' title='bbox 908 577 1086 655; x_wconf 84' lang='lat' dir='ltr'>haeretica,</span> <span class='ocrx_word' id='word_1_16' title='bbox 1109 580 1228 644; x_wconf 89' lang='lat' dir='ltr'>borum</span> 
     </span>
     <span class='ocr_line' id='line_1_3' title="bbox 117 679 1231 762; baseline -0.002 -18"><span class='ocrx_word' id='word_1_17' title='bbox 117 697 247 744; x_wconf 88' lang='lat' dir='ltr'>sensum</span> <span class='ocrx_word' id='word_1_18' title='bbox 269 679 458 760; x_wconf 73' lang='lat' dir='ltr'>explanavit</span> <span class='ocrx_word' id='word_1_19' title='bbox 477 679 574 744; x_wconf 91' lang='lat' dir='ltr'>aliter</span> <span class='ocrx_word' id='word_1_20' title='bbox 595 680 635 742; x_wconf 87' lang='lat' dir='ltr'>ab</span> <span class='ocrx_word' id='word_1_21' title='bbox 656 699 707 755; x_wconf 87' lang='lat' dir='ltr'>eo,</span> <span class='ocrx_word' id='word_1_22' title='bbox 730 680 817 760; x_wconf 89' lang='lat' dir='ltr'>qnod</span> <span class='ocrx_word' id='word_1_23' title='bbox 838 679 985 762; x_wconf 71' lang='lat' dir='ltr'>Origenis</span> <span class='ocrx_word' id='word_1_24' title='bbox 1000 681 1106 744; x_wconf 89' lang='lat' dir='ltr'>bostcs</span> <span class='ocrx_word' id='word_1_25' title='bbox 1133 681 1231 744; x_wconf 89' lang='lat' dir='ltr'>inter·</span> 
     </span>
     <span class='ocr_line' id='line_1_4' title="bbox 117 784 343 863; baseline 0.009 -22"><span class='ocrx_word' id='word_1_26' title='bbox 117 784 235 863; x_wconf 87' lang='lat' dir='ltr'>pretati</span> <span class='ocrx_word' id='word_1_27' title='bbox 256 790 343 846; x_wconf 87' lang='lat' dir='ltr'>sunt.</span> 
     </span>
    </p>

    <p class='ocr_par' dir='ltr' id='par_1_2' title="bbox 116 880 1235 2083">
     <span class='ocr_line' id='line_1_5' title="bbox 197 880 1232 965; baseline -0.001 -19"><span class='ocrx_word' id='word_1_28' title='bbox 197 881 241 946; x_wconf 80' lang='lat' dir='ltr'>Et</span> <span class='ocrx_word' id='word_1_29' title='bbox 261 882 369 962; x_wconf 86' lang='lat' dir='ltr'>quand</span> <span class='ocrx_word' id='word_1_30' title='bbox 392 880 528 962; x_wconf 90' lang='lat' dir='ltr'>primam</span> <span class='ocrx_word' id='word_1_31' title='bbox 549 887 672 962; x_wconf 85' lang='lat' dir='ltr'>partem</span> <span class='ocrx_word' id='word_1_32' title='bbox 692 903 734 947; x_wconf 82' lang='lat' dir='ltr'>ex</span> <span class='ocrx_word' id='word_1_33' title='bbox 750 883 849 963; x_wconf 87' lang='lat' dir='ltr'>ipsius</span> <span class='ocrx_word' id='word_1_34' title='bbox 864 883 1041 965; x_wconf 78' lang='lat' dir='ltr'>perspicuis</span> <span class='ocrx_word' id='word_1_35' title='bbox 1059 883 1176 955; x_wconf 85' lang='lat' dir='ltr'>vorbis,</span> <span class='ocrx_word' id='word_1_36' title='bbox 1193 899 1232 945; x_wconf 90' lang='lat' dir='ltr'>ac</span> 
     </span>
     <span class='ocr_line' id='line_1_6' title="bbox 117 981 1232 1070; baseline 0 -22"><span class='ocrx_word' id='word_1_37' title='bbox 117 991 200 1048; x_wconf 86' lang='lat' dir='ltr'>teste</span> <span class='ocrx_word' id='word_1_38' title='bbox 221 981 434 1070; x_wconf 75' lang='lat' dir='ltr'>Hieronymo,</span> <span class='ocrx_word' id='word_1_39' title='bbox 457 984 496 1048; x_wconf 92' lang='lat' dir='ltr'>dc</span> <span class='ocrx_word' id='word_1_40' title='bbox 517 983 596 1060; x_wconf 91' lang='lat' dir='ltr'>Dec,</span> <span class='ocrx_word' id='word_1_41' title='bbox 619 986 724 1066; x_wconf 86' lang='lat' dir='ltr'>deque</span> <span class='ocrx_word' id='word_1_42' title='bbox 745 987 870 1048; x_wconf 86' lang='lat' dir='ltr'>divinae</span> <span class='ocrx_word' id='word_1_43' title='bbox 892 984 1054 1049; x_wconf 78' lang='lat' dir='ltr'>Trinitatis</span> <span class='ocrx_word' id='word_1_44' title='bbox 1077 983 1232 1065; x_wconf 87' lang='lat' dir='ltr'>mysteria</span> 
     </span>
     <span class='ocr_line' id='line_1_7' title="bbox 117 1083 1233 1170; baseline 0.002 -22"><span class='ocrx_word' id='word_1_45' title='bbox 117 1103 225 1166; x_wconf 88' lang='lat' dir='ltr'>prope</span> <span class='ocrx_word' id='word_1_46' title='bbox 249 1085 441 1148; x_wconf 76' lang='lat' dir='ltr'>catholicam</span> <span class='ocrx_word' id='word_1_47' title='bbox 465 1084 559 1148; x_wconf 89' lang='lat' dir='ltr'>iidem</span> <span class='ocrx_word' id='word_1_48' title='bbox 581 1087 679 1148; x_wconf 88' lang='lat' dir='ltr'>sensit</span> <span class='ocrx_word' id='word_1_49' title='bbox 702 1093 735 1150; x_wconf 91' lang='lat' dir='ltr'>et</span> <span class='ocrx_word' id='word_1_50' title='bbox 762 1086 874 1150; x_wconf 92' lang='lat' dir='ltr'>docuit</span> <span class='ocrx_word' id='word_1_51' title='bbox 898 1083 1065 1170; x_wconf 77' lang='lat' dir='ltr'>Didymus.</span> <span class='ocrx_word' id='word_1_52' title='bbox 1094 1083 1140 1146; x_wconf 92' lang='lat' dir='ltr'>De</span> <span class='ocrx_word' id='word_1_53' title='bbox 1164 1083 1233 1150; x_wconf 89' lang='lat' dir='ltr'>Dec</span> 
     </span>
     <span class='ocr_line' id='line_1_8' title="bbox 116 1184 1231 1268; baseline -0.005 -18"><span class='ocrx_word' id='word_1_54' title='bbox 116 1190 205 1250; x_wconf 89' lang='lat' dir='ltr'>enim</span> <span class='ocrx_word' id='word_1_55' title='bbox 226 1187 420 1268; x_wconf 88' lang='lat' dir='ltr'>incorporeo</span> <span class='ocrx_word' id='word_1_56' title='bbox 449 1185 485 1250; x_wconf 84' lang='lat' dir='ltr'>in</span> <span class='ocrx_word' id='word_1_57' title='bbox 505 1184 681 1268; x_wconf 77' lang='lat' dir='ltr'>Epistulam</span> <span class='ocrx_word' id='word_1_58' title='bbox 709 1187 735 1250; x_wconf 92' lang='lat' dir='ltr'>l.</span> <span class='ocrx_word' id='word_1_59' title='bbox 759 1187 890 1252; x_wconf 79' lang='lat' dir='ltr'>ioannis</span> <span class='ocrx_word' id='word_1_60' title='bbox 911 1205 982 1267; x_wconf 88' lang='lat' dir='ltr'>cap.</span> <span class='ocrx_word' id='word_1_61' title='bbox 1012 1185 1068 1248; x_wconf 90' lang='lat' dir='ltr'>lv.</span> <span class='ocrx_word' id='word_1_62' title='bbox 1100 1187 1231 1251; x_wconf 79' lang='lat' dir='ltr'>scribit:</span> 
     </span>
     <span class='ocr_line' id='line_1_9' title="bbox 118 1287 1233 1371; baseline 0.004 -21"><span class='ocrx_word' id='word_1_63' title='bbox 118 1312 136 1349; x_wconf 82' lang='lat' dir='ltr'>e</span> <span class='ocrx_word' id='word_1_64' title='bbox 152 1287 212 1352; x_wconf 82' lang='lat' dir='ltr'>llis</span> <span class='ocrx_word' id='word_1_65' title='bbox 233 1289 343 1370; x_wconf 84' lang='lat' dir='ltr'>itaque</span> <span class='ocrx_word' id='word_1_66' title='bbox 361 1289 482 1370; x_wconf 87' lang='lat' dir='ltr'>apertis</span> <span class='ocrx_word' id='word_1_67' title='bbox 503 1290 744 1371; x_wconf 86' lang='lat' dir='ltr'>probationibus</span> <span class='ocrx_word' id='word_1_68' title='bbox 764 1290 1005 1354; x_wconf 79' lang='lat' dir='ltr'>destruentibus</span> <span class='ocrx_word' id='word_1_69' title='bbox 1018 1288 1162 1352; x_wconf 79' lang='lat' dir='ltr'>fallacias</span> <span class='ocrx_word' id='word_1_70' title='bbox 1178 1306 1233 1354; x_wconf 88' lang='lat' dir='ltr'>en·</span> 
     </span>
     <span class='ocr_line' id='line_1_10' title="bbox 116 1389 1233 1472; baseline -0.002 -18"><span class='ocrx_word' id='word_1_71' title='bbox 116 1409 208 1466; x_wconf 87' lang='lat' dir='ltr'>rum,</span> <span class='ocrx_word' id='word_1_72' title='bbox 229 1392 287 1471; x_wconf 86' lang='lat' dir='ltr'>qni</span> <span class='ocrx_word' id='word_1_73' title='bbox 308 1391 465 1454; x_wconf 70' lang='lat' dir='ltr'>divinitati</span> <span class='ocrx_word' id='word_1_74' title='bbox 479 1393 636 1472; x_wconf 76' lang='lat' dir='ltr'>derogare</span> <span class='ocrx_word' id='word_1_75' title='bbox 654 1401 843 1462; x_wconf 80' lang='lat' dir='ltr'>noscuntur,</span> <span class='ocrx_word' id='word_1_76' title='bbox 861 1393 944 1456; x_wconf 90' lang='lat' dir='ltr'>idem</span> <span class='ocrx_word' id='word_1_77' title='bbox 960 1400 1028 1470; x_wconf 86' lang='lat' dir='ltr'>eret</span> <span class='ocrx_word' id='word_1_78' title='bbox 1043 1389 1130 1454; x_wconf 92' lang='lat' dir='ltr'>Dens</span> <span class='ocrx_word' id='word_1_79' title='bbox 1157 1390 1233 1453; x_wconf 84' lang='lat' dir='ltr'>nori</span> 
     </span>
     <span class='ocr_line' id='line_1_11' title="bbox 116 1489 1234 1568; baseline -0.002 -10"><span class='ocrx_word' id='word_1_80' title='bbox 116 1503 152 1558; x_wconf 90' lang='lat' dir='ltr'>et</span> <span class='ocrx_word' id='word_1_81' title='bbox 172 1494 293 1556; x_wconf 78' lang='lat' dir='ltr'>veteris</span> <span class='ocrx_word' id='word_1_82' title='bbox 321 1489 537 1568; x_wconf 84' lang='lat' dir='ltr'>Testamenti,</span> <span class='ocrx_word' id='word_1_83' title='bbox 559 1493 725 1556; x_wconf 85' lang='lat' dir='ltr'>invisibilis</span> <span class='ocrx_word' id='word_1_84' title='bbox 753 1496 893 1558; x_wconf 82' lang='lat' dir='ltr'>existens</span> <span class='ocrx_word' id='word_1_85' title='bbox 914 1494 1069 1568; x_wconf 89' lang='lat' dir='ltr'>essentia,</span> <span class='ocrx_word' id='word_1_86' title='bbox 1096 1510 1172 1556; x_wconf 83' lang='lat' dir='ltr'>cum</span> <span class='ocrx_word' id='word_1_87' title='bbox 1190 1491 1234 1556; x_wconf 89' lang='lat' dir='ltr'>sit</span> 
     </span>
     <span class='ocr_line' id='line_1_12' title="bbox 118 1591 1235 1676; baseline -0.001 -19"><span class='ocrx_word' id='word_1_88' title='bbox 118 1596 331 1676; x_wconf 89' lang='lat' dir='ltr'>incorporeus</span> <span class='ocrx_word' id='word_1_89' title='bbox 352 1603 446 1658; x_wconf 73' lang='lat' dir='ltr'>etc.»</span> <span class='ocrx_word' id='word_1_90' title='bbox 469 1591 515 1656; x_wconf 92' lang='lat' dir='ltr'>Dc</span> <span class='ocrx_word' id='word_1_91' title='bbox 535 1591 690 1660; x_wconf 79' lang='lat' dir='ltr'>Trinitate</span> <span class='ocrx_word' id='word_1_92' title='bbox 710 1603 744 1658; x_wconf 91' lang='lat' dir='ltr'>ct</span> <span class='ocrx_word' id='word_1_93' title='bbox 763 1595 802 1658; x_wconf 90' lang='lat' dir='ltr'>de</span> <span class='ocrx_word' id='word_1_94' title='bbox 820 1593 943 1675; x_wconf 86' lang='lat' dir='ltr'>Spiritu</span> <span class='ocrx_word' id='word_1_95' title='bbox 958 1595 1074 1659; x_wconf 87' lang='lat' dir='ltr'>Sancto</span> <span class='ocrx_word' id='word_1_96' title='bbox 1090 1593 1185 1672; x_wconf 90' lang='lat' dir='ltr'>plura</span> <span class='ocrx_word' id='word_1_97' title='bbox 1200 1600 1235 1657; x_wconf 91' lang='lat' dir='ltr'>et</span> 
     </span>
     <span class='ocr_line' id='line_1_13' title="bbox 123 1691 1233 1777; baseline -0.002 -18"><span class='ocrx_word' id='word_1_98' title='bbox 123 1705 211 1760; x_wconf 88' lang='lat' dir='ltr'>recte</span> <span class='ocrx_word' id='word_1_99' title='bbox 224 1698 402 1777; x_wconf 84' lang='lat' dir='ltr'>disputavit</span> <span class='ocrx_word' id='word_1_100' title='bbox 414 1705 526 1760; x_wconf 89' lang='lat' dir='ltr'>contra</span> <span class='ocrx_word' id='word_1_101' title='bbox 540 1696 755 1770; x_wconf 85' lang='lat' dir='ltr'>adversarios,</span> <span class='ocrx_word' id='word_1_102' title='bbox 771 1695 852 1758; x_wconf 92' lang='lat' dir='ltr'>adeo</span> <span class='ocrx_word' id='word_1_103' title='bbox 866 1704 904 1758; x_wconf 92' lang='lat' dir='ltr'>ut</span> <span class='ocrx_word' id='word_1_104' title='bbox 918 1691 1134 1777; x_wconf 76' lang='lat' dir='ltr'>Hieronymus</span> <span class='ocrx_word' id='word_1_105' title='bbox 1149 1693 1233 1757; x_wconf 81' lang='lat' dir='ltr'>benc</span> 
     </span>
     <span class='ocr_line' id='line_1_14' title="bbox 118 1791 1235 1879; baseline -0.005 -17"><span class='ocrx_word' id='word_1_106' title='bbox 118 1801 343 1879; x_wconf 83' lang='lat' dir='ltr'>pronunciarit</span> <span class='ocrx_word' id='word_1_107' title='bbox 364 1798 574 1862; x_wconf 87' lang='lat' dir='ltr'>sententiam:</span> <span class='ocrx_word' id='word_1_108' title='bbox 599 1795 754 1876; x_wconf 81' lang='lat' dir='ltr'>Didymus</span> <span class='ocrx_word' id='word_1_109' title='bbox 774 1807 853 1860; x_wconf 87' lang='lat' dir='ltr'>certe</span> <span class='ocrx_word' id='word_1_110' title='bbox 866 1793 903 1858; x_wconf 85' lang='lat' dir='ltr'>in</span> <span class='ocrx_word' id='word_1_111' title='bbox 920 1792 1075 1858; x_wconf 82' lang='lat' dir='ltr'>Trinitote</span> <span class='ocrx_word' id='word_1_112' title='bbox 1096 1791 1235 1858; x_wconf 71' lang='lat' dir='ltr'>Catholi-</span> 
     </span>
     <span class='ocr_line' id='line_1_15' title="bbox 117 1894 1235 1979; baseline -0.004 -17"><span class='ocrx_word' id='word_1_113' title='bbox 117 1917 176 1962; x_wconf 73' lang='grc' dir='ltr'>συ</span> <span class='ocrx_word' id='word_1_114' title='bbox 196 1907 251 1962; x_wconf 85' lang='lat' dir='ltr'>est.</span> <span class='ocrx_word' id='word_1_115' title='bbox 273 1897 355 1962; x_wconf 88' lang='lat' dir='ltr'>ltern</span> <span class='ocrx_word' id='word_1_116' title='bbox 375 1900 416 1962; x_wconf 91' lang='lat' dir='ltr'>de</span> <span class='ocrx_word' id='word_1_117' title='bbox 435 1901 625 1964; x_wconf 84' lang='lat' dir='ltr'>aeternitate</span> <span class='ocrx_word' id='word_1_118' title='bbox 645 1915 822 1979; x_wconf 89' lang='lat' dir='ltr'>poenarum</span> <span class='ocrx_word' id='word_1_119' title='bbox 845 1895 1008 1960; x_wconf 83' lang='lat' dir='ltr'>Ecclesiae</span> <span class='ocrx_word' id='word_1_120' title='bbox 1029 1894 1144 1975; x_wconf 81' lang='lat' dir='ltr'>dogma</span> <span class='ocrx_word' id='word_1_121' title='bbox 1176 1911 1235 1975; x_wconf 88' lang='lat' dir='ltr'>per</span> 
     </span>
     <span class='ocr_line' id='line_1_16' title="bbox 119 1991 1234 2083; baseline -0.005 -19"><span class='ocrx_word' id='word_1_122' title='bbox 119 2003 231 2066; x_wconf 87' lang='lat' dir='ltr'>omnis</span> <span class='ocrx_word' id='word_1_123' title='bbox 249 2010 391 2067; x_wconf 85' lang='lat' dir='ltr'>sectrtns</span> <span class='ocrx_word' id='word_1_124' title='bbox 411 2010 460 2067; x_wconf 91' lang='lat' dir='ltr'>est</span> <span class='ocrx_word' id='word_1_125' title='bbox 483 2009 516 2066; x_wconf 91' lang='lat' dir='ltr'>et</span> <span class='ocrx_word' id='word_1_126' title='bbox 541 2001 649 2083; x_wconf 83' lang='lat' dir='ltr'>quoad</span> <span class='ocrx_word' id='word_1_127' title='bbox 675 2001 845 2064; x_wconf 89' lang='lat' dir='ltr'>daemones</span> <span class='ocrx_word' id='word_1_128' title='bbox 874 2007 907 2062; x_wconf 91' lang='lat' dir='ltr'>et</span> <span class='ocrx_word' id='word_1_129' title='bbox 931 1997 1038 2078; x_wconf 87' lang='lat' dir='ltr'>quoad</span> <span class='ocrx_word' id='word_1_130' title='bbox 1066 1991 1234 2077; x_wconf 84' lang='lat' dir='ltr'>reprobos.</span> 
     </span>
    </p>
   </div>
   <div class='ocr_carea' id='block_1_2' title="bbox 116 2096 1344 2184">
    <p class='ocr_par' dir='ltr' id='par_1_3' title="bbox 116 2096 1344 2184">
     <span class='ocr_line' id='line_1_17' title="bbox 116 2096 1344 2184; baseline -0.003 -18"><span class='ocrx_word' id='word_1_131' title='bbox 116 2099 213 2166; x_wconf 75' lang='lat' dir='ltr'>Beati</span> <span class='ocrx_word' id='word_1_132' title='bbox 233 2102 339 2167; x_wconf 80' lang='lat' dir='ltr'>iudae</span> <span class='ocrx_word' id='word_1_133' title='bbox 360 2104 460 2168; x_wconf 85' lang='lat' dir='ltr'>rerba</span> <span class='ocrx_word' id='word_1_134' title='bbox 479 2121 641 2184; x_wconf 81' lang='lat' dir='ltr'>exponens</span> <span class='ocrx_word' id='word_1_135' title='bbox 661 2100 708 2165; x_wconf 85' lang='lat' dir='ltr'>bis</span> <span class='ocrx_word' id='word_1_136' title='bbox 728 2111 869 2165; x_wconf 81' lang='lat' dir='ltr'>mnrtcce</span> <span class='ocrx_word' id='word_1_137' title='bbox 884 2101 1008 2180; x_wconf 83' lang='lat' dir='ltr'>inquit:</span> <span class='ocrx_word' id='word_1_138' title='bbox 1026 2096 1165 2163; x_wconf 79' lang='lat' dir='ltr'>«Usum</span> <span class='ocrx_word' id='word_1_139' title='bbox 1179 2117 1233 2162; x_wconf 75' lang='lat' dir='ltr'>ne·</span> <span class='ocrx_word' id='word_1_140' title='bbox 1340 2160 1344 2168; x_wconf 85' lang='grc'>,</span> 
     </span>
    </p>
   </div>
   <div class='ocr_carea' id='block_1_3' title="bbox 111 2197 1239 3806">
    <p class='ocr_par' dir='ltr' id='par_1_4' title="bbox 111 2197 1239 3197">
     <span class='ocr_line' id='line_1_18' title="bbox 118 2197 1239 2286; baseline -0.006 -18"><span class='ocrx_word' id='word_1_141' title='bbox 118 2205 264 2268; x_wconf 87' lang='lat' dir='ltr'>cessario</span> <span class='ocrx_word' id='word_1_142' title='bbox 284 2221 482 2286; x_wconf 85' lang='lat' dir='ltr'>consequens</span> <span class='ocrx_word' id='word_1_143' title='bbox 502 2213 562 2282; x_wconf 91' lang='lat' dir='ltr'>est,</span> <span class='ocrx_word' id='word_1_144' title='bbox 586 2210 638 2278; x_wconf 87' lang='lat' dir='ltr'>ut,</span> <span class='ocrx_word' id='word_1_145' title='bbox 656 2219 730 2266; x_wconf 89' lang='lat' dir='ltr'>cum</span> <span class='ocrx_word' id='word_1_146' title='bbox 752 2201 892 2264; x_wconf 88' lang='lat' dir='ltr'>secundo</span> <span class='ocrx_word' id='word_1_147' title='bbox 913 2199 1112 2276; x_wconf 84' lang='lat' dir='ltr'>moriuntur,</span> <span class='ocrx_word' id='word_1_148' title='bbox 1132 2197 1239 2262; x_wconf 87' lang='lat' dir='ltr'>eradi·</span> 
     </span>
     <span class='ocr_line' id='line_1_19' title="bbox 118 2303 1235 2383; baseline -0.004 -14"><span class='ocrx_word' id='word_1_149' title='bbox 118 2305 191 2369; x_wconf 87' lang='lat' dir='ltr'>cari</span> <span class='ocrx_word' id='word_1_150' title='bbox 206 2305 389 2382; x_wconf 84' lang='lat' dir='ltr'>videantur,</span> <span class='ocrx_word' id='word_1_151' title='bbox 405 2315 443 2370; x_wconf 92' lang='grc' dir='ltr'>ιιι</span> <span class='ocrx_word' id='word_1_152' title='bbox 458 2306 582 2370; x_wconf 87' lang='lat' dir='ltr'>nnllam</span> <span class='ocrx_word' id='word_1_153' title='bbox 596 2323 684 2383; x_wconf 84' lang='lat' dir='ltr'>rpem</span> <span class='ocrx_word' id='word_1_154' title='bbox 701 2305 838 2366; x_wconf 83' lang='lat' dir='ltr'>babeant</span> <span class='ocrx_word' id='word_1_155' title='bbox 853 2303 958 2366; x_wconf 89' lang='lat' dir='ltr'>denno</span> <span class='ocrx_word' id='word_1_156' title='bbox 973 2303 1211 2380; x_wconf 80' lang='lat' dir='ltr'>germinandi..</span> <span class='ocrx_word' id='word_1_157' title='bbox 1226 2345 1235 2364; x_wconf 89' lang='lat'><strong>.</strong></span> 
     </span>
     <span class='ocr_line' id='line_1_20' title="bbox 117 2403 1235 2486; baseline 0 -18"><span class='ocrx_word' id='word_1_158' title='bbox 117 2403 167 2469; x_wconf 81' lang='lat' dir='ltr'>Et</span> <span class='ocrx_word' id='word_1_159' title='bbox 186 2406 353 2469; x_wconf 68' lang='lat' dir='ltr'>imitantur</span> <span class='ocrx_word' id='word_1_160' title='bbox 381 2414 504 2486; x_wconf 89' lang='lat' dir='ltr'>patrem</span> <span class='ocrx_word' id='word_1_161' title='bbox 524 2424 621 2470; x_wconf 88' lang='lat' dir='ltr'>sunm</span> <span class='ocrx_word' id='word_1_162' title='bbox 650 2415 815 2480; x_wconf 77' lang='lat' dir='ltr'>somnam,</span> <span class='ocrx_word' id='word_1_163' title='bbox 837 2407 893 2485; x_wconf 80' lang='lat' dir='ltr'>qni</span> <span class='ocrx_word' id='word_1_164' title='bbox 921 2405 953 2466; x_wconf 94' lang='lat' dir='ltr'>ln</span> <span class='ocrx_word' id='word_1_165' title='bbox 978 2404 1235 2484; x_wconf 77' lang='lat' dir='ltr'>lucisangelnnt</span> 
     </span>
     <span class='ocr_line' id='line_1_21' title="bbox 117 2505 1235 2588; baseline 0.003 -19"><span class='ocrx_word' id='word_1_166' title='bbox 117 2508 413 2588; x_wconf 75' lang='lat' dir='ltr'>transformantur5</span> <span class='ocrx_word' id='word_1_167' title='bbox 438 2519 658 2572; x_wconf 84' lang='lat' dir='ltr'>verumtamen</span> <span class='ocrx_word' id='word_1_168' title='bbox 679 2509 756 2571; x_wconf 91' lang='lat' dir='ltr'>licet</span> <span class='ocrx_word' id='word_1_169' title='bbox 776 2508 857 2569; x_wconf 88' lang='lat' dir='ltr'>banc</span> <span class='ocrx_word' id='word_1_170' title='bbox 879 2507 1045 2569; x_wconf 77' lang='lat' dir='ltr'>fantasiam</span> <span class='ocrx_word' id='word_1_171' title='bbox 1068 2505 1235 2572; x_wconf 88' lang='lat' dir='ltr'>celebrare</span> 
     </span>
     <span class='ocr_line' id='line_1_22' title="bbox 117 2607 1235 2691; baseline 0 -23"><span class='ocrx_word' id='word_1_172' title='bbox 117 2608 274 2683; x_wconf 78' lang='lat' dir='ltr'>valeam,</span> <span class='ocrx_word' id='word_1_173' title='bbox 297 2617 402 2672; x_wconf 82' lang='lat' dir='ltr'>teman</span> <span class='ocrx_word' id='word_1_174' title='bbox 422 2609 538 2691; x_wconf 86' lang='lat' dir='ltr'>sydera</span> <span class='ocrx_word' id='word_1_175' title='bbox 558 2619 635 2672; x_wconf 91' lang='lat' dir='ltr'>sunt</span> <span class='ocrx_word' id='word_1_176' title='bbox 655 2611 800 2683; x_wconf 83' lang='lat' dir='ltr'>erroris,</span> <span class='ocrx_word' id='word_1_177' title='bbox 823 2609 940 2689; x_wconf 83' lang='lat' dir='ltr'>quibas</span> <span class='ocrx_word' id='word_1_178' title='bbox 961 2608 1065 2686; x_wconf 78' lang='lat' dir='ltr'>caligo</span> <span class='ocrx_word' id='word_1_179' title='bbox 1088 2607 1235 2668; x_wconf 87' lang='lat' dir='ltr'>tenebra·</span> 
     </span>
     <span class='ocr_line' id='line_1_23' title="bbox 117 2708 1233 2787; baseline 0 -17"><span class='ocrx_word' id='word_1_180' title='bbox 117 2727 199 2772; x_wconf 85' lang='lat' dir='ltr'>rura</span> <span class='ocrx_word' id='word_1_181' title='bbox 213 2715 342 2774; x_wconf 88' lang='lat' dir='ltr'>aeterna</span> <span class='ocrx_word' id='word_1_182' title='bbox 357 2717 517 2774; x_wconf 84' lang='lat' dir='ltr'>servatur.</span> <span class='ocrx_word' id='word_1_183' title='bbox 534 2730 552 2768; x_wconf 79' lang='lat' dir='ltr'>n</span> <span class='ocrx_word' id='word_1_184' title='bbox 568 2709 722 2774; x_wconf 86' lang='lat' dir='ltr'>Similiter</span> <span class='ocrx_word' id='word_1_185' title='bbox 741 2721 851 2774; x_wconf 86' lang='lat' dir='ltr'>centra</span> <span class='ocrx_word' id='word_1_186' title='bbox 867 2709 1081 2782; x_wconf 89' lang='lat' dir='ltr'>mnnicbaens,</span> <span class='ocrx_word' id='word_1_187' title='bbox 1094 2708 1233 2787; x_wconf 89' lang='lat' dir='ltr'>probans</span> 
     </span>
     <span class='ocr_line' id='line_1_24' title="bbox 116 2809 1234 2892; baseline -0.001 -20"><span class='ocrx_word' id='word_1_188' title='bbox 116 2809 312 2876; x_wconf 86' lang='lat' dir='ltr'>daemonem</span> <span class='ocrx_word' id='word_1_189' title='bbox 332 2829 376 2876; x_wconf 74' lang='lat' dir='ltr'>er</span> <span class='ocrx_word' id='word_1_190' title='bbox 393 2831 454 2878; x_wconf 91' lang='lat' dir='ltr'>sno</span> <span class='ocrx_word' id='word_1_191' title='bbox 475 2813 610 2874; x_wconf 88' lang='lat' dir='ltr'>arbitrio</span> <span class='ocrx_word' id='word_1_192' title='bbox 631 2831 790 2892; x_wconf 86' lang='lat' dir='ltr'>peccasse,</span> <span class='ocrx_word' id='word_1_193' title='bbox 812 2820 845 2876; x_wconf 92' lang='lat' dir='ltr'>et</span> <span class='ocrx_word' id='word_1_194' title='bbox 863 2829 927 2874; x_wconf 94' lang='lat' dir='ltr'>nnn</span> <span class='ocrx_word' id='word_1_195' title='bbox 947 2830 990 2874; x_wconf 81' lang='lat' dir='ltr'>cx</span> <span class='ocrx_word' id='word_1_196' title='bbox 1009 2817 1136 2886; x_wconf 89' lang='lat' dir='ltr'>natura,</span> <span class='ocrx_word' id='word_1_197' title='bbox 1157 2809 1234 2873; x_wconf 91' lang='lat' dir='ltr'>dicit</span> 
     </span>
     <span class='ocr_line' id='line_1_25' title="bbox 121 2911 1237 2994; baseline -0.001 -19"><span class='ocrx_word' id='word_1_198' title='bbox 121 2911 231 2976; x_wconf 80' lang='lat' dir='ltr'>Decus</span> <span class='ocrx_word' id='word_1_199' title='bbox 251 2921 393 2976; x_wconf 82' lang='lat' dir='ltr'>satanam</span> <span class='ocrx_word' id='word_1_200' title='bbox 416 2916 545 2994; x_wconf 85' lang='lat' dir='ltr'>punire,</span> <span class='ocrx_word' id='word_1_201' title='bbox 565 2915 661 2978; x_wconf 89' lang='lat' dir='ltr'>sicuti</span> <span class='ocrx_word' id='word_1_202' title='bbox 681 2922 715 2978; x_wconf 90' lang='lat' dir='ltr'>et</span> <span class='ocrx_word' id='word_1_203' title='bbox 729 2913 943 2993; x_wconf 73' lang='lat' dir='ltr'>&#39;ceteros,.qui</span> <span class='ocrx_word' id='word_1_204' title='bbox 963 2912 1064 2976; x_wconf 92' lang='lat' dir='ltr'>libere</span> <span class='ocrx_word' id='word_1_205' title='bbox 1085 2931 1162 2974; x_wconf 89' lang='lat' dir='ltr'>snae</span> <span class='ocrx_word' id='word_1_206' title='bbox 1181 2931 1237 2974; x_wconf 84' lang='lat' dir='ltr'>ro·</span> 
     </span>
     <span class='ocr_line' id='line_1_26' title="bbox 122 3012 1238 3096; baseline 0.001 -22"><span class='ocrx_word' id='word_1_207' title='bbox 122 3013 245 3076; x_wconf 83' lang='lat' dir='ltr'>luctati</span> <span class='ocrx_word' id='word_1_208' title='bbox 260 3012 364 3081; x_wconf 86' lang='lat' dir='ltr'>malae</span> <span class='ocrx_word' id='word_1_209' title='bbox 378 3013 616 3096; x_wconf 83' lang='lat' dir='ltr'>obsequuntur,</span> <span class='ocrx_word' id='word_1_210' title='bbox 630 3016 709 3079; x_wconf 91' lang='lat' dir='ltr'>mitti</span> <span class='ocrx_word' id='word_1_211' title='bbox 724 3014 760 3078; x_wconf 83' lang='lat' dir='ltr'>in</span> <span class='ocrx_word' id='word_1_212' title='bbox 774 3014 878 3096; x_wconf 80' lang='lat' dir='ltr'>iposm</span> <span class='ocrx_word' id='word_1_213' title='bbox 893 3023 1068 3089; x_wconf 66' lang='lat' dir='ltr'>curruum,</span> <span class='ocrx_word' id='word_1_214' title='bbox 1079 3012 1137 3096; x_wconf 80' lang='lat' dir='ltr'>qui</span> <span class='ocrx_word' id='word_1_215' title='bbox 1144 3032 1238 3095; x_wconf 84' lang='lat' dir='ltr'>prce·</span> 
     </span>
     <span class='ocr_line' id='line_1_27' title="bbox 111 3111 756 3197; baseline 0.005 -22"><span class='ocrx_word' id='word_1_216' title='bbox 111 3121 259 3196; x_wconf 78' lang='lat' dir='ltr'>paretes</span> <span class='ocrx_word' id='word_1_217' title='bbox 277 3121 322 3176; x_wconf 86' lang='lat' dir='ltr'>est</span> <span class='ocrx_word' id='word_1_218' title='bbox 340 3111 465 3180; x_wconf 85' lang='lat' dir='ltr'>dinbnin</span> <span class='ocrx_word' id='word_1_219' title='bbox 484 3124 513 3178; x_wconf 84' lang='lat' dir='ltr'>ct</span> <span class='ocrx_word' id='word_1_220' title='bbox 533 3113 657 3196; x_wconf 77' lang='lat' dir='ltr'>eryciis</span> <span class='ocrx_word' id='word_1_221' title='bbox 677 3116 756 3197; x_wconf 65' lang='lat' dir='ltr'>cius.</span> 
     </span>
    </p>

    <p class='ocr_par' dir='ltr' id='par_1_5' title="bbox 120 3212 1238 3806">
     <span class='ocr_line' id='line_1_28' title="bbox 208 3212 1236 3303; baseline 0 -25"><span class='ocrx_word' id='word_1_222' title='bbox 208 3212 269 3278; x_wconf 89' lang='lat' dir='ltr'>Sed</span> <span class='ocrx_word' id='word_1_223' title='bbox 290 3215 377 3295; x_wconf 86' lang='lat' dir='ltr'>qnod</span> <span class='ocrx_word' id='word_1_224' title='bbox 399 3219 498 3298; x_wconf 78' lang='lat' dir='ltr'>mapis</span> <span class='ocrx_word' id='word_1_225' title='bbox 529 3228 637 3284; x_wconf 85' lang='lat' dir='ltr'>nostra</span> <span class='ocrx_word' id='word_1_226' title='bbox 666 3219 799 3282; x_wconf 89' lang='lat' dir='ltr'>interest</span> <span class='ocrx_word' id='word_1_227' title='bbox 815 3217 859 3282; x_wconf 76' lang='lat' dir='ltr'>‚do</span> <span class='ocrx_word' id='word_1_228' title='bbox 879 3217 1007 3303; x_wconf 78' lang='lat' dir='ltr'>Didymi</span> <span class='ocrx_word' id='word_1_229' title='bbox 1033 3236 1128 3282; x_wconf 85' lang='lat' dir='ltr'>sensu</span> <span class='ocrx_word' id='word_1_230' title='bbox 1151 3219 1236 3280; x_wconf 87' lang='lat' dir='ltr'>circa</span> 
     </span>
     <span class='ocr_line' id='line_1_29' title="bbox 124 3316 1238 3400; baseline -0.001 -20"><span class='ocrx_word' id='word_1_231' title='bbox 124 3316 277 3396; x_wconf 70' lang='lat' dir='ltr'>Origenis</span> <span class='ocrx_word' id='word_1_232' title='bbox 296 3317 410 3397; x_wconf 90' lang='lat' dir='ltr'>libros,</span> <span class='ocrx_word' id='word_1_233' title='bbox 432 3320 621 3399; x_wconf 87' lang='lat' dir='ltr'>praesertim</span> <span class='ocrx_word' id='word_1_234' title='bbox 644 3318 687 3394; x_wconf 74' lang='lat' dir='ltr'>De</span> <span class='ocrx_word' id='word_1_235' title='bbox 702 3317 892 3400; x_wconf 80' lang='lat' dir='ltr'>Principiis,</span> <span class='ocrx_word' id='word_1_236' title='bbox 913 3321 1054 3388; x_wconf 88' lang='lat' dir='ltr'>traditur</span> <span class='ocrx_word' id='word_1_237' title='bbox 1067 3322 1108 3384; x_wconf 92' lang='lat' dir='ltr'>ab</span> <span class='ocrx_word' id='word_1_238' title='bbox 1124 3318 1238 3382; x_wconf 80' lang='lat' dir='ltr'>litero·</span> 
     </span>
     <span class='ocr_line' id='line_1_30' title="bbox 120 3417 1236 3503; baseline -0.002 -23"><span class='ocrx_word' id='word_1_239' title='bbox 120 3435 223 3503; x_wconf 84' lang='lat' dir='ltr'>aymo</span> <span class='ocrx_word' id='word_1_240' title='bbox 244 3419 276 3480; x_wconf 90' lang='lat' dir='ltr'>in</span> <span class='ocrx_word' id='word_1_241' title='bbox 297 3417 395 3486; x_wconf 86' lang='lat' dir='ltr'>Libro</span> <span class='ocrx_word' id='word_1_242' title='bbox 415 3419 457 3484; x_wconf 91' lang='lat' dir='ltr'>ll.</span> <span class='ocrx_word' id='word_1_243' title='bbox 480 3437 511 3484; x_wconf 90' lang='lat' dir='ltr'>a.</span> <span class='ocrx_word' id='word_1_244' title='bbox 532 3417 574 3486; x_wconf 79' lang='lat' dir='ltr'>ld</span> <span class='ocrx_word' id='word_1_245' title='bbox 592 3420 749 3486; x_wconf 82' lang='lat' dir='ltr'>aduersus</span> <span class='ocrx_word' id='word_1_246' title='bbox 765 3417 943 3496; x_wconf 78' lang='lat' dir='ltr'>linificam,</span> <span class='ocrx_word' id='word_1_247' title='bbox 959 3423 1015 3502; x_wconf 88' lang='lat' dir='ltr'>qui</span> <span class='ocrx_word' id='word_1_248' title='bbox 1031 3429 1181 3501; x_wconf 85' lang='lat' dir='ltr'>pravatus</span> <span class='ocrx_word' id='word_1_249' title='bbox 1196 3419 1236 3480; x_wconf 89' lang='lat' dir='ltr'>ab</span> 
     </span>
     <span class='ocr_line' id='line_1_31' title="bbox 122 3518 1238 3599; baseline 0.002 -19"><span class='ocrx_word' id='word_1_250' title='bbox 122 3518 298 3584; x_wconf 89' lang='lat' dir='ltr'>baereticis</span> <span class='ocrx_word' id='word_1_251' title='bbox 317 3518 419 3583; x_wconf 89' lang='lat' dir='ltr'>libros</span> <span class='ocrx_word' id='word_1_252' title='bbox 439 3520 516 3586; x_wconf 83' lang='lat' dir='ltr'>istos</span> <span class='ocrx_word' id='word_1_253' title='bbox 538 3520 635 3590; x_wconf 83' lang='lat' dir='ltr'>luisse</span> <span class='ocrx_word' id='word_1_254' title='bbox 664 3522 802 3599; x_wconf 81' lang='lat' dir='ltr'>putavit.</span> <span class='ocrx_word' id='word_1_255' title='bbox 833 3520 919 3586; x_wconf 84' lang='lat' dir='ltr'>Huic</span> <span class='ocrx_word' id='word_1_256' title='bbox 950 3541 1026 3584; x_wconf 85' lang='lat' dir='ltr'>roro</span> <span class='ocrx_word' id='word_1_257' title='bbox 1057 3522 1165 3584; x_wconf 91' lang='lat' dir='ltr'>nolens</span> <span class='ocrx_word' id='word_1_258' title='bbox 1186 3538 1238 3582; x_wconf 74' lang='lat' dir='ltr'>an·</span> 
     </span>
     <span class='ocr_line' id='line_1_32' title="bbox 120 3619 1236 3702; baseline 0.003 -20"><span class='ocrx_word' id='word_1_259' title='bbox 120 3620 292 3699; x_wconf 84' lang='lat' dir='ltr'>quiescere</span> <span class='ocrx_word' id='word_1_260' title='bbox 312 3620 453 3700; x_wconf 88' lang='lat' dir='ltr'>opinioni</span> <span class='ocrx_word' id='word_1_261' title='bbox 472 3639 499 3684; x_wconf 89' lang='lat' dir='ltr'>s.</span> <span class='ocrx_word' id='word_1_262' title='bbox 521 3619 644 3687; x_wconf 88' lang='lat' dir='ltr'>Ductor</span> <span class='ocrx_word' id='word_1_263' title='bbox 663 3623 729 3690; x_wconf 79' lang='lat' dir='ltr'>ait:</span> <span class='ocrx_word' id='word_1_264' title='bbox 747 3644 763 3683; x_wconf 81' lang='lat' dir='ltr'>e</span> <span class='ocrx_word' id='word_1_265' title='bbox 778 3621 863 3698; x_wconf 85' lang='lat' dir='ltr'>Quid</span> <span class='ocrx_word' id='word_1_266' title='bbox 886 3623 1090 3702; x_wconf 88' lang='lat' dir='ltr'>respondebis</span> <span class='ocrx_word' id='word_1_267' title='bbox 1106 3641 1166 3702; x_wconf 89' lang='lat' dir='ltr'>pro</span> <span class='ocrx_word' id='word_1_268' title='bbox 1182 3621 1236 3686; x_wconf 93' lang='lat' dir='ltr'>Di·</span> 
     </span>
     <span class='ocr_line' id='line_1_33' title="bbox 120 3721 1238 3806; baseline 0.004 -24"><span class='ocrx_word' id='word_1_269' title='bbox 120 3721 234 3806; x_wconf 89' lang='lat' dir='ltr'>dymn,</span> <span class='ocrx_word' id='word_1_270' title='bbox 250 3722 306 3801; x_wconf 85' lang='lat' dir='ltr'>qui</span> <span class='ocrx_word' id='word_1_271' title='bbox 328 3728 416 3784; x_wconf 88' lang='lat' dir='ltr'>certa</span> <span class='ocrx_word' id='word_1_272' title='bbox 438 3723 468 3786; x_wconf 87' lang='lat' dir='ltr'>iu</span> <span class='ocrx_word' id='word_1_273' title='bbox 489 3721 644 3786; x_wconf 87' lang='lat' dir='ltr'>Trinitate</span> <span class='ocrx_word' id='word_1_274' title='bbox 664 3725 843 3788; x_wconf 88' lang='lat' dir='ltr'>catholicus</span> <span class='ocrx_word' id='word_1_275' title='bbox 864 3724 939 3789; x_wconf 81' lang='lat' dir='ltr'>cst&#39;?</span> <span class='ocrx_word' id='word_1_276' title='bbox 953 3724 1055 3806; x_wconf 84' lang='lat' dir='ltr'>Cujus</span> <span class='ocrx_word' id='word_1_277' title='bbox 1069 3727 1164 3792; x_wconf 91' lang='lat' dir='ltr'>etiam</span> <span class='ocrx_word' id='word_1_278' title='bbox 1182 3743 1238 3787; x_wconf 89' lang='lat' dir='ltr'>nos</span> 
     </span>
    </p>
   </div>
   <div class='ocr_carea' id='block_1_4' title="bbox 120 3817 1376 3904">
    <p class='ocr_par' dir='ltr' id='par_1_6' title="bbox 120 3817 1376 3904">
     <span class='ocr_line' id='line_1_34' title="bbox 120 3817 1376 3904; baseline 0.008 -20"><span class='ocrx_word' id='word_1_279' title='bbox 120 3819 168 3884; x_wconf 86' lang='lat' dir='ltr'>Dc</span> <span class='ocrx_word' id='word_1_280' title='bbox 191 3817 317 3902; x_wconf 77' lang='lat' dir='ltr'>Spiritu</span> <span class='ocrx_word' id='word_1_281' title='bbox 336 3819 451 3886; x_wconf 83' lang='lat' dir='ltr'>Snacto</span> <span class='ocrx_word' id='word_1_282' title='bbox 470 3824 591 3888; x_wconf 87' lang='lat' dir='ltr'>librum</span> <span class='ocrx_word' id='word_1_283' title='bbox 607 3826 638 3888; x_wconf 92' lang='lat' dir='ltr'>in</span> <span class='ocrx_word' id='word_1_284' title='bbox 651 3824 786 3888; x_wconf 90' lang='lat' dir='ltr'>latinam</span> <span class='ocrx_word' id='word_1_285' title='bbox 798 3825 941 3904; x_wconf 80' lang='lat' dir='ltr'>linguam</span> <span class='ocrx_word' id='word_1_286' title='bbox 958 3827 1124 3889; x_wconf 88' lang='lat' dir='ltr'>vertimus.</span> <span class='ocrx_word' id='word_1_287' title='bbox 1140 3825 1236 3890; x_wconf 84' lang='lat' dir='ltr'>Certe</span> <span class='ocrx_word' id='word_1_288' title='bbox 1373 3887 1376 3894; x_wconf 87' lang='lat'><em>.</em></span> 
     </span>
    </p>
   </div>
   <div class='ocr_carea' id='block_1_5' title="bbox 119 3922 1270 4312">
    <p class='ocr_par' dir='ltr' id='par_1_7' title="bbox 119 3922 1270 4312">
     <span class='ocr_line' id='line_1_35' title="bbox 121 3922 1237 4007; baseline 0.002 -21"><span class='ocrx_word' id='word_1_289' title='bbox 121 3923 180 3988; x_wconf 89' lang='lat' dir='ltr'>bic</span> <span class='ocrx_word' id='word_1_290' title='bbox 200 3922 233 3988; x_wconf 90' lang='lat' dir='ltr'>in</span> <span class='ocrx_word' id='word_1_291' title='bbox 253 3924 324 4001; x_wconf 91' lang='lat' dir='ltr'>bis,</span> <span class='ocrx_word' id='word_1_292' title='bbox 346 3943 432 4007; x_wconf 90' lang='lat' dir='ltr'>quae</span> <span class='ocrx_word' id='word_1_293' title='bbox 451 3925 492 3988; x_wconf 92' lang='lat' dir='ltr'>nb</span> <span class='ocrx_word' id='word_1_294' title='bbox 519 3925 688 3990; x_wconf 89' lang='lat' dir='ltr'>baereticis</span> <span class='ocrx_word' id='word_1_295' title='bbox 717 3925 748 3988; x_wconf 90' lang='lat' dir='ltr'>in</span> <span class='ocrx_word' id='word_1_296' title='bbox 776 3926 929 4006; x_wconf 88' lang='lat' dir='ltr'>operibus</span> <span class='ocrx_word' id='word_1_297' title='bbox 957 3925 1105 4006; x_wconf 77' lang='lat' dir='ltr'>Origenis</span> <span class='ocrx_word' id='word_1_298' title='bbox 1130 3928 1237 3989; x_wconf 87' lang='lat' dir='ltr'>addita</span> 
     </span>
     <span class='ocr_line' id='line_1_36' title="bbox 119 4024 1270 4110; baseline 0.003 -22"><span class='ocrx_word' id='word_1_299' title='bbox 119 4031 200 4088; x_wconf 85' lang='lat' dir='ltr'>snut</span> <span class='ocrx_word' id='word_1_300' title='bbox 219 4026 399 4108; x_wconf 76' lang='lat' dir='ltr'>consentire</span> <span class='ocrx_word' id='word_1_301' title='bbox 419 4043 484 4090; x_wconf 91' lang='lat' dir='ltr'>non</span> <span class='ocrx_word' id='word_1_302' title='bbox 504 4029 620 4106; x_wconf 91' lang='lat' dir='ltr'>potnit.</span> <span class='ocrx_word' id='word_1_303' title='bbox 641 4025 685 4090; x_wconf 85' lang='lat' dir='ltr'>Et</span> <span class='ocrx_word' id='word_1_304' title='bbox 699 4027 731 4088; x_wconf 94' lang='lat' dir='ltr'>in</span> <span class='ocrx_word' id='word_1_305' title='bbox 745 4026 819 4105; x_wconf 89' lang='lat' dir='ltr'>ipsis</span> <span class='ocrx_word' id='word_1_306' title='bbox 836 4024 878 4088; x_wconf 83' lang='lat' dir='ltr'>De</span> <span class='ocrx_word' id='word_1_307' title='bbox 893 4025 1081 4108; x_wconf 84' lang='lat' dir='ltr'>Principiis,</span> <span class='ocrx_word' id='word_1_308' title='bbox 1097 4048 1179 4110; x_wconf 86' lang='lat' dir='ltr'>quos</span> <span class='ocrx_word' id='word_1_309' title='bbox 1202 4039 1238 4091; x_wconf 92' lang='lat' dir='ltr'>tn</span> <span class='ocrx_word' id='word_1_310' title='bbox 1269 4057 1270 4061; x_wconf 38' lang='lat'>¹</span> 
     </span>
     <span class='ocr_line' id='line_1_37' title="bbox 121 4123 1233 4220; baseline 0.004 -32"><span class='ocrx_word' id='word_1_311' title='bbox 121 4123 277 4206; x_wconf 78' lang='lat' dir='ltr'>(liuidae)</span> <span class='ocrx_word' id='word_1_312' title='bbox 298 4129 606 4208; x_wconf 77' lang='lat' dir='ltr'>interpretaturos,</span> <span class='ocrx_word' id='word_1_313' title='bbox 627 4127 742 4192; x_wconf 82' lang='lat' dir='ltr'>breves</span> <span class='ocrx_word' id='word_1_314' title='bbox 775 4125 908 4220; x_wconf 83' lang='lat' dir='ltr'>dictavit</span> <span class='ocrx_word' id='word_1_315' title='bbox 933 4129 1233 4202; x_wconf 88' lang='lat' dir='ltr'>commentariolos,</span> 
     </span>
     <span class='ocr_line' id='line_1_38' title="bbox 120 4227 1235 4312; baseline 0.002 -20"><span class='ocrx_word' id='word_1_316' title='bbox 120 4227 243 4310; x_wconf 83' lang='lat' dir='ltr'>quibus</span> <span class='ocrx_word' id='word_1_317' title='bbox 262 4247 326 4296; x_wconf 88' lang='lat' dir='ltr'>nen</span> <span class='ocrx_word' id='word_1_318' title='bbox 348 4235 496 4310; x_wconf 74' lang='lat' dir='ltr'>negaret,</span> <span class='ocrx_word' id='word_1_319' title='bbox 518 4227 560 4294; x_wconf 91' lang='lat' dir='ltr'>ab</span> <span class='ocrx_word' id='word_1_320' title='bbox 579 4227 719 4312; x_wconf 76' lang='lat' dir='ltr'>Origene</span> <span class='ocrx_word' id='word_1_321' title='bbox 738 4228 869 4312; x_wconf 84' lang='lat' dir='ltr'>scripta,</span> <span class='ocrx_word' id='word_1_322' title='bbox 892 4245 978 4310; x_wconf 89' lang='lat' dir='ltr'>quae</span> <span class='ocrx_word' id='word_1_323' title='bbox 996 4229 1117 4312; x_wconf 89' lang='lat' dir='ltr'>scripta</span> <span class='ocrx_word' id='word_1_324' title='bbox 1136 4236 1211 4296; x_wconf 88' lang='lat' dir='ltr'>snut</span> <span class='ocrx_word' id='word_1_325' title='bbox 1220 4249 1235 4310; x_wconf 86' lang='lat'>;</span> 
     </span>
    </p>
   </div>
   <div class='ocr_carea' id='block_1_6' title="bbox 0 0 1601 4946">
    <p class='ocr_par' dir='ltr' id='par_1_8' title="bbox 0 0 1601 4946">
     <span class='ocr_line' id='line_1_39' title="bbox 0 0 1601 4946; baseline 0 0"><span class='ocrx_word' id='word_1_326' title='bbox 0 0 1601 4946; x_wconf 95' lang='lat' dir='ltr'> </span> 
     </span>
    </p>
   </div>
  </div>
 </body>
</html>
