3174 4946
135 485 263 550 intimae
284 483 517 552 amandandum
539 491 588 552 ost
608 482 800 572 Hieronymi
820 487 1045 568 persuasioni,
1067 485 1242 568 Origenem

134 604 245 669 reapse
259 596 427 652 auctorem
449 589 561 652 haberi
581 589 701 654 codicis
721 585 931 664 Periurcltoo,
946 608 1044 670 quem
1065 589 1243 670 interpole-

135 695 201 752 tum
223 691 394 771 hucusque
414 690 626 770 ostendimus,
642 689 723 754 sdeo
737 699 775 755 ut
795 693 876 772 ipse,
898 707 972 755 cum
994 700 1087 756 antes
1108 708 1186 772 erpa
1200 690 1245 753 0·

132 790 272 871 sigonem
286 792 593 873 obsequentissimus
619 801 726 870 esset,
748 794 862 857 deinde
883 795 1053 857 aversione
1074 795 1144 875 pari
1159 794 1244 858 ritu·

131 903 295 975 perusset3
323 912 381 958 uec
402 893 475 959 ulla
510 895 584 958 ideo
605 898 732 959 ratione
754 896 866 960 volens
893 895 977 960 allos
1000 913 1059 976 pro
1080 898 1150 976 ipso
1169 894 1244 960 Ori·

130 1012 208 1074 pane
228 1015 326 1060 suum
346 997 448 1060 citare
468 1015 595 1061 nomeu.
618 996 702 1062 Cum
722 998 823 1077 ipitur
842 997 904 1060 troc
924 999 1074 1077 iquoreos
1095 997 1244 1062 llnidnus

129 1105 161 1160 et
172 1096 309 1164 discarii
324 1101 484 1163 erectioni
500 1100 688 1173 inserviens,
702 1117 835 1178 graecos
851 1101 1005 1179 penninos
1019 1099 1145 1163 codices
1158 1109 1245 1162 trau·

128 1198 264 1274 sienem,
287 1201 373 1264 circa
395 1218 515 1264 ennom
534 1196 607 1267 398.
631 1199 827 1264 Perioroltoo
848 1219 981 1281 quoque
1016 1208 1176 1264 insciolus
1195 1202 1243 1264 la·

130 1301 193 1364 tine
213 1302 354 1366 daturus
374 1311 479 1381 esset3
502 1304 542 1365 ad
564 1303 720 1384 majorem
741 1305 897 1384 propositi
919 1305 970 1368 sui
991 1304 1244 1384 acceptationem

129 1421 238 1466 coram
260 1403 426 1479 Ecclesia,
449 1406 586 1485 ingenue
607 1414 639 1468 et
659 1406 701 1466 ab
721 1407 807 1468 omni
829 1405 904 1468 dolo
925 1406 1063 1479 alienus,
1085 1403 1245 1490 Hierony·

132 1506 172 1566 mi
194 1521 315 1568 nomeu
336 1506 492 1578 inseruit,
516 1525 578 1570 ceu
597 1506 750 1570 laborum
780 1523 917 1570 suorum
947 1507 1126 1582 consortis,
1147 1506 1191 1568 ita
1211 1505 1244 1568 in

132 1605 276 1687 Prolopo
298 1608 468 1688 inquiens:

209 1706 324 1772 «Scio
345 1709 606 1791 quamplurimos
637 1709 789 1774 scientiae
819 1710 1063 1791 Scripturarusn
1085 1709 1244 1774 desiderio

132 1816 327 1889 provocatos
349 1813 532 1890 poposcisse
552 1811 593 1873 ab
605 1812 780 1893 aliquantis
804 1813 880 1873 siris
902 1818 934 1874 ct
947 1827 1138 1891 graecarum
1161 1811 1245 1872 litte·

131 1927 243 1974 rarum
260 1912 387 1989 peritis,
404 1920 440 1974 ut
454 1909 627 1991 Orlqeuem
649 1928 820 1974 romanum
842 1911 998 1986 lacerent,
1016 1911 1166 1974 stlatinis
1187 1929 1245 1974 su·

131 2008 219 2076 ribus
242 2029 320 2076 eum
340 2012 507 2075 donsrcut.
531 2010 621 2075 Inter
639 2024 723 2093 quos
747 2013 844 2076 etism
867 2012 970 2075 lrstes
990 2019 1024 2075 cl
1043 2013 1168 2094 college
1190 2031 1245 2076 no·

128 2121 193 2177 tter
213 2114 425 2194 abepiscopo
447 2112 586 2177 Damaso
606 2115 814 2194 deprecatus,
835 2133 908 2176 com
932 2109 1089 2177 Homilias
1110 2114 1191 2178 duas
1204 2115 1245 2179 de

132 2211 266 2280 mesco
283 2211 487 2278 Gnosticorum
508 2215 540 2292 in
551 2215 689 2278 latinum
712 2215 926 2278 transtulisset
942 2235 984 2280 ex
999 2232 1128 2295 praeco,
1150 2216 1194 2277 ita
1210 2217 1244 2279 iu

128 2317 185 2380 illo
200 2334 306 2400 opere
325 2327 439 2380 ornate
454 2315 686 2398 magnificeque
700 2315 867 2396 praelatus
887 2325 947 2392 est,
964 2325 1002 2380 ut
1016 2317 1118 2380 cuivis
1138 2318 1246 2398 legeu-

129 2417 160 2482 di
178 2416 378 2498 origenem,
401 2427 432 2480 et
453 2416 635 2481 avidissime
656 2414 867 2496 perquirendi
889 2417 1083 2481 desiderium
1105 2437 1248 2483 commo·

129 2527 235 2597 seret,
254 2518 363 2582 dicens
380 2519 468 2582 illius
483 2520 607 2581 animae
621 2519 806 2594 convenire,
823 2518 911 2598 quod
927 2518 1049 2581 dictum
1070 2530 1130 2582 est:
1145 2519 1248 2583 iatro-

130 2619 226 2684 ducit
248 2637 294 2682 ete
313 2639 371 2682 rso
390 2620 427 2682 ist
447 2619 626 2683 codiculum
645 2637 760 2696 ιιιιιιη,
783 2637 929 2682 assereus
949 2638 1038 2695 oum,
1061 2622 1147 2700 quod
1170 2639 1246 2686 eum

131 2723 161 2786 iu
182 2723 304 2786 ceteris
324 2723 416 2786 libris
430 2740 540 2785 omnes
563 2723 680 2797 vincat,
703 2723 734 2784 io
760 2719 901 2786 Carsicis
926 2719 1128 2786 canticorum
1149 2727 1247 2787 otiam

128 2826 194 2904 ipse
210 2842 250 2888 se
266 2825 389 2888 vicerit.
410 2822 589 2886 Pollieetur
602 2840 678 2887 saue
700 2825 730 2886 lu
746 2826 813 2903 ipse
832 2822 1048 2899 Praelatione‚
1065 2841 1100 2886 se
1116 2831 1148 2886 et
1162 2827 1246 2903 ipsos

130 2923 160 2987 lu
185 2921 322 2988 Curetica
346 2921 550 2988 canticorum
572 2924 673 2986 libros
693 2934 726 2987 et
747 2926 829 2988 alios
854 2925 1112 3005 qnemplurimos
1132 2922 1247 3004 Orige-

130 3026 177 3088 nis
198 3026 343 3090 romanis
364 3026 498 3089 auribus
518 3025 729 3104 largitorum.
752 3023 813 3089 Sed
835 3027 904 3102 ille,
929 3034 966 3087 ot
987 3025 1093 3098 video,
1118 3026 1149 3086 in
1170 3025 1247 3087 stilo

130 3127 268 3208 proprio
283 3127 425 3206 placens,
448 3145 518 3190 ram
532 3127 664 3207 majoris
679 3126 804 3206 ploriee
823 3128 985 3207 seqnitur,
1003 3135 1039 3188 ut
1060 3134 1154 3204 pstor
1177 3141 1248 3188 ser·

130 3226 161 3288 bi
180 3231 225 3291 sit
247 3228 366 3308 potins,
392 3245 492 3308 quarn
512 3229 684 3307 interpres.
701 3225 769 3290 Nos
790 3245 869 3308 erpo
891 3245 959 3290 rem
982 3229 1023 3288 at)
1037 3227 1095 3290 iilo
1116 3228 1248 3308 quidem

134 3337 284 3407 coeptam
304 3329 475 3407 sequimur
495 3337 528 3392 et
547 3328 729 3408 probatam,
744 3328 799 3390 sed
821 3345 886 3389 non
909 3328 1020 3406 aequis
1042 3327 1248 3406 eloquentius

134 3429 259 3491 virilius
274 3431 353 3493 tenti
375 3429 436 3490 siri
459 3446 577 3492 ornare
589 3445 760 3509 possumus
781 3415 865 3490 dicta
881 3449 889 3490 ι
905 3429 991 3491 unde
1007 3445 1125 3490 vereor
1138 3445 1178 3490 ne
1201 3429 1248 3490 si·

96 3553 99 3560 ·
134 3532 177 3593 tio
199 3547 274 3592 meo
295 3529 326 3590 id
348 3530 485 3604 occidat,
508 3538 546 3593 ot
566 3531 592 3591 is
615 3530 684 3603 vir,
707 3546 805 3608 quem
827 3529 883 3590 ille
903 3530 1045 3591 alterum
1067 3535 1139 3606 post
1160 3527 1249 3606 Apo·

132 3633 234 3694 stolon
269 3629 433 3695 Ecclesiae
469 3628 643 3718 [lectorem
677 3633 829 3694 scientiae
858 3649 898 3695 oc
925 3630 1100 3710 sapientiae
1133 3629 1249 3691 merito

134 3733 338 3814 comprobat,
354 3733 459 3813 inopie
480 3733 638 3796 sermonis
659 3734 760 3795 nostri
782 3733 878 3812 longe
898 3749 967 3796 esse
989 3729 1126 3794 inlerior
1142 3709 1250 3794 vided-

133 3839 190 3897 tur
211 3841 307 3910 elce

214 3933 258 3999 Et
279 3937 340 4006 hoo
360 3953 436 3999 seno
458 3937 666 4016 oppositionis
681 3934 927 3997 luleustissimne
951 3936 1143 4016 principium
1165 3933 1250 3996 inter

135 4034 372 4122 Hieronymum
395 4047 426 4101 et
448 4037 613 4102 Bullinum
636 4040 804 4113 incensae,
826 4055 901 4100 eom
923 4045 997 4100 ante
1018 4037 1099 4099 iliud
1123 4045 1250 4116 tempus

136 4142 316 4204 arctissima
336 4138 508 4203 concordia
532 4147 712 4219 utrumqne
734 4138 875 4218 ligasset.
906 4135 1124 4222 Hieronymus
1144 4138 1247 4210 euim,

135 4243 291 4404 quamsit!
304 4241 441 4404 pralelilati
465 4239 584 4306 Rnffiui
605 4255 770 4306 sermones
791 4241 897 4305 animo
917 4240 1044 4304 siucero
1069 4235 1178 4400 diffini
1201 4233 1248 4298 lo·

286 4342 328 4404 ol.
409 4387 416 4401 .
