2982 4934
319 450 465 522 ¹Socratis
486 447 675 529 praesertim
691 455 721 510 et
737 443 906 510 Sesnsneni
925 441 1151 509 testimoninm.
1171 440 1323 523 leqniunt
1336 441 1419 504 enine

324 549 786 628 recedenteCeestnntinopoli
810 545 1002 628 Epiphanio,
1026 547 1107 610 illoc
1130 547 1213 610 venit
1235 543 1420 624 Theophilus

320 656 362 719 ab
384 653 551 738 Aegypte,
574 657 607 713 et
628 659 703 714 tune
725 652 877 730 perimam,
895 653 940 712 ait
954 649 1115 724 Secrmes,
1138 647 1257 710 multas
1278 647 1421 708 adsersus

322 755 478 820 loannem
494 755 713 816 accusationes
729 753 852 815 moveri
868 759 1019 831 coeptum
1035 759 1105 828 est3
1122 768 1178 812 uec
1190 748 1257 828 jam
1272 749 1420 810 lihcncem

321 856 470 936 Origenis
490 855 557 926 ulla
581 853 663 916 lacta
679 861 726 916 est
746 855 886 931 mentio,
908 853 962 915 sed
977 853 1134 916 absurdas
1148 853 1226 914 alias
1241 847 1422 914 criminatio·

282 963 287 971 '
322 974 377 1019 ees
389 955 585 1018 intendentes
597 954 737 1034 episcopi
753 956 784 1016 ie
801 954 989 1018 suburbano
1000 953 1222 1026 Chalcedonis,
1235 951 1323 1030 qnod
1338 947 1422 1023 Ouer-

320 1076 375 1120 cus
395 1057 526 1130 dicitur,
549 1056 746 1134 congregati,
769 1056 1036 1138 Chrysostnmem
1059 1054 1226 1118 coelestim
1242 1061 1419 1124 accersunt,

321 1166 359 1222 nl
379 1158 579 1230 criminibus,
594 1175 678 1236 qnae
700 1159 758 1235 ipsi
772 1157 1019 1237 objiciebantur,
1043 1155 1261 1235 responderet.
1283 1153 1422 1218 Summe·

322 1259 535 1323 unsverein
564 1255 660 1318 Libro
684 1254 755 1320 Vll.
779 1277 808 1320 u.
831 1254 934 1320 xvii.
956 1258 1084 1333 subdit,
1107 1254 1338 1336 Theophilum,
1360 1271 1422 1314 cnm

321 1360 353 1423 ie
374 1360 529 1422 hocloco
550 1358 755 1430 consedisset,
773 1357 907 1438 reliquis
927 1357 1084 1436 episcopis
1105 1355 1317 1430 adstantibus,
1340 1354 1377 1415 de
1391 1353 1421 1414 li·

320 1461 387 1524 hrts
408 1459 539 1538 quidem
550 1459 704 1540 Ocigcnis
726 1459 847 1520 nullam
862 1461 1002 1538 ¹emplius
1025 1459 1135 1522 iecisse
1150 1458 1356 1534 mentionem,
1375 1453 1422 1518 sed

313 1561 447 1628 'Nitriae
468 1562 641 1624 monachos
657 1560 696 1622 ad
719 1561 945 1640 poenitentiam
966 1561 1128 1634 invitasse,
1144 1559 1297 1620 obliuioni
1320 1576 1356 1620 se
1370 1562 1423 1618 tra·

322 1663 467 1726 diturum
485 1661 671 1743 praeterita,
687 1679 745 1723 ecc
761 1661 836 1724 mali
851 1661 1027 1740 quidquam
1048 1659 1223 1734 iacturum,
1240 1657 1422 1738 pollicitum.

322 1763 404 1829 Cum
423 1763 567 1826 iuniores
582 1760 752 1842 Theophili
769 1762 979 1826 inclamarent
993 1761 1170 1836 monachis,
1186 1767 1223 1823 nl
1238 1759 1362 1824 veniam
1376 1775 1422 1838 pe·

323 1871 440 1940 terent,
463 1869 496 1950 et
515 1863 679 1948 Speculum
696 1879 755 1942 pro
771 1863 835 1927 illis
855 1862 1039 1942 supplicare
1064 1862 1231 1942 lingerent,
1248 1859 1422 1925 centushtti

321 1965 491 2041 monachi,
514 1965 611 2044 idque
631 1964 690 2026 sihi
722 1963 903 2028 iaciendum
925 1983 994 2027 esse
1014 1965 1245 2038 existimantes,
1268 1959 1422 2025 considen-

320 2066 406 2130 tibus
429 2064 656 2145 tnlepiscepis,
678 2063 709 2126 id
731 2065 817 2144 quod
835 2065 978 2128 solemne
999 2074 1048 2128 cst
1068 2059 1285 2146 ipsts'steere,
1308 2059 1421 2127 etiamsi

323 2167 441 2247 injuria
462 2165 568 2230 allecti
590 2166 730 2242 inerint,
755 2185 854 2248 peres
874 2167 997 2230 scilicet
1018 2167 1182 2229 dixerunt.
1214 2163 1296 2228 Cum
1317 2171 1418 2227 autent

319 2264 520 2347 Theophilus
540 2265 678 2330 libentes·
692 2285 747 2330 ees
769 2269 800 2331 in
821 2269 958 2346 gratiam
981 2269 1164 2348 recepisset,
1182 2272 1214 2330 et
1235 2265 1421 2330 commuuio

321 2383 394 2432 nem
415 2369 461 2431 eis
482 2369 687 2445 restituisset,
709 2368 795 2430 linita
817 2379 865 2431 est
886 2370 1032 2449 quaestio
1054 2368 1093 2432 de
1114 2368 1241 2450 injuciis
1262 2367 1421 2430 menaehe-

323 2486 410 2532 rem.
426 2467 521 2546 Quod
544 2468 760 2549 meconidem
778 2470 902 2551 jndicio
920 2471 1042 2534 lactem
1063 2489 1125 2533 noe
1145 2477 1240 2546 esset,
1257 2471 1282 2533 si
1299 2469 1422 2532 llinsne·

323 2586 380 2630 rns
401 2576 434 2632 et
456 2565 644 2632 Ammonius
672 2586 735 2632 uea
757 2587 831 2633 cum
852 2569 925 2634 eliis
945 2572 1131 2647 monachis,
1162 2571 1226 2634 illis
1245 2570 1418 2634 adfuissent.

323 2665 406 2732 Nem
428 2665 619 2744 Dioscorus,
641 2676 813 2749 antequam
826 2646 916 2734 'hece
937 2669 1074 2749 decent,
1098 2682 1248 2735 mortuns
1267 2678 1326 2746 est,
1348 2676 1378 2733 ct
1395 2671 1421 2729 in

323 2771 458 2836 ecelesia
484 2769 580 2836 hionii
593 2773 744 2856 martyris
758 2772 905 2852 sepultus
923 2772 1042 2836 luerat.
1058 2771 1248 2837 Ammonius
1263 2791 1339 2836 scre
1353 2788 1420 2850 pun·

319 2871 354 2934 le
369 2877 444 2934 nete
457 2870 535 2934 dem
547 2869 694 2955 Synntlns
710 2881 895 2951 pararetur,
910 2873 1069 2953 languere
1081 2883 1252 2955 correptus
1265 2877 1322 2936 asl.
1334 2871 1420 2938 Cem-

323 2991 388 3051 eee
404 2973 443 3034 ad
465 2969 633 3047 Quercum
650 2972 838 3055 trajecisset,
861 2975 1101 3054 ingrauescente
1115 2974 1243 3050 marlae,
1265 2993 1326 3038 nnn
1346 2970 1420 3035 mul·

325 3084 358 3136 te
379 3081 450 3153 post
474 3075 560 3140 diem
582 3074 697 3140 elausit
718 3084 928 3152 extremum,
951 3083 983 3140 et
1004 3076 1089 3156 eped
1113 3076 1233 3140 uicinos
1254 3077 1301 3139 illi
1323 3091 1418 3138 moet-

321 3173 411 3245 ehns,
428 3173 482 3236 uhi
506 3174 645 3238 cadaver
658 3175 728 3255 ujus
741 3175 838 3256 jacet,
860 3175 1057 3256 splendidam
1075 3179 1195 3241 meruit
1217 3178 1417 3258 sepulteram.

248 3317 251 3324 ι
320 3271 377 3338 His
397 3275 527 3349 auditis,
544 3273 744 3357 Theophilus
764 3278 924 3360 lacrymas
946 3277 1066 3342 dedisse
1080 3278 1199 3343 dicitnr
1210 3299 1222 3358 ;
1244 3281 1417 3355 cunctisque

321 3373 524 3438 audientibus
546 3377 716 3449 addidisse,
733 3379 890 3440 neminem
911 3379 996 3441 ieter
1009 3381 1060 3442 sei
1084 3379 1238 3460 temperis
1258 3378 1417 3442 monachos

321 3493 431 3552 parum
449 3475 619 3540 Ammonio
641 3477 711 3540 licui
721 3499 734 3557 3
758 3479 905 3556 quamuis
920 3479 1014 3541 illum
1037 3481 1067 3540 ie
1088 3481 1245 3544 maximas
1263 3477 1417 3560 perturba·

322 3577 422 3638 tiencs
444 3577 641 3657 conjecisset.
663 3577 723 3640 Sed
747 3587 851 3640 tamen
873 3579 936 3642 hec
955 3580 1002 3641 illi
1025 3599 1067 3642 cx
1088 3580 1185 3642 enimi
1206 3579 1395 3644 sententie.»

403 3673 541 3738 Demean
558 3678 604 3738 his
626 3678 747 3740 exactis
763 3677 802 3740 de
822 3699 847 3740 s.
872 3677 1042 3759 Epiphanii
1058 3681 1192 3743 historic
1208 3682 1239 3743 in
1259 3697 1350 3743 caess
1364 3673 1417 3738 on'·

319 3775 465 3852 puniens,
488 3779 669 3854 opportune
690 3778 752 3840 hue
768 3780 939 3856 repetunda
960 3789 1048 3855 sunt,
1064 3797 1148 3860 quac
1168 3779 1321 3860 Georgius
1336 3791 1415 3857 prae·
1479 3781 1480 3856 l

320 3875 405 3940 latus
428 3878 459 3938 in
475 3897 500 3939 s.
523 3877 742 3961 Chrysnstemi
760 3881 837 3956 uita,
851 3881 889 3941 ed
907 3877 1078 3960 Theophili
1097 3883 1270 3945 versutiam
1282 3879 1414 3956 detegee
1479 3857 1480 3904 ¹

319 3977 392 4038 dam
413 3971 542 4055 scribit,
573 3981 664 4042 istius
685 3998 837 4044 enarrans
857 3983 1001 4045 studium
1024 3992 1060 4045 ut
1081 3982 1120 4044 ad
1142 4001 1216 4046 snas
1238 3989 1339 4061 pentes
1359 3987 1413 4039 tra·

249 4133 253 4141 .
319 4079 411 4144 heret
427 4083 514 4145 uicos
537 4090 612 4146 tnnc
628 4081 658 4143 ie
675 4081 818 4146 Ecclesia
840 4082 986 4148 doctrina
1002 4093 1035 4148 et
1055 4087 1222 4148 sanctitate
1238 4079 1413 4166 preeccilcn·

319 4187 365 4246 tes
376 4200 387 4260 3
409 4197 555 4263 quorem
570 4181 703 4264 adjutus
724 4183 919 4249 anctoritate
948 4185 1088 4251 alionum
1111 4185 1264 4252 illuderet
1282 4175 1414 4262 simplici·
