2982 4934
320 369 453 554 ἱςῗιξιιιιιι
475 477 579 536 ament
599 421 686 537 lonta
707 470 916 554 baptlamatta,
939 478 1067 554 recepta
1084 471 1116 536 in
1135 467 1269 534 eccleaia
1288 467 1357 534 alre
1379 483 1427 548 pa·

323 573 453 650 roecia,
476 591 560 655 qnae
580 573 621 636 ab
648 573 789 639 advento
821 573 940 640 Cbriati
971 574 1247 640 nomenclaturam
1268 568 1426 638 obtinebat

325 673 598 757 Dioaourupoteoa.
621 675 692 740 Hoc
722 675 826 752 iacto,
857 676 1026 758 praedooia
1058 677 1123 740 ritu
1142 675 1260 756 spoliat
1279 681 1427 744 montem,

323 777 504 842 mercedem
527 781 640 860 utique
662 787 838 859 paraturus
859 796 897 843 ac
921 779 1110 858 dispertiens
1131 775 1298 840 audaeulia
1319 775 1389 837 iatia
1401 790 1427 834 ι·

323 878 582 956 doleaoentibua,
604 900 655 947 rea
675 883 849 947 admodum
871 882 981 962 exigui
1004 880 1167 955 momenti,
1190 896 1302 956 nempe
1323 877 1427 940 aolitr·

325 979 450 1045 riorum
470 981 570 1046 cellae
590 1001 700 1048 omoea
730 984 954 1065 depraedatos.
985 980 1064 1045 Trea
1084 982 1159 1045 illoa
1190 997 1304 1060 magno
1324 977 1428 1042 atudie
1486 1059 1487 1074 χ

323 1067 554 1162 ροιᾳιιιιιιιιις
576 1102 658 1163 quoa
678 1083 733 1147 alii
756 1086 786 1147 io
812 1092 945 1164 putenm
971 1083 1186 1157 demirerant,
1208 1090 1315 1146 atorea
1338 1079 1428 1144 obto

324 1187 396 1243 rato
418 1199 476 1245 ore
497 1183 595 1261 putei.
618 1181 675 1246 llio
697 1201 861 1264 nunquam
883 1185 1040 1262 inventia,
1063 1202 1177 1248 eorum
1198 1183 1313 1259 cellae,
1334 1181 1428 1245 aridia

323 1285 493 1348 carmentis
514 1285 632 1350 eiadam
653 1285 802 1363 admotis,
824 1285 1043 1367 deflagraruot
1063 1285 1218 1351 incendio.
1241 1283 1327 1362 Quin
1345 1291 1381 1347 et
1394 1282 1425 1344 li·

326 1382 429 1449 bellot
445 1404 570 1464 omum,
581 1405 723 1470 quornm
737 1387 867 1452 lectloni
881 1389 992 1454 intimo
1005 1388 1125 1453 affectu
1139 1397 1171 1452 et
1183 1388 1291 1452 atndio
1302 1387 1427 1466 acquie
1487 1427 1488 1468 ,

326 1491 481 1566 mebant,
503 1488 650 1554 incendio
670 1490 930 1569 combnaae'root,
953 1491 1128 1573 puerulum
1149 1491 1282 1572 insuper
1301 1496 1338 1553 ut
1358 1504 1428 1550 nar·

326 1601 399 1658 rant
418 1589 540 1656 oculati
564 1597 671 1664 testea,
693 1599 726 1654 at
745 1589 891 1674 aymbola
912 1601 1201 1654 sacramentorum.

404 1691 495 1756 ollio
516 1691 615 1771 igitur
635 1693 743 1771 gestia,
760 1692 904 1773 placatus
924 1692 966 1754 ab
986 1693 1047 1766 ira,
1063 1707 1147 1772 qnae
1167 1707 1241 1754 eum
1258 1691 1382 1754 ratione
1401 1706 1430 1750 o·

323 1795 388 1858 moi
410 1793 583 1874 pugnabat,
604 1792 711 1856 denuo
731 1811 766 1856 ae
788 1795 909 1873 recepit
929 1791 1173 1865 Alexandriam,
1188 1789 1298 1854 loourn
1318 1789 1427 1853 cedent

321 1898 438 1960 sanctia
459 1893 535 1969 illia,
557 1893 678 1957 niolio
700 1895 920 1975 profugerant.
945 1894 1068 1958 liorum
1089 1893 1211 1974 alioqui
1234 1893 1361 1974 quitiam
1385 1893 1426 1954 in-

259 1981 261 1990 ’
324 1997 423 2079 greaoi
445 1995 674 2059 Alexandriam
691 2013 765 2058 cum
780 1997 847 2060 auia
869 1997 1006 2072 moletia,
1029 1995 1232 2075 nuditameu
1248 1995 1315 2060 oola
1330 1995 1428 2057 accin-

325 2101 368 2162 cti
389 2113 469 2162 aona
490 2105 524 2160 et
543 2097 643 2160 linteo
664 2097 917 2162 obambulabant
946 2100 1109 2162 civitatem
1130 2105 1163 2160 et
1183 2097 1316 2177 plaleaa,
1337 2093 1425 2158 elluai

324 2198 358 2260 lo
376 2196 515 2261 lamenta
537 2215 576 2260 ac
596 2195 718 2262 lletnm.
734 2196 828 2262 Circa
848 2198 992 2278 quidam,
1009 2198 1096 2262 biace
1110 2198 1205 2278 gestia
1225 2196 1367 2276 cognitio,
1390 2193 1424 2256 ad

326 2317 428 2363 unum
448 2297 630 2379 conglobati
650 2307 726 2364 anot
745 2317 868 2374 oroneo,
884 2300 1047 2379 lampadae
1071 2309 1211 2364 teuentea
1233 2299 1377 2362 manium
1396 2304 1426 2359 et
1489 2355 1490 2388 ;

324 2400 364 2462 ad
386 2399 599 2481 episcopalem
621 2397 752 2464 domum
774 2400 1014 2477 abeuntemobi
1037 2401 1201 2465 babitabat
1220 2397 1424 2480 Tbeopbilna,

325 2509 504 2581 coeperunt
517 2518 589 2563 eam
604 2501 784 2578 incendere,
800 2501 932 2582 direptis
946 2504 1107 2578 omnibus,
1122 2519 1208 2583 qnae
1229 2503 1259 2564 io
1278 2519 1314 2564 aa
1330 2506 1428 2573 crant,

327 2604 427 2668 bonta.
444 2601 544 2666 Erant
555 2611 589 2667 et
608 2606 761 2668 continno
775 2603 1005 2684 depraedaturi
1026 2604 1272 2686 pretiosissimos
1285 2617 1425 2686 quotque

328 2707 509 2779 tbeaaoroa,
532 2705 562 2767 ni
585 2707 731 2785 princepe
754 2706 877 2769 veritur
896 2706 1080 2785 impendens
1099 2705 1297 2785 pericolum,
1320 2703 1426 2766 teatino

326 2822 467 2870 aeonrau
497 2825 537 2870 eo
565 2805 801 2880 descendisset,
823 2807 863 2868 ab
886 2805 921 2870 iia
944 2807 1135 2885 portulaca,
1157 2813 1195 2870 ut
1213 2805 1426 2886 placarentur.

326 2905 395 2970 Nec
413 2907 459 2970 illi
483 2925 540 2985 per
558 2907 637 2969 baec
656 2905 716 2970 eibi
736 2906 1013 2989 obtemperabant,
1032 2906 1244 2970 rooilerantea
1263 2915 1297 2968 et
1317 2901 1427 2969 tumul-

329 3014 398 3069 tum
420 3011 617 3070 concitantes
632 3006 728 3087 idque
748 2993 1016 3072 c’outiuentlaaime
1032 3007 1189 3072 adverana
1209 3004 1425 3085 l'bcopbilum.

331 3105 483 3186 Princeps
507 3125 584 3170 vero
605 3109 766 3172 anxietate
788 3110 914 3188 peracri
936 3108 1185 3182 circumieaaua,
1208 3125 1271 3170 uon
1294 3107 1426 3184 iniquum

330 3209 466 3284 cenauit,
490 3217 527 3271 nt
541 3205 757 3290 Tbenpbilnm
780 3209 922 3272 traderet
943 3210 1087 3272 mauibna
1102 3209 1214 3290 populi
1224 3228 1235 3288 ς
1257 3215 1291 3272 et
1304 3206 1363 3270 boe
1382 3219 1428 3283 pt·

328 3316 382 3372 cto
402 3326 481 3373 auae
501 3310 599 3374 aaluti
622 3309 696 3388 iuga
719 3311 914 3374 couaoleret.
937 3310 972 3372 ln
994 3327 1113 3375 arcano
1134 3312 1289 3391 quopiam
1311 3319 1425 3370 rancun

330 3407 458 3486 aedium
480 3409 735 3490 episcopalium,
765 3427 804 3472 ne
824 3410 865 3472 ab
885 3410 996 3490 aliquo
1019 3410 1206 3486 rideretur,
1227 3428 1262 3472 ae
1282 3405 1425 3475 occuluit,

329 3527 430 3590 aeque
451 3527 491 3574 eo
505 3509 621 3591 dejecit
641 3505 852 3590 Tbeopbilnr.
869 3505 1019 3592 Princeps
1036 3521 1145 3576 antem
1165 3519 1313 3591 arreptoa
1334 3520 1427 3571 mona·

294 3603 297 3610 ’
331 3609 422 3684 cboa,
445 3610 640 3674 vestimentis
666 3611 797 3690 cuidam
828 3629 883 3676 eoa
904 3613 1068 3689 amicirit,
1100 3619 1133 3676 et
1152 3610 1286 3674 amiotoa
1305 3606 1427 3673 abduxit

333 3712 365 3774 iu
386 3713 598 3792 praetorium,
615 3711 699 3793 ipaoa
720 3713 906 3790 adbortana,
922 3722 960 3778 ut
973 3711 1146 3793 egreaai.ad
1163 3712 1331 3794 populum,
1345 3710 1427 3772 obor-

322 3820 400 3876 tum
422 3812 571 3876 sedarent
593 3813 781 3878 tumultum.
798 3813 926 3894 Egressi
948 3815 995 3877 illi
1012 3814 1204 3878 ridebantur
1223 3811 1349 3894 quidem
1367 3821 1428 3872 cer·

333 3923 363 3977 ta
386 3916 594 3993 peranneioue
623 3915 663 3976 ad
686 3914 716 3978 id
739 3917 946 3981 exhortaturi
966 3915 1145 3996 populum:
1167 3922 1201 3978 ιι
1221 3923 1331 3979 contra
1350 3915 1424 3974 tanto

334 4015 474 4097 amplius
495 4016 727 4094 acclamabant,
751 4018 935 4081 vectimeuta
959 4018 989 4079 io
1009 4034 1085 4082 aera
1104 4016 1272 4097 iactanter.

413 4115 599 4196 «Princeps
615 4135 693 4182 vero
715 4135 733 4180 e
756 4121 920 4196 praetorio
940 4117 1073 4182 exiliens
1095 4117 1179 4181 iuter
1199 4117 1283 4198 ipaoa
1301 4113 1423 4192 clepone

334 4217 480 4284 manibuo
501 4219 628 4296 indixit,
645 4227 681 4284 nt
702 4220 856 4299 promitto
876 4217 1017 4297 cilentio,
1032 4219 1207 4284 adbortaua
1228 4237 1294 4296 eoa,
1314 4211 1422 4290 excipe
