3186 4946
470 541 899 635 PROLOGUS

138 834 294 1043 Quum
315 929 423 1003 tertio
442 929 606 1026 origenis
620 949 768 1004 eausam
787 923 942 1004 initurus
956 926 1039 1010 sim,
1058 947 1129 999 non
1150 943 1230 998 mo-

140 1053 218 1125 dien
246 1055 357 1128 animi
385 1055 625 1132 sollieitudine
652 1079 779 1141 vexor,
807 1053 1038 1128 considerans
1064 1075 1135 1126 nun
1163 1051 1228 1125 ed·

141 1202 269 1254 versus
296 1183 593 1280 interpolatores,
620 1183 811 1258 falsatores
838 1183 1013 1258 librorum
1040 1181 1227 1274 ejusdem,

142 1307 230 1382 mihi
249 1311 480 1406 pugnandum
501 1333 596 1396 esse,
615 1333 740 1390 verum
759 1311 795 1385 in
816 1309 909 1394 illos,
928 1310 1003 1408 qui,
1022 1311 1092 1383 etsi
1111 1308 1230 1382 seien-

148 1437 212 1522 tia,
228 1435 306 1510 zelo
321 1459 363 1510 eu
377 1438 568 1512 sanctitate
588 1437 624 1512 in
639 1433 746 1512 durno
762 1435 826 1512 liei
852 1435 1115 1535 praestiterint,
1135 1433 1229 1508 nihi·

142 1566 300 1640 lominus
317 1562 351 1636 in
367 1565 586 1638 secernendo
602 1587 685 1638 reru
706 1587 726 1638 a
742 1563 857 1649 falsis,
872 1563 1024 1661 genuina
1040 1585 1061 1636 e
1081 1561 1228 1659 spuriis,

140 1705 240 1766 uerte
264 1690 312 1763 ab
335 1690 484 1764 incertis
509 1715 580 1764 non
605 1693 695 1766 satis
720 1691 882 1788 providi,
902 1691 1066 1786 Origenis
1096 1711 1227 1764 nornen

141 1818 336 1915 ignominia
357 1817 582 1892 suffuderunt
595 1819 815 1912 huiusmodi,
831 1830 885 1903 ut,
904 1817 965 1914 qui
985 1817 1028 1890 ad
1044 1817 1115 1890 dun
1130 1836 1230 1888 seeu-

139 1945 188 2029 la,
208 1946 368 2042 mnpistri
384 1945 614 2020 ecclesiarum
633 1967 756 2021 secum
777 1943 912 2017 tulerat
930 1944 1054 2026 decus,
1069 1941 1228 2016 emnium

140 2069 268 2145 deinde
291 2071 476 2145 haeresem
490 2073 788 2148 condimentorum
805 2071 1062 2168 appellaretur.
1082 2067 1130 2142 Et
1144 2067 1229 2141 hine

141 2197 346 2272 necessario
371 2218 436 2294 pru
466 2198 510 2271 iis
537 2198 792 2296 disputandum
823 2198 1010 2296 sequitur3
1034 2196 1116 2293 qui,
1144 2215 1227 2269 uum

142 2324 178 2396 in
190 2321 350 2396 Eualesiu
370 2345 414 2397 eu
434 2345 546 2420 usque
568 2347 631 2420 pro
650 2327 805 2398 veritate
824 2324 1058 2426 decertarint,
1073 2335 1112 2397 et
1130 2321 1227 2395 chri-

140 2450 257 2525 stiana
277 2451 426 2547 pietate,
438 2451 607 2548 omnique
628 2451 802 2527 virtutum
822 2473 953 2549 genere
974 2450 1226 2536 excelluerint,

140 2599 184 2650 uu
205 2599 276 2651 una
302 2576 416 2673 ipsius
435 2575 601 2674 Origenis
620 2601 684 2676 par
734 2685 737 2692 Ι
769 2656 777 2692 ‚
833 2579 979 2677 quidem
1003 2584 1084 2671 jure
1105 2597 1229 2651 susee-

141 2703 620 2801 periut,eliiexhisueun'
672 2681 778 2798 {eali}
822 2695 934 2812 'stus
959 2725 1081 2778 aurern
1102 2702 1227 2777 Eucle-

140 2834 193 2906 sie
213 2855 234 2906 e
254 2831 348 2906 lame
368 2833 567 2907 deciderint
624 2695 997 2945 'natitatitffiurum
1025 2833 1142 2934 adhue
1162 2830 1227 2904 ob·

142 2958 331 3034 tenebrata
360 2971 484 3034 manet
511 2959 716 3034 mem'‘'uss
794 3063 800 3072 ,
821 2948 887 3085 (apl

247 3085 441 3164 Praeterea
460 3087 496 3160 iu
511 3087 580 3161 hun
598 3111 640 3163 ue
683 3079 690 3088 ’
724 3087 749 3161 'i
775 3077 822 3162 τ’
837 3073 883 3162 ‘n
903 3087 1138 3184 ignorandum
1152 3095 1224 3168 eet,

140 3237 219 3290 rena
247 3229 347 3302 tune,
375 3215 470 3290 idest
496 3229 662 3290 censente
680 3215 802 3292 seculo
828 3229 971 3314 quarto,
998 3216 1168 3314 utrinque
1188 3235 1228 3286 a·

139 3356 238 3418 utrm
267 3341 378 3418 luisse
404 3341 652 3436 huiuscemodi
668 3343 801 3430 studio,
817 3345 1092 3443 animorumque
1112 3343 1223 3420 erdo-

139 3493 179 3544 re
206 3484 246 3546 et
273 3469 461 3556 firmitate,
487 3470 606 3546 utrix
626 3471 758 3544 hurum
785 3472 989 3568 reperietur
1007 3495 1101 3548 unus
1120 3471 1225 3548 elteri

139 3597 286 3672 cedens.
305 3593 513 3686 Quinimmo
532 3619 580 3670 ex
598 3597 655 3672 iris
675 3597 836 3695 plerique
860 3599 982 3696 potius
1000 3600 1226 3685 vexationes,

139 3724 248 3798 exilia
266 3724 529 3809 sustinuerunt,
555 3746 665 3822 quam
694 3724 860 3822 Origeuis
887 3724 1112 3800 anathemati
1140 3726 1227 3804 sub·

140 3849 324 3937 seribere;
356 3852 580 3926 cumeeteri
607 3851 781 3926 adversus
808 3851 898 3926 istos
929 3851 1062 3926 aeriter
1088 3853 1227 3928 instan-

139 3991 209 4063 tes,
237 3977 407 4075 nullaque
435 3978 574 4053 ratione
602 3978 744 4054 illorum
765 3978 1070 4055 obtestationibus
1094 3981 1225 4058 ceden-

138 4116 209 4188 tes,
236 4105 325 4179 totis
345 4105 480 4180 viribus
507 4129 579 4181 non
599 4105 716 4182 solum
744 4106 938 4204 Origenam
958 4111 1107 4206 eiusque
1136 4111 1225 4184 euri-

136 4242 201 4329 pla
222 4231 447 4308 anathemati
479 4231 657 4324 subjieere
684 4232 753 4309 nisi
783 4245 892 4322 sunt,
918 4255 1046 4310 aarum
1075 4248 1114 4310 et
1136 4258 1225 4311 enn-
