3138 4950
402 481 582 566 Apostolus
617 485 627 564 t
640 483 711 549 dot.
734 503 762 550 o.
785 483 917 564 xvtt.)
945 486 1042 551 Asise
1063 487 1210 554 otsitatss
1238 503 1434 570 pessumam

322 586 468 651 Athenas
490 587 614 650 senisse
636 587 775 668 legitur:
798 597 832 652 et
846 587 1012 668 disputans
1033 607 1108 652 oum
1124 591 1286 671 epicureis
1305 597 1339 656 st
1357 591 1436 655 stoi·

323 689 382 762 ets,
405 687 523 752 duetus
543 686 606 752 luit
626 688 658 750 lu
680 687 902 769 Areopagum,
921 691 975 753 ubi
1004 691 1249 771 iutermpatur:
1268 709 1437 771 possem

321 789 414 868 sos're,
435 807 516 872 quus
536 797 581 854 ιιι
599 789 676 852 bueo
694 809 792 866 aeos,
813 808 894 871 potos
914 812 936 855 a
956 801 985 856 ts
1004 792 1138 870 dieitur,
1166 794 1326 858 doctrino.
1349 790 1437 858 Nous

320 890 404 956 sos'm
416 893 572 974 quosdam
584 891 687 974 infers
697 892 833 958 nuribus
851 895 987 960 nostris:
1007 895 1153 960 solemus
1165 913 1239 977 erpo
1251 895 1333 959 seire
1346 893 1441 974 pssid-

321 1013 398 1058 ssum
417 993 518 1059 solist
537 996 698 1060 insessas.
715 993 863 1060 Esorsua
886 997 1063 1078 Apostolus
1083 997 1126 1059 ita
1142 999 1322 1060 orationem
1343 1013 1438 1060 susm

322 1097 401 1161 riris
421 1097 570 1163 dootrins
599 1106 632 1162 st
653 1100 781 1179 iugenio
812 1099 1052 1179 praestantibus
1083 1101 1299 1179 compararit,
1323 1107 1438 1163 utens

319 1200 388 1263 sino
408 1201 657 1280 exasperatione
677 1201 859 1264 convineat.
876 1199 991 1264 Crebri
1013 1208 1107 1264 erant
1122 1199 1257 1264 Athenis
1280 1201 1354 1274 sisi,
1377 1201 1436 1279 qut

319 1303 420 1366 situm
442 1319 571 1366 omnem
595 1303 811 1366 traduxerant
831 1303 864 1365 lu
886 1301 1149 1365 meditationibus
1170 1305 1202 1364 et
1222 1300 1440 1382 pbilosophis.

323 1401 481 1482 Proponit
501 1404 578 1482 illis,
594 1404 677 1467 lrsne
691 1421 761 1468 esse
782 1405 934 1484 primum,
957 1402 1040 1466 bauo
1054 1419 1216 1467 summam
1233 1401 1371 1466 bominis
1385 1421 1442 1467 oo·

320 1507 543 1583 oupstiouem,
558 1514 596 1570 ot
610 1507 690 1570 soiot
703 1505 826 1568 ldoiroo
840 1523 874 1568 se
896 1505 928 1568 lo
944 1503 1065 1567 mondo
1078 1505 1291 1569 coustitutum
1307 1521 1324 1565 a
1342 1501 1440 1567 Cres·

323 1614 407 1680 tore,
431 1613 627 1684 elnonensi
647 1604 764 1682 ileum,
786 1614 820 1669 et
838 1606 885 1669 aio
905 1604 1064 1684 paulatim
1085 1603 1186 1670 duest
1203 1623 1261 1669 eos
1280 1605 1322 1666 ad
1344 1602 1438 1670 Clsrl·

320 1709 362 1772 sti
383 1709 599 1787 cognitionem
619 1723 766 1788 suesque
787 1705 967 1770 doetrinae.

403 1808 499 1874 Houd
521 1811 619 1874 atitsr
633 1809 790 1890 Origenes
809 1811 874 1888 egit
895 1810 926 1872 io
940 1807 1058 1874 Subula
1080 1807 1307 1884 olexsudrius‚
1323 1807 1440 1876 Crosa·

324 1910 627 1985 tarentinenses
650 1913 740 1986 stibi,
764 1913 902 1990 tempori
923 1918 955 1974 et
977 1910 1162 1977 bominibus
1189 1913 1439 1976 suoommodsus

322 2030 502 2088 sermones,
520 2022 557 2077 ιιι
577 2031 633 2077 eos
660 2014 700 2075 sd
723 2013 796 2078 fidei
820 2015 988 2078 veritatem
1010 2015 1170 2077 alliceret.
1187 2011 1229 2076 Et
1254 2015 1316 2077 boe
1341 2015 1441 2076 maai·

326 2115 408 2180 teste
430 2123 569 2180 testetur
589 2135 614 2179 s.
637 2114 817 2197 Gregorius
831 2113 1098 2196 Thoumsturgus
1118 2115 1191 2196 eius
1210 2116 1394 2196 discipulus
1408 2119 1442 2178 tu

322 2213 474 2280 Orots'oos
492 2215 701 2298 pompeios,
724 2218 765 2282 do
784 2235 820 2282 se
839 2227 873 2283 ot
893 2236 954 2282 suo
979 2217 1082 2280 tratre
1108 2217 1321 2282 Athenodoro
1348 2218 1442 2281 loru·

321 2329 373 2384 tus
387 2337 418 2383 u.
434 2317 467 2385 6:
485 2338 502 2381 s
516 2319 657 2384 Omnino
672 2321 757 2384 euim
778 2337 837 2384 neo
859 2323 948 2401 pium
970 2337 1047 2401 erpo
1063 2336 1268 2384 communem
1290 2321 1439 2382 omnious

322 2417 498 2486 Dominum
519 2441 588 2486 esso
609 2423 731 2504 absquo
752 2422 956 2503 pbilosophis
977 2423 1161 2502 qnempiam
1183 2419 1349 2484 oensebsts
1371 2437 1439 2500 quo

321 2541 457 2588 munere
478 2524 567 2586 sotus
589 2541 631 2587 ex
650 2523 801 2586 omuibus
824 2533 930 2586 terreo
950 2522 1165 2587 animantibus
1187 2521 1284 2584 bomo
1305 2520 1442 2584 deeora·

322 2633 375 2687 tus
395 2634 466 2702 sst3
489 2623 587 2703 idque
612 2626 729 2687 merito
753 2625 879 2704 sapiens
902 2641 1006 2704 oeque
1033 2633 1133 2704 atquo
1159 2623 1329 2704 imperitus
1353 2625 1442 2702 quis·

321 2743 386 2805 qus
400 2726 620 2807 amplectitur,
635 2729 691 2806 qni
714 2725 810 2788 modo
823 2745 952 2790 sonsum
975 2745 1101 2790 omnem
1120 2727 1349 2806 intelligentiae
1363 2743 1441 2806 pree

287 2813 291 2822 ⁸
320 2828 460 2908 quadam
482 2831 620 2894 umentia
642 2845 704 2892 nou
725 2830 878 2892 amiserit.
902 2827 969 2894 Neo
991 2832 1079 2910 pium
1102 2829 1202 2909 igitur
1219 2829 1350 2892 omnino
1370 2847 1440 2892 esse

321 2929 513 3008 affirmabat,
529 2934 586 3011 qui
609 2931 854 3011 philosophatus
875 2949 939 2993 non
961 2939 1055 2993 esset.
1073 2928 1188 3006 Quoad
1207 2931 1334 2992 trodem
1356 2929 1441 2994 mul·

320 3041 370 3096 tos
391 3033 422 3096 ld
444 3049 544 3114 genus
564 3053 607 3098 es
628 3033 700 3096 aliis
720 3033 802 3098 elios
822 3048 986 3096 sermones
1007 3031 1178 3110 instillans,
1200 3049 1259 3094 nos
1282 3031 1374 3094 velut
1395 3031 1439 3092 la·

320 3136 410 3199 soiuo
431 3135 571 3215 quodam
594 3134 718 3197 astibus
738 3133 805 3198 suis
827 3130 1037 3212 perdomitos,
1058 3131 1263 3200 sermonibus
1284 3133 1365 3206 suis,
1387 3151 1441 3196 oe·

317 3237 386 3300 soie
414 3255 481 3316 quo
502 3246 610 3316 puoto,
630 3236 737 3300 dirius
760 3235 791 3298 si
812 3234 952 3314 quodam
977 3234 1210 3315 constabilisit;
1235 3243 1270 3296 et
1288 3235 1384 3315 iusta
1404 3252 1439 3296 ss

320 3338 500 3403 immobiles
521 3341 635 3404 tenuit.

334 3439 337 3446 “
400 3439 522 3506 Paulos
545 3442 721 3522 Apostolos
743 3445 753 3523 t
766 3443 804 3505 ad
827 3445 963 3510 Gelntss
985 3461 1032 3506 on.
1057 3441 1082 3503 Ι.
1106 3449 1139 3505 et
1159 3439 1225 3518 11.)
1247 3436 1438 3518 Hierosoly·

321 3559 409 3608 nsum
430 3545 530 3610 adisit
548 3547 658 3611 sidere
680 3545 827 3618 Petrum,
844 3557 876 3611 et
890 3549 1005 3610 mansit
1027 3542 1111 3624 opud
1127 3557 1202 3606 oum
1217 3539 1333 3602 diebus
1347 3537 1440 3617 quis·

320 3645 436 3710 decim.
455 3645 588 3724 Deinde,
604 3649 660 3724 eit,
677 3655 748 3728 post
764 3665 864 3712 annos
879 3644 1142 3728 quatuordeeim,
1160 3647 1232 3704 orta
1247 3638 1440 3702 Aulioubiss

320 3749 524 3832 quaestions,
538 3767 617 3815 num
639 3750 752 3814 tideles
765 3769 807 3814 ex
824 3751 971 3830 pentibus
987 3753 1092 3813 essent
1104 3742 1345 3810 circumcisioni
1363 3738 1440 3804 sub·

318 3851 463 3933 liniendi,
481 3852 601 3914 iterum
623 3850 766 3914 aseendit
787 3849 1063 3936 Hierosolymam,
1083 3848 1227 3911 seniores
1246 3851 1281 3907 ot
1302 3843 1439 3921 apost·-

321 3951 385 4030 lns‚
416 3954 448 4015 lu
474 3953 593 4034 quibus
618 3951 735 4016 Petrus
757 3952 931 4027 eminebat,
954 3951 994 4014 de
1020 3952 1080 4012 troo
1102 3967 1139 4011 re
1170 3937 1438 4010 consulturusli

319 4055 417 4137 sajus
437 4071 588 4120 sermono
611 4051 747 4129 Paulus,
770 4053 1038 4118 adversariorum
1060 4049 1234 4130 reprobata
1266 4043 1436 4119 sententis,

320 4155 568 4232 praedicationis
588 4172 668 4222 suae
688 4153 968 4221 confirmationem
989 4159 1183 4220 consecutos
1202 4155 1263 4214 ost.
