3048 4946
87 497 242 564 adrereue
262 497 497 564 obtrectatorca
518 517 596 565 auce
617 501 816 582 spernentes,
833 499 931 564 taciee
950 517 1026 565 eune
1046 497 1198 564 ebdema-

87 607 162 663 ruut
183 599 339 664 adeereue
374 601 559 667 Pontificem
571 621 584 683 3
606 609 639 666 et
670 599 815 665 Facundi
838 602 965 683 scriptia
992 599 1199 664 mendacibus

85 700 191 780 potius
212 703 441 780 praestiterunt
462 719 573 778 auree,
594 699 796 766 execrabilem
818 704 888 765 auri
909 701 1077 783 appellere
1097 698 1198 763 trium

88 797 306 880 capitulorum
320 801 577 882 damantionem
593 821 667 867 cum
683 812 774 865 autea
791 804 996 866 commentatt
1011 809 1128 874 cenent,
1150 799 1199 863 l'a'·

82 899 198 983 pilium
219 901 339 984 rcriplc
360 921 491 984 reaper
510 921 617 968 umnec
633 902 818 984 maninoiee
832 901 995 978 mittendo,
1015 903 1198 967 accelerac-

83 1002 123 1066 tie
135 1003 275 1068 oincclie
288 1025 406 1069 omnem
417 1007 571 1086 populum
586 1006 751 1086 obliquare,
766 1005 869 1088 eiquie
885 1003 1086 1069 damnationi
1099 1006 1197 1070 trium

87 1100 306 1186 capitulorum
315 1106 476 1186 praeberet
489 1103 667 1186 aliquando
682 1125 878 1169 coercerem.
895 1105 988 1183 Quae
1001 1115 1109 1170 autern
1129 1107 1198 1170 tue·
1251 1157 1258 1166 .

86 1209 147 1270 rint
167 1209 300 1289 eeripta,
323 1227 408 1288 quae
428 1209 554 1272 dedisse
574 1210 696 1274 dicitur
710 1207 849 1289 vigilius
870 1209 909 1270 ud
932 1227 1044 1274 umuee
1067 1209 1197 1287 provin·

83 1308 146 1372 ciae
160 1308 200 1372 de
212 1318 287 1374 uota
304 1313 506 1392 quaestione,
523 1319 554 1373 et
571 1319 690 1391 quanta
707 1311 905 1374 auctoritate
927 1311 1006 1374 laneo
1026 1318 1060 1374 et
1078 1308 1194 1376 similia

84 1409 278 1473 cumulande
294 1413 369 1487 aiut,
392 1413 543 1492 proxima
566 1411 724 1475 discussio
745 1409 934 1474 declarabit.

159 1507 209 1573 Ac
228 1511 357 1573 interim
377 1513 410 1574 iu
433 1511 536 1592 hujue
552 1510 673 1591 Capitis
693 1511 913 1586 conclusione,
937 1508 1094 1590 repetitis,
1110 1522 1196 1590 quae

85 1611 255 1692 bucusque
276 1612 417 1675 discusau
438 1621 513 1676 suut
534 1614 574 1676 de
595 1625 801 1694 praesumpte
821 1611 895 1674 ibae
919 1611 1075 1692 Epietotr‚
1098 1631 1196 1692 quam

83 1712 259 1776 adversarii
289 1721 535 1796 propugnarunt
555 1733 573 1780 a
596 1715 725 1797 Synodo
745 1713 992 1780 chalcedonensi
1014 1722 1193 1794 acceptam,

83 1820 168 1893 patet
189 1821 315 1896 qnauto
333 1815 411 1896 juro
425 1832 450 1877 e.
467 1812 649 1895 Gregoriue
671 1813 808 1896 Magone
828 1835 927 1896 caepe
941 1815 1123 1895 insipientes
1142 1833 1196 1878 ro·

84 1914 204 1978 caverit
226 1914 326 1996 hujus
346 1911 511 1994 Epistulae
542 1915 747 1979 defensores:
767 1913 897 1991 «Quia,
920 1917 965 1978 ait
983 1914 1077 1996 juxta
1101 1913 1195 1978 Pauli

84 2013 230 2095 Apostoli
247 2033 373 2094 rocem,
395 2013 659 2098 noaintellipunt
679 2033 779 2096 acque
799 2005 1196 2098 contemnendumque

83 2115 117 2178 dc
141 2114 254 2197 quidue
274 2117 444 2200 affirment.
476 2115 518 2182 Et
548 2120 588 2180 ad
610 2116 863 2182 Theodotiudam
896 2118 1038 2196 reginem
1060 2117 1191 2181 scribite

84 2201 254 2279 «Tantum
276 2217 315 2280 de
331 2218 422 2281 nobie
442 2217 560 2282 lortius
582 2217 743 2294 dolemus,
759 2219 836 2299 qnia
860 2235 916 2283 roa
937 2218 1094 2300 imperitia
1114 2217 1196 2281 atul-

84 2318 184 2396 tisque
207 2318 391 2382 homiuibus
413 2318 566 2382 creditis:
582 2322 640 2400 qni
662 2338 724 2384 nou
744 2321 852 2384 solum
875 2337 925 2395 ea,
949 2338 1033 2401 quae
1054 2319 1197 2398 loquun-

82 2423 146 2495 tur,
169 2419 340 2497 nesciunt3
355 2419 411 2482 eed
433 2420 487 2484 rix
509 2437 547 2484 ca
567 2423 749 2502 percipere,
765 2439 851 2503 quae
872 2422 1034 2486 audierint
1049 2427 1191 2499 posenni.

83 2513 198 2583 liicuut
212 2523 297 2584 euim
313 2523 385 2600 piae
399 2524 575 2586 memoriae
589 2520 761 2586 luatiuiaui
779 2523 978 2604 temporibus
993 2525 1102 2604 alique
1119 2539 1195 2586 con-

84 2625 131 2681 tra
160 2619 450 2688 chelceduueuaem
481 2620 647 2704 synodum
671 2622 771 2688 tuisse
801 2625 994 2688 constitutae
1024 2625 1095 2706 qut,
1117 2624 1194 2686 dum

82 2733 183 2800 neque
204 2723 331 2802 legunt,
347 2741 453 2804 neque
473 2723 655 2811 legentibus
675 2725 826 2802 creduut,
849 2728 880 2789 iu
901 2726 971 2808 ipso
993 2743 1107 2791 errore
1130 2742 1196 2788 me·

82 2831 164 2899 nent,
188 2843 287 2904 quem
309 2825 369 2890 eibi
391 2825 432 2890 de
453 2825 543 2890 nonis
564 2825 625 2905 ipei
646 2825 855 2892 duxeruut.»
