3048 4946
1140 389 1203 460 tes

7 555 9 592 Ξ
98 503 219 566 rtiuiauo
243 502 389 568 emissam
411 503 567 566 adsersus
599 501 778 567 hnemticos
808 505 953 582 quatuor
983 496 1035 561 rei
1057 493 1201 577 quinque

7 653 9 692 ÷
97 603 175 666 anuis
200 611 290 666 antea
316 605 616 680 suathemstiratos,
649 605 675 666 sl
696 601 856 667 metliante
876 619 916 665 eo
945 601 1016 680 ipso
1041 607 1200 678 tempore,

94 703 216 766 collecte
236 704 298 768 snit
318 703 434 768 Menon
455 704 596 789 synodo,
618 701 768 784 Origenis
781 721 911 767 errores
926 702 1034 766 lorent
1046 697 1201 774 damnati,

7 855 10 878 ,
91 804 238 869 necheco
258 806 420 869 damnetio
439 824 499 869 uec
519 807 660 869 damuati
680 806 866 869 nominatim
887 805 929 868 ab
950 821 989 867 eo
1006 798 1199 880 transigendi

7 957 9 992 z
94 903 285 983 ridebantur,
307 907 402 970 sicuti
424 914 550 969 ceteros
571 911 716 970 errantes
737 906 786 969 itis
807 905 1006 984 nuncupsvit
1028 901 1124 983 l’rpa.

7 1083 8 1090 ἵ
164 1001 209 1067 lie
229 1007 371 1086 reliquo,
399 1005 426 1070 si
447 1007 590 1070 studiose
612 1004 720 1086 vigilii
749 1005 842 1068 dictis
862 1003 1064 1068 attendemus
1087 1003 1117 1064 in
1139 1017 1199 1064 suu

92 1106 215 1184 epistola
239 1108 412 1188 expressis,
435 1107 651 1187 colligendum
674 1106 747 1170 ltine
776 1111 871 1182 esset,
900 1105 983 1167 itanc
1006 1103 1113 1184 Pupae
1134 1105 1202 1183 epi·

7 1257 10 1294 ,
94 1207 199 1270 stolam
220 1207 308 1271 circa
333 1225 383 1270 an.
399 1205 470 1277 otti.
486 1209 606 1284 sistam,
622 1207 711 1271 aliutl
728 1207 957 1288 quodcumque
971 1206 1127 1284 scriptum
1146 1223 1204 1268 ex·

94 1307 218 1372 cludere
236 1326 253 1371 tt
269 1305 451 1372 Justinisno
466 1311 597 1375 missum
615 1317 647 1372 et
662 1327 679 1372 a
696 1305 815 1388 Vipllio
835 1316 1014 1389 acceptum.
1030 1305 1103 1370 Non
1118 1305 1202 1368 enim

7 1457 9 1492 ἶ
94 1409 309 1472 tantummodo
323 1410 504 1489 gratulatus
525 1417 608 1472 esset
633 1407 782 1472 Pontifex
800 1407 965 1471 Romanus
989 1408 1029 1470 tle
1046 1405 1203 1471 iustinia-

7 1559 9 1590 ί
91 1509 119 1569 ni
140 1507 198 1572 ide
217 1515 251 1572 cl
265 1509 336 1573 zelo
352 1511 384 1574 in
404 1509 579 1575 evellendis
602 1509 754 1590 praelatis
776 1509 975 1581 haeresibus,
996 1507 1050 1571 setl
1073 1507 1142 1588 pari
1164 1522 1204 1568 ttc
1234 1583 1236 1590 y

7 1659 10 1698 ἰ
92 1607 199 1690 tntjori
214 1611 431 1689 gratulatione
453 1619 645 1690 prosecutos
668 1629 743 1674 eum
765 1609 903 1674 essetob
924 1627 976 1683 ea,
991 1625 1076 1689 quse
1089 1608 1205 1670 adser-

7 1789 8 1796 ἵ
94 1724 144 1772 sut
164 1707 311 1789 origenis
333 1713 510 1791 impietates
539 1711 735 1774 sancirisret.
759 1710 909 1775 Attumne
940 1727 998 1774 nec
1029 1706 1203 1773 Iustiniani

7 1865 8 1878 ,
92 1804 273 1874 Tractatum
289 1813 461 1892 accepisse,
484 1831 541 1875 nec
563 1813 621 1891 ipsi
638 1809 806 1877 Tractstni
819 1806 1087 1894 subscriptionem
1108 1807 1201 1875 snat'u

92 1923 123 1969 te
142 1909 340 1986 apposuisse,
357 1911 449 1975 ullibi
470 1911 588 1975 indicat
603 1909 739 1991 vigilius
759 1913 790 1974 lu
811 1915 878 1976 suis
900 1911 1027 1975 litteris.
1052 1909 1205 1991 Quapro-

7 2063 8 2098 3
94 2016 162 2085 pter
186 2011 331 2088 augescit
355 2011 508 2088 dubium,
541 2029 618 2074 num
642 2012 738 2075 citata
764 2009 936 2077 Iustiniani
964 2010 1108 2102 Epistola
1133 2015 1204 2076 sive

90 2103 257 2173 Tractatus
270 2110 310 2171 tle
323 2110 472 2190 Origenis
486 2114 668 2188 erroribus,
685 2115 833 2176 omnibus
848 2113 977 2177 intentis
991 2114 1203 2178 circumsten-

90 2209 135 2272 iiis
154 2211 348 2288 peremissis,
370 2212 431 2275 dici
455 2215 553 2291 possit
575 2215 752 2293 genuinum
773 2211 957 2288 Iustiniani,
980 2222 1038 2278 snt
1057 2214 1203 2295 cujusvis

92 2312 178 2388 probi
201 2311 263 2376 riri
285 2331 379 2392 opus,
402 2313 548 2376 allenna
572 2322 603 2377 et
614 2315 655 2377 ab
677 2313 833 2394 episcopis
855 2314 1041 2394 probatum,
1063 2311 1198 2393 vigilio·

90 2429 150 2490 que
170 2411 278 2494 Papae
298 2424 466 2496 acceptum
482 2422 513 2477 et
534 2417 702 2478 sancitum.
719 2411 761 2476 Et
782 2414 843 2476 ltoc
864 2431 925 2494 pro
945 2413 997 2488 ils,
1019 2413 1201 2494 quleotlcm

89 2529 166 2575 anno
186 2512 258 2580 538.
273 2517 457 2578 existimant
470 2524 503 2578 et
523 2514 689 2599 synodum
711 2521 744 2580 et
756 2513 937 2596 Epistulam
958 2513 1204 2582 adsersusOri·

91 2629 196 2691 geuem
220 2615 371 2679 habuisse
388 2615 509 2680 locunt.

164 2713 228 2776 alii
253 2733 331 2778 rere
364 2717 374 2789 l
387 2715 418 2776 in
439 2717 559 2795 onibus
590 2715 759 2795 praelucet
787 2715 829 2779 cl.
852 2667 1031 2780 cardinalis
1052 2713 1203 2782 Norisius

86 2811 116 2872 in
137 2811 366 2877 llissertatione
387 2812 547 2878 Historics
569 2814 609 2877 de
630 2812 759 2897 Syeodo
781 2813 842 2892 V.)
860 2815 995 2878 inrtrsse
1015 2813 1056 2879 dn
1077 2815 1115 2878 iis
1135 2814 1201 2877 sol·

86 2910 174 2988 liciti,
190 2933 273 2995 quas
287 2918 436 2997 opposui,
452 2915 797 2994 argumentationibus,
812 2915 925 2980 aliisve
940 2915 1112 2991 decausis,
1128 2931 1204 2978 con·

88 3018 134 3075 tra
146 3019 332 3089 sentientes,
349 3015 433 3078 lrnnc
448 3014 619 3080 iustiniani
635 3011 823 3079 Tractatum
841 3017 999 3080 autemus
1013 3015 1200 3096 origenem,

85 3113 121 3176 an
141 3133 262 3181 anuum
284 3117 413 3180 circiter
432 3109 501 3182 544.
524 3115 752 3180 remittendum
768 3116 1029 3192 conduxerunt,
1053 3115 1196 3198 qnando,

86 3221 122 3278 nt
141 3217 209 3296 ipse
230 3217 276 3280 ait
296 3215 457 3290 Neritius,
490 3216 637 3281 lerrebat
657 3219 805 3298 quaestio
833 3218 874 3280 ne
896 3218 1000 3282 triltns
1030 3215 1200 3298 Capitulis:

88 3316 243 3382 reversus
264 3335 349 3398 qnae
363 3316 564 3382 iustinianus
584 3318 947 3397 summopere-esteten,
969 3317 1008 3379 atl
1030 3317 1201 3380 revocatis

88 3417 246 3499 episcopis
275 3435 351 3482 cnm
376 3419 581 3500 patriarchis,
611 3418 651 3480 atl
672 3417 806 3482 illorum
827 3417 1062 3482 dsmuationem
1082 3421 1205 3481 incum-

86 3513 189 3581 beltat.
217 3518 252 3582 ln
273 3519 336 3583 ltoc
359 3536 437 3584 reru
459 3518 553 3582 vulsie
574 3519 692 3582 mlrnm
714 3517 801 3599 quod
818 3517 1011 3599 imperator,
1032 3519 1202 3584 erroribus

85 3615 245 3698 inscriptis
270 3619 404 3700 Origeui
438 3621 625 3696 cumulatis,
658 3638 697 3684 ac
721 3621 891 3700 perspicue
921 3619 1089 3682 nominatis
1116 3627 1202 3683 cete-

85 3717 127 3778 ris
150 3718 320 3783 haereticis
343 3721 401 3801 (tle
421 3721 540 3801 quibus
562 3721 682 3801 snpra)
699 3721 738 3784 tle
759 3720 932 3784 Theodoro
954 3737 1031 3782 tero
1052 3736 1202 3798 mopsue-

86 3823 190 3892 steno,
215 3818 255 3881 tle
277 3817 351 3884 lltne
373 3819 520 3902 Epistola
542 3829 575 3885 et
595 3822 635 3885 tle
655 3821 850 3886 Theodoreti
872 3819 1067 3908 conscriptis
1086 3820 1203 3883 atlser-

84 3935 139 3979 sns
161 3917 324 4002 Cprillnm
346 3923 438 3985 siluit
459 3923 599 3985 omnino.
623 3921 718 4000 Quod
741 3923 944 4002 prseclnrum
966 3921 1117 3985 indicium
1139 3927 1200 3996 est,

83 4015 181 4097 hujus
213 4018 369 4084 autemus
392 4019 565 4101 Origenem
590 4018 773 4095 Trnctntus,
800 4020 899 4082 ulium
923 4037 1022 4100 ouans
1046 4017 1201 4083 lestinis·

82 4133 173 4194 num,
197 4120 252 4184 sed
269 4121 441 4200 queuntium
456 4124 495 4188 de
516 4124 644 4186 nomine
663 4139 723 4185 suo
745 4121 855 4184 heberi
871 4131 1063 4200 anctorem3
1079 4119 1110 4183 et
1131 4119 1200 4184 cui·

82 4216 156 4284 dam
189 4222 387 4288 credentum
408 4239 477 4289 esse
505 4223 604 4288 trium
625 4217 852 4303 capitulorum
881 4219 1200 4310 ceremonensem
