3048 4946
151 433 436 506 «contradicentes
451 442 654 510 institerunt:
671 442 715 510 Et
727 461 806 526 ergo
820 445 890 522 illa,
905 462 989 528 quac
1002 443 1041 509 ad
1058 443 1177 510 llarim

79 539 200 605 Persem
231 541 376 625 Epistola
397 543 469 625 ejus
498 545 619 626 scripta
640 553 701 624 eat,
733 554 822 612 recta
844 547 1005 612 contincta
1038 555 1071 610 et
1091 563 1177 625 quan

76 642 193 721 prolata
215 643 256 706 ah
276 645 334 719 eis,
356 649 389 708 st
409 643 530 708 relecta
552 645 643 710 uubis
664 653 725 724 est,
741 654 775 711 et
795 647 925 712 incanta
945 654 995 712 est
1017 645 1178 710 narratio·

78 757 144 804 uem
164 741 281 808 hahens
311 749 460 808 acturum
484 746 567 810 iuter
596 746 727 824 heatum
756 746 920 829 Gysiltum
939 754 973 812 et
1003 746 1177 814 uelandum

78 839 272 923 Nestorium,
293 863 333 910 eu
354 847 441 926 quud
463 849 556 927 qussi
582 865 642 931 per
665 849 741 913 istus
761 848 844 914 dnus
861 848 1005 912 homiues
1030 846 1179 912 seculum

77 943 299 1008 conturbatum
322 953 369 1010 est
378 967 392 1026 3
407 945 560 1012 Nestoriu
581 949 712 1028 quidem
727 966 779 1024 ea,
795 965 880 1030 quae
903 947 1025 1013 Paulus
1039 965 1180 1012 samosa-

80 1051 167 1108 teum
184 1052 326 1126 saperet,
348 1045 542 1126 affirmante,
558 1055 591 1116 et
604 1056 740 1130 propter
760 1049 863 1116 hoca
884 1047 1124 1135 beatullpritlu
1145 1050 1179 1114 tn

75 1143 222 1224 ephesino
242 1143 388 1212 Concilio
408 1148 622 1214 condemnato
641 1159 705 1215 etc.

154 1243 241 1312 allis
261 1265 341 1328 ergo
361 1266 420 1330 per
438 1249 615 1331 Epistulam
636 1251 821 1329 declaratis,
838 1249 997 1338 Hypatius
1011 1251 1181 1332 episcopus

78 1346 168 1412 dixit:
184 1346 254 1414 ldae
270 1348 411 1416 Litterae
424 1353 520 1416 etiam
536 1354 567 1418 in
581 1355 646 1418 sita
663 1354 748 1418 heati
762 1353 878 1440 cyrilli
892 1353 1078 1434 divulgatae
1090 1361 1180 1428 suut,

76 1456 109 1513 et
129 1467 189 1514 uon
209 1453 317 1518 solum
332 1455 408 1535 qnia
423 1473 486 1519 uuo
500 1461 674 1520 moverunt
688 1474 763 1522 eum
780 1461 917 1537 propter
933 1456 1050 1520 iactam
1067 1471 1180 1536 pacem

75 1559 109 1616 et
136 1554 288 1619 unitatem
321 1564 455 1638 propter
476 1555 672 1638 homiuum3
702 1557 757 1624 sed
779 1565 813 1642 et
839 1555 1013 1623 Valeriano
1039 1557 1184 1623 scribens

76 1655 223 1736 episcopo
245 1653 343 1722 lcnuii
366 1660 441 1722 tatia
463 1661 504 1722 de
528 1659 604 1741 ipsls
624 1659 795 1736 satisfacit,
817 1658 946 1724 dicenss
973 1645 1046 1723 nam
1066 1660 1094 1723 si
1114 1658 1181 1741 epi·

73 1754 171 1820 stolas
190 1757 250 1820 sihi
281 1770 508 1840 componentes
528 1759 660 1842 quidam
690 1759 941 1844 circumierunt,
965 1768 1118 1842 unquam
1139 1774 1184 1824 es
1302 1785 1306 1794 ·

74 1875 210 1939 pessum
230 1862 366 1942 scriptas
386 1861 566 1928 illustrium
589 1863 749 1940 risurum,
771 1879 834 1928 unu
855 1859 973 1927 dehent
993 1861 1092 1926 credi.
1117 1858 1184 1936 Qut

73 1959 158 2026 euim
177 1961 278 2024 semel
298 1962 424 2041 scriptia
440 1961 535 2027 tidem
555 1964 721 2044 propriam
743 1962 881 2028 cuniessi
900 1969 998 2042 suut,
1014 1959 1181 2044 quomodo

72 2058 199 2124 diversa
222 2069 355 2141 possunt
367 2064 511 2127 scrihere
533 2071 686 2146 tauquam
701 2081 743 2128 ex
760 2061 954 2142 poenitentia
968 2062 1009 2126 ad
1026 2079 1089 2126 uon
1103 2061 1185 2128 hene

75 2159 273 2228 credendum
299 2161 540 2230 traductttsed
564 2172 671 2228 tamen
684 2171 717 2228 et
738 2163 834 2228 heato
849 2162 975 2246 Cyrillu
992 2162 1035 2226 ita
1057 2179 1119 2246 pru
1139 2162 1186 2228 eis

75 2263 278 2341 testificante,
303 2273 336 2329 et
357 2267 514 2332 recensita
544 2267 690 2349 praelata
712 2263 857 2347 Epistula
887 2265 919 2330 in
938 2263 1186 2331 chalcedonensi

70 2373 185 2431 sancto
198 2367 356 2446 Concilio,
379 2387 441 2432 uun
465 2369 682 2434 tameualiter
702 2366 864 2450 praevidit
878 2367 997 2447 suscipi
1012 2383 1087 2432 eum
1110 2381 1186 2447 pau·

72 2475 152 2548 pter
169 2471 365 2551 suspiciones
381 2472 412 2533 iu
432 2469 544 2534 eadem
566 2469 712 2552 Epistola
733 2471 890 2548 insertas3
905 2468 964 2532 uisi
985 2475 1018 2532 et
1033 2469 1101 2549 ipss
1121 2464 1187 2534 Ne·

71 2569 214 2632 sturiam
227 2577 261 2634 et
274 2571 381 2634 umuia
397 2570 468 2652 ejus
483 2571 612 2636 decreta
628 2569 943 2635 anathematizasset.
958 2565 1001 2631 lit
1015 2573 1188 2648 postquam

69 2671 371 2747 anathematisavit,
395 2682 472 2736 tuuc
501 2682 670 2754 susceptus
691 2679 740 2737 est
760 2673 792 2736 iu
812 2676 924 2736 sancto
945 2667 1102 2736 Concilio.
1117 2666 1189 2734 Nec

74 2777 202 2836 tautum
223 2771 264 2837 de
285 2774 334 2838 his
355 2774 427 2837 dicu
447 2774 548 2854 solis,
580 2774 636 2838 sad
658 2779 691 2837 et
712 2771 884 2838 Nestorius
908 2777 942 2836 et
961 2768 1128 2855 Eutyches
1146 2771 1189 2836 st·

71 2871 144 2936 mili
167 2873 276 2950 modu,
290 2876 317 2940 si
331 2878 479 2956 proprias
500 2877 649 2941 haereses
669 2875 1007 2948 anathematizassent,
1030 2870 1132 2936 modis
1150 2889 1189 2934 u·

68 2975 203 3052 mnibus
223 2977 319 3042 etiam
334 2978 382 3042 illi
402 2979 542 3060 suscepti
564 2977 729 3042 luisseuta
744 2976 862 3042 sanctis
880 2973 1041 3040 Conciliis.
1056 2972 1191 3039 Chalce-

69 3073 217 3140 douenss
237 3097 316 3159 ergo
337 3077 520 3144 Concilium
543 3083 630 3144 circa
652 3078 741 3142 lham
763 3085 795 3141 et
815 3074 1060 3141 Theodoretum
1080 3073 1190 3136 diatri-

70 3178 161 3242 ctlus
182 3180 260 3259 egit,
274 3197 373 3260 qnam
394 3181 509 3244 heatus
531 3179 687 3265 cyrillus.
704 3175 825 3244 Beatus
846 3177 930 3241 euim
947 3174 1092 3261 Cyrilltss
1113 3191 1189 3240 uun·

72 3287 188 3344 tentus
210 3280 271 3346 tuit
291 3283 323 3344 iu
345 3299 503 3346 consensu
528 3280 745 3346 damnationis
766 3275 908 3344 Nestorii
929 3284 963 3342 et
983 3277 1187 3342 ordinatione

70 3381 163 3445 beati
188 3379 400 3462 Maximiani,
423 3383 479 3464 qui
501 3399 561 3463 pru
583 3383 642 3446 illu
664 3383 696 3444 iu
717 3381 780 3445 hau
799 3379 932 3444 civitate
952 3381 1124 3459 episcopas
1146 3377 1193 3440 la·

68 3490 150 3547 ctus
172 3489 231 3546 est.
254 3482 513 3546 Chalcedonensis
534 3489 642 3546 autem
657 3481 851 3556 Concilium,
880 3478 937 3542 uisi
958 3475 1019 3542 suh
1041 3493 1192 3558 praeseu-

68 3587 116 3648 tia
140 3600 201 3646 sua
224 3584 545 3648 anathematizassent
559 3592 592 3647 nt
613 3583 719 3646 omnia
741 3579 892 3662 dogmata
905 3579 989 3660 ejus,
1012 3587 1045 3642 et
1063 3577 1191 3659 scriptis

66 3687 161 3751 intes
176 3684 258 3750 heta
274 3687 412 3750 insertae
434 3683 567 3750 luissent
582 3703 676 3750 socca
697 3703 825 3758 eurum,
843 3699 905 3746 nou
928 3681 988 3744 init
1003 3687 1190 3744 contentum

64 3787 243 3867 suscipere
256 3805 322 3852 eus.
342 3787 378 3852 lu
393 3787 443 3852 his
457 3805 535 3868 ergo
555 3787 648 3852 dictis
663 3785 927 3852 Contradicentes
945 3782 1058 3862 ajunt:
1082 3782 1122 3849 de
1144 3781 1193 3846 his

67 3888 212 3970 quidem
235 3905 427 3969 persuasum
448 3895 498 3977 est
518 3888 656 3955 nohis.»

156 3987 243 4054 Cum
268 3992 377 4073 itaque
403 3990 435 4052 iu
465 3990 526 4054 hac
554 3988 744 4055 Collatiuuis
776 3996 869 4069 parte
897 4005 1026 4052 sensum
1054 3984 1195 4050 sollicita

64 4107 290 4171 quaeramus,
310 4093 431 4174 quippe
453 4098 577 4157 arctam
601 4096 711 4156 servat
735 4091 902 4171 proposito
924 4088 1116 4168 analogium,
1139 4101 1195 4150 an·

66 4202 124 4258 tce
146 4211 214 4260 uon
235 4191 402 4276 effugiant,
431 4211 516 4276 quau
537 4189 697 4278 Hypatius
721 4191 799 4260 dicit
819 4191 863 4256 de·
883 4189 1006 4275 synodi
1026 4186 1197 4256 chalcedo·
