3186 4946
327 373 369 448 11

327 486 448 550 amoris
468 492 501 550 et
521 487 697 552 sanctitatis
716 489 836 554 semiue
852 489 975 554 colorat
989 489 1021 552 iu
1035 505 1116 554 arro
1131 489 1272 570 impuro,
1288 507 1326 553 se
1340 505 1439 553 orem

329 595 491 652 errantem
513 588 649 654 duceret
668 589 708 653 ad
730 591 817 654 ovile
837 587 984 656 Christi?
999 589 1209 666 Qusaomnie
1225 590 1440 672 complevisse

326 685 499 768 Oripeuem
514 692 559 754 eit
571 710 597 756 s.
619 689 797 772 Gregorius
809 711 885 774 erga
899 709 946 770 so,
960 700 1151 774 ceterosque
1164 709 1261 772 quem
1277 692 1438 773 plurimus

329 789 362 852 in
382 808 476 856 sacro
497 790 673 858 Caesareae
693 794 890 859 didaschalio
912 795 1011 875 paulo
1032 805 1104 874 post
1124 811 1222 873 quam
1250 811 1309 874 per
1323 791 1439 856 Deme·

330 892 430 956 trium
452 893 639 975 episcopum
660 897 701 959 ah
714 896 922 964 elexsoartna
938 893 1055 960 Scholr
1070 899 1121 974 (ut
1136 895 1262 976 putarit
1277 893 1440 974 Theophi-

328 992 381 1057 lus
402 1000 434 1057 et
454 1013 529 1060 eum
544 1015 583 1061 eo
598 995 827 1082 Hieronymus)
842 997 971 1077 lugetur
982 1004 1031 1060 cet
1046 1003 1082 1058 nt
1100 997 1293 1060 haereticus.
1309 993 1351 1058 Et
1364 995 1440 1074 quir

329 1094 404 1158 talia
427 1114 570 1178 uuquam
591 1096 767 1163 crederet?

408 1195 481 1263 Nou
502 1199 638 1264 credidit
658 1219 684 1262 s.
709 1201 893 1264 Alexander
907 1209 1033 1286 martyr
1047 1199 1350 1283 Hierosolymorum
1372 1197 1440 1278 epi·

327 1315 458 1379 scopus,
486 1304 543 1382 qui
566 1313 642 1366 tunc
663 1302 703 1364 ad
733 1302 881 1366 eumdem
897 1301 1069 1383 Origenem
1097 1303 1252 1376 eoolbem,
1269 1302 1354 1364 hunc
1381 1300 1441 1364 to·

329 1400 452 1463 minum
476 1419 573 1465 suum
602 1420 640 1466 ao
667 1410 790 1481 patrem
812 1413 926 1467 vocat:
943 1425 960 1463 o
978 1402 1089 1466 Patres
1114 1403 1188 1466 illos
1215 1403 1324 1465 heatus
1348 1401 1443 1464 nori·

329 1515 414 1575 mus,
437 1501 551 1578 inquit,
573 1502 629 1581 qui
651 1521 708 1565 uos
732 1513 987 1584 praecesseram,
1005 1501 1202 1566 Pantaenuro
1224 1501 1328 1566 sirum
1345 1502 1442 1564 illum

330 1599 473 1676 beatum,
496 1609 528 1665 et
549 1601 713 1666 dominum
729 1622 849 1680 meum,
865 1612 898 1667 ct
911 1603 1108 1669 Clementem
1127 1603 1292 1666 dominum
1317 1619 1441 1676 meum,

330 1699 386 1778 qui
407 1709 440 1764 et
459 1700 585 1782 adiuvit
607 1722 679 1781 me,
702 1716 734 1769 et
753 1707 854 1786 siquis
874 1706 958 1770 alias
976 1705 1060 1779 talis,
1077 1723 1135 1784 per
1148 1722 1231 1783 quos
1245 1704 1277 1766 in
1293 1703 1339 1766 tui
1355 1701 1443 1781 (Ori-

329 1801 428 1882 genis)
451 1805 595 1868 notitiam
619 1809 703 1882 seni,
726 1825 784 1886 per
808 1808 913 1870 omnia
935 1806 1046 1886 optimi
1069 1813 1101 1870 et
1117 1804 1236 1868 domiui
1252 1803 1315 1868 urei
1340 1811 1371 1867 et
1387 1820 1445 1884 pa-

331 1904 399 1967 tris.
418 1922 434 1962 a
455 1903 530 1971 Nou
550 1907 687 1972 credidit
706 1905 910 1972 Theoteonus
932 1908 999 1988 (elii
1021 1905 1236 1984 Theoctistus)
1264 1903 1444 1969 Caesareae

330 2003 531 2071 Palaestinae
552 2009 734 2089 episcopus,
757 2010 813 2089 qul
835 2009 969 2090 Origenl
990 2008 1076 2090 opud
1097 2025 1133 2072 se
1155 2006 1282 2086 degenti
1303 2013 1446 2087 potesta·

332 2115 395 2170 tem
423 2107 499 2171 lecit
518 2108 558 2171 tle
578 2109 740 2190 superiori
755 2110 828 2174 loco
843 2109 977 2174 docendi
992 2109 1161 2190 populum.
1176 2107 1218 2173 Et
1233 2108 1289 2172 illo
1302 2125 1377 2172 saue
1392 2113 1445 2172 est

329 2203 533 2271 Thenteouus
554 2210 618 2288 qui
628 2209 713 2289 apud
731 2209 883 2274 Photium
898 2209 977 2274 Coti.
992 2206 1062 2275 118.
1081 2207 1235 2274 Demetrii
1250 2216 1382 2274 accusat
1396 2208 1444 2270 in·

331 2307 446 2370 sidiam
468 2315 500 2370 et
520 2308 631 2372 odium
653 2311 684 2373 iu
700 2307 894 2389 Origenem:
912 2309 984 2374 «Er
1000 2310 1057 2373 hur
1078 2327 1191 2374 consus
1212 2310 1312 2392 offert,
1329 2307 1445 2389 quihus

329 2425 435 2470 omnes
454 2405 529 2472 iilos
550 2411 729 2474 calumnior
748 2408 785 2474 iu
805 2410 909 2491 ipsum
930 2409 1092 2491 eruperint
1101 2430 1113 2492 3
1131 2411 1220 2475 etsie
1235 2429 1293 2491 per
1309 2410 1446 2474 ostraci-

329 2525 435 2573 smum
457 2511 594 2574 exulare
614 2519 800 2592 cogeretur,
822 2514 979 2594 probrum
999 2513 1159 2576 sustinens
1178 2512 1218 2576 dc
1233 2529 1292 2576 sna
1309 2509 1370 2573 lide
1387 2510 1448 2574 ini·

335 2611 576 2692 ocissimum.»
599 2611 714 2694 Neque
735 2614 864 2678 demum
886 2615 1022 2678 credidit
1042 2613 1243 2698 Porphyrius
1270 2611 1388 2678 Christi
1415 2619 1451 2676 et
1587 2651 1588 2704 3

332 2714 583 2780 christianorum
606 2717 717 2794 hostis,
741 2718 780 2779 de
801 2717 941 2796 Origene
962 2717 1202 2796 obstupescens,
1222 2714 1309 2797 qnod
1325 2713 1447 2780 Christi

333 2815 482 2896 dogmata
503 2827 697 2897 sequeretur
717 2823 809 2896 (teste
830 2817 973 2882 Eusebio
986 2817 1071 2882 libro
1089 2815 1144 2879 Vl.
1166 2837 1194 2882 o.
1209 2815 1313 2895 Xlll.)
1328 2834 1366 2880 ac
1380 2833 1447 2880 uua

334 2918 574 2998 ohelnpesoens,
587 2921 682 2984 sicuti
698 2921 798 3000 paulo
819 2928 892 2982 aute
913 2920 993 2995 disi,
1016 2918 1057 2981 de
1077 2918 1175 2980 laude
1196 2917 1266 2999 ejus
1290 2917 1445 2992 maxime,

334 3036 432 3099 quam
454 3018 590 3100 adeptus
612 3030 681 3083 eret
703 3024 734 3085 iu
756 3019 929 3099 Ecclesia,
951 3030 984 3083 et
1001 3020 1093 3083 valde
1109 3021 1339 3098 comprobatus
1352 3019 1394 3083 oh
1408 3035 1448 3082 ea

334 3136 419 3197 queo
441 3119 620 3200 reliqueret
641 3121 757 3200 ingenii
778 3121 828 3184 sui
852 3127 1057 3183 monumenta
1069 3139 1081 3199 3
1107 3129 1136 3180 et
1150 3118 1243 3200 eujus
1256 3116 1375 3198 ploriu,
1390 3117 1447 3181 ad·

333 3219 401 3295 dil,
425 3220 513 3300 opud
532 3219 694 3283 doetrinae
714 3221 810 3302 hujus
829 3220 1000 3302 mopirtror
1020 3217 1141 3282 enimin
1162 3219 1300 3282 hahetur.
1322 3218 1355 3283 Si
1381 3227 1447 3282 tam

336 3319 582 3383 honoratissime
605 3321 758 3384 memoria
781 3319 929 3401 Origenis
952 3338 1067 3384 nomeu
1088 3321 1173 3401 opud
1195 3319 1360 3385 Ecclesiae
1381 3338 1447 3383 ma·

338 3420 467 3498 gistros,
494 3429 527 3485 et
552 3425 582 3484 in
610 3423 672 3484 vila
699 3433 732 3484 et
754 3429 826 3502 post
847 3431 984 3486 mortem
1005 3423 1209 3487 cumulatum
1232 3421 1294 3485 init
1314 3441 1355 3486 ex
1370 3421 1450 3486 Por·

339 3524 445 3608 phyril
470 3524 650 3587 testimonio
674 3525 733 3586 riri
756 3525 824 3586 sine
845 3524 987 3602 partium
1008 3522 1116 3585 studio
1137 3523 1341 3602 eloquentis,
1365 3521 1449 3587 unde

332 3624 481 3703 Origeuis
499 3625 645 3704 impietas
660 3623 825 3687 Christum
842 3623 1110 3703 blasphemantis,
1126 3632 1157 3687 et
1171 3639 1358 3703 pravorum
1376 3623 1454 3703 dog·

336 3733 457 3790 matum
479 3722 699 3790 institutoria?
720 3723 763 3804 tl)

410 3947 447 4022 (1)
467 3947 502 4005 In
514 3949 634 4007 utendis
651 3948 768 4006 Eusebii
789 3948 958 4006 testimoniis
970 3963 1036 4021 prae
1046 3945 1177 4005 manibus
1188 3945 1275 4005 hebui
1290 3945 1449 4004 linitionem

335 4041 453 4100 ioannis
469 4042 589 4101 Dedraei
608 4043 722 4100 Parisiis
745 4059 791 4100 an.
812 4041 893 4100 1581.
913 4043 1042 4116 quumvis
1059 4042 1207 4117 aliquando
1224 4041 1261 4099 sd
1279 4041 1450 4116 quaestionis

334 4133 564 4286 perspicuitatem
589 4135 704 4196 niueam
728 4133 858 4194 consului
882 4133 1127 4196 celebratissimem
1149 4151 1215 4194 oum
1241 4133 1316 4192 uohs
1333 4127 1449 4192 Heurici

363 4226 452 4286 eleni.
