3186 4946
326 445 462 512 tionibus
483 447 683 529 praeberent.
705 449 811 532 Siquis
831 468 910 533 ergo
938 453 1008 518 vult
1036 453 1168 519 eredere
1199 453 1276 520 mihi
1297 452 1329 516 lu
1349 469 1425 519 cou-

325 557 438 631 spcctu
456 551 512 616 liei
528 551 686 632 loquenti,
701 553 797 618 etiam
812 553 851 618 de
866 555 927 631 his,
942 574 1026 636 quae
1041 557 1072 620 in
1095 555 1238 638 Epistola
1261 573 1331 620 mea
1352 571 1427 620 con·

325 649 396 714 dcta
417 661 492 716 snut
512 662 545 717 et
564 654 681 718 inserta
703 656 823 738 credat.
845 653 899 719 Sin
920 665 1029 720 autem
1050 658 1122 739 quis
1143 675 1206 722 non
1226 656 1351 733 credit,
1371 654 1426 719 sed

326 751 398 815 vult
417 752 456 816 de
478 755 632 845 me'male
652 755 754 836 inqui,
777 756 854 819 mihi
875 758 1004 837 quidem
1026 759 1104 821 nihil
1125 758 1231 821 damni
1258 757 1424 822 conieretr

325 854 387 916 crit
407 863 514 918 autem
536 857 602 936 ipse
621 856 721 920 inlsns
737 859 824 920 testis
839 859 922 937 apud
940 856 1055 935 ileum,
1071 861 1226 922 adsersus
1242 860 1427 939 proximum

324 973 420 1020 sunm
437 960 649 1022 testimouium
666 959 780 1024 ialsnm
795 959 845 1022 rel
861 961 980 1036 diceus,
998 962 1048 1024 vel
1063 962 1240 1024 dicentibus
1254 961 1425 1024 credens.»

325 1053 442 1122 Confer
464 1059 679 1141 appendicem
699 1058 791 1123 Tomi
813 1057 867 1123 tv.
890 1059 1035 1141 Operum
1056 1061 1202 1141 Origenis
1223 1078 1293 1141 pag.
1315 1057 1366 1124 51.

407 1157 454 1224 Ex
477 1162 646 1244 hucusque
666 1162 831 1243 descriptis
854 1169 922 1226 tum
943 1181 983 1225 ex
1005 1161 1193 1242 Hieronymi
1217 1171 1284 1226 tum
1307 1157 1426 1224 Rudini

326 1260 533 1342 depositione,
557 1265 695 1327 maxima
716 1263 881 1344 Epistolae
905 1283 978 1345 pars
999 1266 1088 1329 uoltis
1114 1266 1288 1329 exhibetur
1316 1261 1355 1326 ad
1378 1260 1424 1323 di·

325 1366 538 1444 gnoscendnm
559 1366 663 1446 qualis
684 1363 830 1447 Origenie
853 1385 952 1442 meus,
974 1375 1007 1430 et
1025 1367 1130 1448 qualis
1152 1365 1296 1448 eiusdem
1317 1362 1425 1428 condi·

327 1469 502 1531 lineorum
526 1468 718 1532 adversariis
746 1469 835 1544 suis,
857 1485 895 1532 ac
922 1467 1062 1546 dogmati
1090 1468 1250 1531 catholico
1277 1465 1425 1529 intensis:

326 1586 474 1650 quaeque
494 1588 570 1635 sane
592 1569 684 1633 valde
704 1569 938 1644 lamentabilis,
971 1587 1044 1632 enm
1067 1569 1141 1632 talia
1173 1585 1235 1632 non
1263 1566 1425 1635 modicum

322 1673 354 1735 in
375 1669 517 1736 Ecclesia
531 1670 717 1736 scandalum
733 1669 909 1734 detulerint
917 1690 928 1749 3
948 1669 1090 1748 tantique
1112 1671 1242 1748 iusuper
1264 1667 1322 1729 riri
1344 1666 1427 1727 hano

324 1790 427 1856 usqne
447 1774 530 1836 diem
553 1773 668 1838 lamam
692 1773 828 1836 tenebris
849 1771 1064 1835 obvolverint.
1082 1770 1229 1832 Attamen
1252 1785 1424 1833 nonnemo

323 1875 528 1956 praejudiciis
549 1881 719 1954 exemptus
740 1873 913 1953 inspexerit
938 1870 1101 1952 Epistulae
1122 1871 1305 1944 dictamina,
1322 1869 1426 1949 perci·

323 1978 390 2056 piat
410 1991 542 2056 quoqne
561 1992 689 2040 neccsse
709 1981 780 2050 est,
802 1990 867 2056 qua
887 1974 983 2036 animi
1013 1974 1229 2053 ingenuitate,
1253 1975 1370 2052 pietate
1391 1979 1425 2035 ct

322 2077 489 2142 alacritate
509 2077 618 2150 simul,
641 2074 744 2140 ileum
767 2084 877 2138 testem
899 2075 1073 2155 compellet
1091 2073 1245 2155 Origenes
1268 2075 1310 2152 (in
1332 2074 1426 2156 cuins

322 2188 495 2259 conspeetu
516 2198 550 2242 se
571 2178 660 2259 loqui
683 2176 864 2258 profitetur)
891 2195 950 2255 pro
970 2195 1048 2240 snae
1073 2175 1145 2238 fidei
1170 2175 1364 2239 rectitudine
1391 2179 1423 2238 in

322 2281 454 2362 negotiis
468 2283 659 2345 christianae
675 2281 835 2360 religionis
851 2266 1022 2342 tract'rndia
1031 2299 1042 2358 3
1058 2287 1090 2342 ct
1105 2279 1242 2359 amplius
1254 2278 1344 2358 quali
1356 2297 1424 2340 mn·

321 2381 499 2460 deratione,
520 2383 703 2461 evangelica
719 2382 875 2444 charitate
888 2379 1035 2454 sulinltu,
1050 2391 1160 2442 contra
1176 2380 1359 2443 sacerdotes
1374 2379 1421 2441 di-

321 2493 451 2567 sputet,
473 2504 490 2547 u
513 2485 630 2564 qnihns
661 2485 883 2546 communione
905 2483 1119 2546 ecclesiastica
1149 2482 1294 2561 indignus
1318 2481 1429 2544 luerat

317 2585 490 2668 judicatus.
514 2584 743 2650 Verumtamen
766 2585 826 2647 hoc
843 2583 1005 2666 Epistulae
1020 2584 1248 2648 documentum
1263 2601 1337 2648 cum
1353 2583 1426 2662 plu·

321 2706 372 2751 res
391 2707 491 2769 super
512 2707 545 2751 se
566 2689 693 2752 insonet
714 2687 945 2761 discussiones,
967 2687 1100 2750 seorsim
1122 2694 1156 2748 et
1177 2695 1329 2750 accurata
1356 2684 1426 2764 ejus

319 2790 420 2854 -rerlta
442 2791 675 2872 expendentur.

400 2890 544 2956 Primum
563 2890 712 2972 quidem,
736 2907 810 2954 cnm
835 2889 918 2953 iuter
946 2890 1026 2953 dnos
1056 2890 1190 2952 invicem
1219 2887 1428 2968 digladiantes

321 2994 405 3056 circa
428 2998 597 3073 pericopae
611 3011 738 3056 sensnm
753 2995 784 3055 iu
802 2989 957 3071 Epistola,
975 2991 1073 3054 nolim
1087 2991 1188 3072 juder
1203 2999 1302 3063 stara,
1317 3003 1423 3068 eoque

320 3097 419 3174 magis
441 3114 514 3159 cum
537 3113 620 3158 nnnc
634 3096 714 3158 desit
726 3101 833 3158 textus
848 3111 994 3173 graecus,
1012 3109 1109 3173 quem
1127 3104 1264 3172 uterque
1278 3089 1316 3152 sd
1331 3105 1423 3152 suam

320 3206 444 3278 partem
461 3197 577 3271 trahit,
600 3198 748 3277 ideoque,
765 3217 804 3260 ne
827 3194 1012 3258 temeritatis
1034 3211 1165 3273 arguar,
1187 3192 1227 3256 alt
1252 3192 1312 3256 hac
1328 3207 1427 3270 qnae·

320 3297 422 3360 stione
443 3297 564 3361 desino:
587 3301 731 3361 conscius
748 3299 877 3377 insnpcr
898 3295 1005 3376 quoad
1027 3294 1169 3376 ejusdem
1184 3309 1331 3374 scopum,
1349 3290 1426 3354 mihi

320 3399 396 3462 satis
417 3417 496 3475 esse,
521 3399 619 3462 veluti
641 3405 733 3461 antea
755 3398 839 3474 diui,
861 3398 928 3460 sive
949 3413 1064 3476 nempe
1086 3393 1243 3469 Rudinus,
1265 3394 1332 3458 sire
1352 3387 1428 3454 lite-

321 3517 475 3586 ronymns
498 3500 608 3563 tulerit
630 3510 785 3579 punctum
812 3501 843 3562 in
864 3499 1127 3580 interpretatione
1150 3496 1246 3576 liujus
1276 3509 1427 3574 paragra·

320 3603 396 3681 phi,
420 3602 625 3667 nihilominus
648 3601 800 3682 utrinque
822 3603 1022 3682 apertissime
1044 3599 1137 3662 iidem
1157 3596 1288 3660 solidari
1312 3595 1425 3674 Orige-

318 3704 364 3766 nis
385 3703 425 3766 de
446 3703 606 3766 daemonis
628 3704 845 3783 perpetuitate
874 3702 1093 3766 damnationis.
1123 3699 1150 3762 Α
1180 3717 1244 3780 qua
1271 3695 1425 3762 sententia

317 3821 374 3866 uec
395 3805 462 3885 ipse
486 3807 615 3868 recessit
637 3823 777 3887 nnqnsm
789 3825 800 3884 ;
823 3822 926 3885 neque
948 3825 966 3866 e
988 3802 1134 3866 lidelihns
1154 3799 1348 3883 quempiam,
1365 3795 1424 3858 uisi

320 3913 425 3968 menta
446 3916 595 3988 captum,
620 3908 695 3970 hnic
716 3907 853 3987 dogmati
884 3906 1010 3968 mentiri
1040 3923 1130 3986 possa
1163 3903 1312 3984 putastis
1336 3897 1424 3978 quod

319 4007 495 4086 plurimum
517 4017 707 4088 argumento
729 4007 869 4087 prolicit.

396 4107 555 4187 Secundo,
577 4130 618 4173 ex
640 4109 759 4174 eisdem
778 4109 895 4173 litteris
916 4110 1059 4184 cruitur,
1081 4124 1145 4188 qna
1169 4105 1292 4168 ratione
1312 4098 1427 4178 Orige-

315 4227 369 4273 nes
390 4213 432 4274 olt
453 4213 621 4276 criminum
646 4212 815 4277 falsitatem
839 4213 935 4291 (unde
956 4211 1185 4292 episcoporum
1215 4207 1370 4288 probrum
1392 4201 1426 4262 iu
