3138 4950
113 461 215 527 qnam
237 442 388 526 Procopii
409 445 442 510 ln
462 445 579 510 celeris
610 444 703 512 libris
723 445 927 526 percurrerit
959 447 1174 534 narrationes,
1196 465 1230 510 a·

110 549 237 612 nimam
257 543 298 608 ad
317 545 406 610 benc
424 543 577 610 libellum
597 552 711 626 pacate
731 545 914 610 intenderit

192 643 271 710 ideo
293 645 368 710 talia
398 643 562 709 Aascdete
593 646 625 708 in
645 646 708 710 boc
735 646 811 710 loco
831 645 893 710 snb
914 647 1036 712 trutina
1068 666 1229 716 revocare

109 748 193 814 utile
205 745 299 820 duni,
314 745 566 828 diligentiusque
581 748 797 828 perscrutari,
816 747 980 826 conlsrre,
994 749 1118 814 librare
1139 768 1226 830 quaa

107 850 149 914 ad
177 850 255 914 tanti
282 847 491 929 imperatoria
515 848 702 916 conducunt
731 851 948 930 ignominiam.
979 849 1077 927 Quod
1098 855 1225 934 potissi·

109 968 199 1015 mnm
214 966 438 1031 assequemur,
455 947 540 1014 dicta
562 949 661 1030 hujus
678 947 842 1014 Historiae
862 951 979 1016 ceteris
999 962 1224 1034 comparantes
1327 1037 1333 1044 .

106 1051 187 1115 alibi
207 1051 249 1114 ab
269 1050 384 1114 eedem
399 1049 565 1128 Scriptura
586 1051 717 1114 acute:
734 1069 819 1132 quae
839 1052 899 1116 sibi
922 1059 1038 1116 mutuo
1059 1059 1223 1120 contraire

108 1152 274 1217 ridentur.
299 1148 402 1214 lutmo
423 1160 568 1230 apertam
593 1151 782 1232 hujusmodi
803 1153 976 1217 inrelrnnt
995 1153 1223 1220 contradictio·

105 1274 193 1330 nem,
215 1260 253 1318 nt
285 1272 386 1344 unqua
407 1263 441 1318 et
468 1253 620 1322 eumdem
641 1253 821 1320 Auctorem
854 1255 931 1320 talla
953 1256 1222 1338 animuinpenno

105 1356 289 1435 posteritati
312 1355 480 1420 tradidisse
507 1354 604 1421 raldo
624 1355 839 1430 dubitandum
859 1365 954 1422 esset:
977 1357 1030 1421 sel
1044 1358 1151 1437 potins
1171 1376 1219 1422 as·

102 1455 277 1521 serendum
298 1457 512 1536 praecipuum
543 1456 632 1520 illies
653 1472 787 1535 scopum
810 1475 850 1520 eo
871 1457 1048 1534 intendere,
1075 1466 1113 1522 ut
1143 1459 1221 1522 tanti

107 1561 171 1622 siri
191 1557 330 1637 gloriam
352 1559 383 1620 in
404 1555 567 1621 inlamism
588 1565 816 1622 converteret:
847 1565 880 1622 et
898 1559 991 1637 siqua
1013 1559 1044 1622 iu
1066 1556 1221 1624 lastinia-

105 1678 147 1722 no
168 1658 319 1736 tortasse,
343 1667 380 1723 ut
409 1660 549 1723 bominis
569 1669 630 1734 est,
664 1660 769 1722 minus
800 1658 966 1738 probanda
996 1668 1219 1736 cerneretur

103 1779 240 1842 qnoque
260 1761 446 1838 adornasse,
470 1761 707 1841 utplurimum
729 1760 902 1824 indecorae
933 1762 1133 1842 maximique
1152 1779 1220 1827 mo·

103 1863 204 1926 menti
226 1870 458 1942 reputarentur
478 1863 606 1942 culpae.
624 1859 659 1924 ln
673 1879 771 1942 quem
789 1869 895 1926 mmen
911 1861 1165 1942 disquisitionem
1186 1869 1220 1926 et

101 1963 312 2026 collationem
334 1980 396 2028 non
412 1971 449 2026 ut
470 1964 594 2041 primus
615 1963 741 2037 incedo,
764 1963 818 2028 sed
836 1963 978 2028 aliorum
992 1962 1148 2042 colligens
1165 1963 1220 2044 ju·

102 2067 225 2129 dicium
240 2073 274 2128 et
287 2065 531 2128 observationes
542 2066 619 2128 bule
632 2066 730 2144 capili
744 2082 925 2129 conseram.
940 2065 975 2128 ln
989 2065 1109 2144 quibus
1124 2081 1219 2143 prae·

102 2165 195 2230 cellit
224 2166 428 2245 subscriptos
453 2167 485 2228 ln
508 2163 617 2239 Libro,
650 2167 703 2228 cui
726 2166 861 2230 titulus:
892 2163 1099 2244 imperatoris
1117 2161 1219 2230 Iusti-

101 2267 198 2332 sts'usu'
213 2263 352 2347 defensio
372 2269 525 2332 cdocrm
540 2267 765 2341 Alcmeonem,
783 2275 909 2328 auctore
927 2264 1043 2332 Titemo
1063 2262 1158 2329 lls’cio
1171 2284 1219 2328 re-

100 2369 152 2449 ps's
174 2369 311 2450 duplica
331 2372 497 2444 aduocato,
517 2379 650 2434 curuata
667 2366 791 2433 leucoe
814 2367 955 2432 Eicltslt'o
974 2376 1037 2432 etc.

186 2470 235 2535 Ac
256 2475 386 2536 interint
406 2489 500 2536 nemo
515 2475 654 2552 ipoeret,
672 2473 753 2535 deas
769 2487 937 2536 mensuras
955 2471 1016 2536 sibi
1038 2473 1238 2551 comparas·¹

102 2591 138 2636 se
163 2571 358 2653 Procopium
380 2574 411 2634 in
426 2570 601 2638 iustiniani
626 2571 763 2636 texenda
786 2572 934 2649 historia,
950 2589 1047 2634 noem
1069 2581 1108 2636 ut
1127 2571 1221 2634 illum

103 2675 283 2754 etquidem
301 2676 378 2755 jure
399 2675 553 2738 encomiis
573 2674 749 2739 adornaret
764 2682 918 2754 tanquam
932 2673 1222 2738 celebratissimum

100 2779 134 2839 in
157 2777 335 2840 virtutibus
359 2781 479 2851 virum,
502 2784 535 2840 et
555 2779 692 2840 alteram
719 2786 755 2842 nt
776 2776 925 2841 eumdem
948 2775 1120 2856 vituperiis
1139 2793 1222 2855 quo·

102 2879 343 2958 modocumqnc
360 2879 505 2942 studiose
517 2881 715 2954 cumularet,
728 2881 774 2941 nti
792 2877 954 2941 bominem
970 2878 1001 2939 io
1018 2877 1100 2938 vitiis
1115 2876 1221 2955 perdi·

103 2981 274 3044 tissimum.
300 2977 365 3042 llas
386 2988 495 3044 autem
518 2980 599 3044 duas
631 2997 799 3043 mensuras
820 2978 1008 3042 loculenter
1028 2977 1220 3057 significavit

103 3083 135 3144 in
158 3081 426 3159 praelationibus,
449 3099 530 3161 quas
551 3079 716 3144 Historiae
748 3080 884 3142 bellicae
906 3081 1085 3158 praemisit,
1115 3077 1219 3142 Libris

101 3181 138 3242 dc
159 3177 338 3259 Aedificiis,
359 3187 393 3244 et
413 3181 593 3257 decedatis,
625 3199 710 3261 qnae
730 3181 792 3246 sub
812 3180 959 3246 Arcanos
979 3177 1143 3242 Historiae
1163 3197 1219 3243 oo·

102 3285 188 3346 mine
212 3285 353 3348 veniunt.
375 3281 434 3346 His
455 3284 538 3346 enim
560 3283 645 3345 inter
676 3299 710 3344 se
732 3280 860 3344 collatis
884 3279 1026 3360 seriptis,
1050 3278 1217 3342 manifesta

100 3382 243 3448 duarum
264 3401 504 3458 mensurarum,
521 3383 642 3464 qnlbns
655 3400 733 3446 nans
747 3388 796 3444 cst
813 3380 1003 3461 Procopius,
1026 3380 1217 3459 praelucent

101 3483 233 3561 indicia,
248 3488 318 3550 sive
339 3486 525 3565 antiloq'lae,
549 3487 579 3548 in
595 3503 693 3564 qoam
715 3483 837 3563 incidit,
853 3490 1035 3563 utcumque
1054 3483 1121 3561 ipse
1141 3481 1218 3546 sub-

102 3585 246 3666 terlnqia
260 3587 301 3648 ab
322 3606 358 3650 ea
371 3587 527 3652 evadendi
541 3589 705 3670 exquirat.
723 3583 812 3650 llaec
827 3585 927 3665 igitur
947 3585 980 3648 iu
993 3601 1021 3646 c.
1040 3581 1064 3646 l.
1086 3581 1174 3646 Libri
1190 3582 1214 3645 l.

100 3683 146 3750 Dc
167 3685 245 3750 bello
260 3688 386 3767 persice
405 3689 528 3752 scribit.

188 3789 408 3870 «Procopius
432 3793 641 3856 caesariensis
672 3789 772 3864 bella,
793 3804 878 3869 qnae
904 3804 978 3850 cum
1004 3783 1219 3848 orientalibus

99 3899 133 3954 et
153 3891 194 3954 ad
216 3891 377 3956 Oeensem
399 3895 510 3972 positis
531 3891 679 3958 barbaris
699 3899 787 3972 qesta
808 3897 922 3954 sunta
950 3887 1135 3953 iustiniano
1164 3903 1216 3950 ro·

97 4009 272 4058 manorum
293 3993 503 4074 imperatore,
524 3993 723 4074 singulatim,
739 4000 776 4057 nt
798 4009 848 4054 res
868 4009 903 4054 se
925 3989 1123 4063 babuerunt,
1139 4002 1215 4049 con-

96 4091 238 4173 scripsit:
254 4109 306 4171 ne,
324 4099 533 4176 posteaquam
549 4095 632 4160 iacta
647 4093 786 4174 ingentia
800 4091 1014 4173 longinquum
1028 4106 1146 4154 aevum
1161 4106 1214 4152 oc·

98 4195 603 4360 ⁰⁰P¹l0¹¹7ullllsnttudepreesidie
616 4195 803 4263 litterarum
816 4211 855 4258 ea
872 4192 977 4257 tradat
988 4192 1157 4359 οῠΙίἑὲοιιί,
1173 4207 1211 4254 ec

246 4313 287 4356 o.
359 4342 366 4358 .
