3042 4940
322 404 384 480 tttt

318 513 442 581 Mirum
458 522 567 582 uatem
584 519 688 585 rltleri
709 527 827 604 potest,
843 523 931 605 qunti
952 536 1111 606 nusquam
1132 543 1206 590 enm
1222 523 1439 608 reprehensis·

320 616 366 681 rit
387 633 521 698 maguus
541 620 598 684 ille
618 623 867 702 origenistarum
888 625 1095 690 novenarius
1106 645 1132 690 s.
1149 624 1361 708 Epiphanius,
1382 643 1439 688 ue-

319 735 385 800 quo
406 722 438 782 iu
460 721 594 799 epistola
610 723 819 788 ati-loannem
843 727 1162 810 uterosotpmirannm
1185 728 1262 806 (etsi
1285 731 1315 788 in
1336 743 1374 790 ea
1396 725 1437 788 sie

319 822 500 900 origenistis
521 821 663 898 locutus,
686 823 854 889 Ruliluous
876 833 909 888 et
924 825 1105 890 Palladium
1127 827 1262 905 incuset)
1284 825 1439 908 sequela

317 917 478 995 Pooorio,
494 923 548 986 ubi
562 925 604 987 ds
617 926 766 990 omnibns
787 925 986 1005 haeresibus,
1002 935 1100 1008 atque
1121 927 1303 1008 praecipuis
1323 943 1438 989 urum

318 1025 461 1104 patronis
476 1036 658 1091 sermonem
674 1028 782 1103 habet,
798 1045 904 1110 neque
924 1029 956 1090 ia
969 1029 1041 1092 ullo
1063 1029 1129 1092 alio
1143 1045 1267 1108 opere.
1285 1073 1294 1089 .
1310 1072 1318 1089 .
1336 1025 1439 1090 lrurno

317 1141 360 1188 ne
379 1126 410 1190 iu
431 1125 717 1210 Synndoquitlem,
739 1149 837 1212 quarn
859 1130 890 1194 in
912 1129 1016 1196 Nitritt
1032 1129 1073 1192 ad
1094 1128 1352 1194 condemnandos
1370 1129 1437 1193 uri·

318 1227 456 1307 genistas
472 1230 587 1294 babuit
601 1229 813 1312 Theophilus,
831 1234 900 1297 ulla
921 1229 1050 1316 Didymi
1067 1234 1186 1296 mentio
1201 1232 1285 1296 lacte
1307 1238 1376 1296 este
1391 1229 1440 1296 uti

319 1345 362 1392 aa
376 1345 416 1391 oo
429 1329 561 1411 colligo,
577 1333 664 1413 quod
682 1331 902 1415 Hieronymus
916 1335 948 1396 in
965 1333 1100 1414 epistola
1113 1329 1183 1399 tea.
1194 1332 1234 1396 ati
1248 1329 1436 1414 Ctesiphon·

320 1435 398 1506 teus,
420 1431 540 1495 multos
561 1451 754 1500 enumerans
783 1453 820 1499 ao
842 1435 1019 1512 nominans,
1045 1434 1102 1515 qui
1116 1434 1147 1496 lu
1163 1451 1203 1498 eo
1223 1432 1368 1499 Concilio
1386 1431 1440 1496 ie·

317 1533 417 1595 saneti
439 1545 526 1609 eunt,
550 1532 723 1617 Didymon}
744 1552 807 1600 non
828 1543 1107 1600 commemoret.»

403 1631 552 1698 Fortasse
567 1636 711 1716 qnidam,
725 1645 760 1700 nt
774 1639 916 1719 ationem
932 1644 1138 1719 praetextum
1151 1639 1314 1718 reperiant
1325 1636 1438 1701 atreo

324 1751 379 1797 sus
405 1735 623 1799 orthodoxam
639 1735 767 1819 btapmt
788 1739 982 1815 doctrinam,
1001 1735 1151 1819 objicient
1172 1755 1257 1818 qnae
1275 1737 1332 1802 ille
1346 1739 1377 1802 lu
1395 1735 1438 1801 tt-

318 1833 508 1898 narratione
529 1835 693 1917 Epistolae
715 1836 741 1901 l.
763 1839 848 1903 beati
871 1838 958 1903 Petri
979 1857 1009 1904 c.
1034 1836 1060 1903 l.
1076 1857 1107 1902 u.
1128 1835 1182 1904 12.
1205 1857 1248 1904 ex
1269 1841 1382 1904 alictisr
1402 1837 1436 1902 is

324 1955 403 2018 pune
423 1935 651 2018 concupiscunt
675 1937 783 2020 angeli
800 1939 992 2022 prospicere,
1007 1942 1064 2005 eit:
1080 1939 1219 2022 «Siquis
1239 1943 1434 2006 existimare·

320 2038 364 2102 rit
379 2041 561 2120 quaesitans
577 2059 594 2104 a
611 2043 775 2122 prophetis
788 2044 928 2108 sulutem
938 2046 970 2107 in
986 2043 1049 2107 line
1063 2042 1173 2108 mundi
1195 2060 1287 2122 esse3
1302 2043 1386 2123 quusi
1405 2041 1434 2106 iu

320 2140 470 2202 omnibns
483 2149 517 2203 ut
532 2142 563 2202 iu
586 2159 714 2205 summo
738 2151 785 2204 eet
809 2143 967 2222 appetitu,
981 2161 1056 2208 cum
1071 2143 1171 2222 ipsius
1194 2142 1325 2222 putten
1343 2158 1432 2206 musa

318 2239 383 2302 alia
398 2249 512 2303 cuncte
537 2241 631 2316 huot,
646 2242 751 2322 ipsura
765 2259 855 2319 roro,
867 2241 963 2323 cuius
977 2259 1074 2306 cause
1098 2242 1220 2306 nullius
1243 2243 1318 2321 (nou
1338 2241 1426 2320 aliosi

320 2341 453 2421 agitur;
476 2358 539 2404 unu
559 2342 616 2406 abs
637 2361 675 2406 re
695 2342 874 2406 criterium
900 2343 1034 2424 intelligi
1055 2341 1095 2406 de
1114 2343 1232 2408 sanctis
1253 2343 1382 2425 augelis,
1401 2349 1429 2408 et

317 2441 509 2520 simpliciter
522 2445 646 2508 cunetis
662 2444 762 2507 beatis
776 2443 989 2508 rationalibus
1010 2443 1221 2521 hecdicium,
1238 2461 1315 2508 cuns
1330 2461 1428 2508 omna

319 2545 499 2624 appetitum
523 2546 661 2609 habeant
681 2545 866 2626 prospicere
889 2563 940 2622 ea,
962 2562 1047 2627 pure
1063 2547 1094 2608 ia
1116 2544 1178 2609 tine
1192 2547 1296 2610 seculi
1310 2553 1381 2610 suut
1398 2561 1427 2608 s·

320 2645 432 2726 gemla.
457 2642 493 2710 Si
512 2665 585 2709 cera
617 2645 717 2710 aliem
737 2647 901 2726 pemrdom
922 2657 1039 2712 erutam
1054 2647 1207 2711 'sitierant
1225 2649 1347 2712 beatum
1366 2645 1428 2731 (per

317 2765 355 2811 eo
373 2765 453 2828 quoe
481 2747 618 2811 reuelato
637 2757 712 2812 sunt
732 2767 754 2810 o
776 2743 893 2810 &acto
917 2745 1040 2828 Spiritu
1065 2747 1122 2826 eir,
1144 2748 1202 2831 pai
1232 2747 1427 2831 Boonpeiisn

318 2859 523 2929 susceperuut
529 2851 546 2926 )
557 2858 684 2930 praeter
697 2867 779 2924 eum,
793 2849 852 2930 qni
871 2847 974 2913 dictes
985 2859 1040 2926 est,
1060 2849 1229 2914 «licentium
1245 2859 1302 2927 cst,
1322 2859 1351 2914 et
1366 2865 1427 2913 ece

317 2949 476 3032 capiscere
490 2950 525 3013 irs
545 2970 614 3015 erem
624 2949 802 3032 prospicere
817 2952 960 3032 capsim,
973 2950 1031 3034 psi
1048 2951 1085 3018 in
1098 2949 1347 3032 aoespressicrse
1362 2967 1426 3034 pse

319 3052 394 3116 elom
413 3050 537 3118 iacenti
555 3063 641 3116 runt.
672 3051 757 3118 Nom
775 3051 849 3116 licet
867 3050 999 3135 quitiam
1020 3071 1126 3118 cortem
1142 3054 1241 3134 proci
1260 3054 1339 3130 sint,
1357 3061 1424 3117 stre

317 3172 389 3219 mere
403 3153 518 3218 detenti
539 3143 694 3236 supplicia
715 3153 930 3234 resipiscentes
945 3155 1010 3234 (rel
1030 3155 1126 3218 aliter
1146 3155 1361 3237 respicientes)
1374 3170 1425 3216 an·

318 3258 358 3322 ris
377 3257 568 3332 cecideruut,
584 3257 672 3337 poeti
693 3253 785 3320 elium
804 3253 955 3319 studiosis
969 3255 1146 3319 horninibus
1164 3253 1423 3338 compromittitur,

321 3358 477 3424 hebebant
498 3357 687 3424 desiderium
706 3359 755 3421 cet
769 3375 828 3440 per
847 3359 1002 3439 fenestras
1021 3378 1058 3422 eo
1075 3357 1238 3439 respicere.
1254 3379 1272 3419 s

395 3457 462 3525 ‘tlte
474 3461 582 3526 serm'o
602 3461 792 3542 praesertim
808 3458 965 3541 ilassagio
979 3468 1207 3542 argumentum
1222 3459 1369 3542 praebuit
1386 3459 1423 3522 ia·

317 3563 451 3630 eusanii
467 3562 639 3646 Didymon
656 3563 747 3644 quasi
769 3561 901 3626 doceret
914 3562 1103 3628 daemonem
1125 3581 1278 3646 capacem
1298 3581 1365 3628 csse
1383 3575 1424 3622 re·
1519 3593 1520 3596 =

316 3667 511 3747 siplacents'e,
533 3673 566 3730 et
578 3661 831 3729 seleucianae
853 3663 1067 3744 patet'contra
1082 3661 1229 3745 basnagii
1245 3664 1423 3744 opinionon,

289 3819 294 3828 .
320 3765 397 3832 alibi
418 3766 633 3834 iirerslarode
647 3765 782 3830 sensisse
804 3765 981 3828 hucwrem
996 3765 1029 3830 'et
1048 3763 1179 3846 quidem
1195 3763 1372 3830 orthodoxe
1390 3757 1424 3820 ie

311 3868 478 3934 ¹(lausanna
488 3867 737 3933 inconvertibili.
753 3865 854 3928 Antea
867 3885 943 3930 vern
957 3873 1071 3929 uetere
1084 3874 1240 3946 praestat,
1253 3883 1336 3949 quae
1345 3877 1425 3944 prse-

313 3969 404 4035 iatns
436 3969 660 4051 Mingarellius
690 3968 794 4049 iuquit
824 3968 855 4030 in
873 3987 904 4030 o.
931 3965 1005 4031 Xll.
1031 3963 1259 4031 memoreris·
1285 3964 1332 4030 11.
1353 3961 1425 4028 circe
1519 3963 1520 3972 ’

316 4069 448 4154 Didymi
458 4072 649 4135 senteutiam
662 4069 701 4132 tic
710 4069 930 4148 reproborum
942 4070 1050 4149 poenis
1060 4069 1092 4131 iu
1103 4069 1166 4132 rita
1181 4068 1306 4135 iuturus
1316 4055 1423 4140 «Quoi

315 4189 410 4248 reru,
434 4171 558 4245 scribit,
581 4173 721 4252 pertinet
740 4167 781 4232 ati
802 4185 980 4249 poenarum
1003 4169 1213 4236 daemonibus
1233 4185 1272 4234 ac
1291 4157 1419 4245 reprobis

315 4273 511 4342 tructarum
523 4274 761 4352 eeternitatem,
778 4270 860 4338 nibil
872 4272 911 4338 ite
926 4271 1046 4340 addere
1060 4277 1259 4351 neucuecst,
1271 4261 1414 4352 qnam
