3138 4950
325 377 388 448 m
404 480 435 546 S.
458 477 637 562 Gregorius
662 475 799 557 Magnus
820 479 852 541 in
876 475 1013 556 epistola
1033 473 1083 542 38.
1106 470 1195 540 Libri
1212 473 1266 538 tv.
1281 475 1438 540 adsersus

324 582 481 647 ioannem
513 583 700 662 episcopum
722 578 1107 659 constantinopolitanum
1139 579 1302 656 (slterurn
1324 578 1365 640 ab
1385 597 1437 652 eo,

323 682 365 746 de
384 702 452 762 quo
473 681 585 761 supra)
598 681 654 761 qui
670 681 870 744 oecumenici
891 696 1006 742 nomen
1027 679 1087 742 sibi
1104 679 1289 752 rindioeslt,
1311 679 1437 756 inquit:

326 783 401 848 sEt
421 783 498 864 quid
520 783 561 844 de
583 782 643 846 bac
665 797 701 844 re
720 788 852 846 sanctae
874 781 1050 844 memoriae
1071 779 1249 844 decessoris
1263 780 1326 844 urei
1349 777 1439 844 Pela·

324 885 367 966 gii
382 873 493 965 gravia
509 886 547 946 ad
570 886 772 948 sanctitatem
796 890 936 946 restrum
950 882 1072 960 scripta
1096 880 1279 947 transmissa
1299 889 1386 944 sunt.
1403 878 1438 943 ln

324 985 459 1066 quibus,
481 1001 566 1064 qnae
587 983 672 1064 apud
697 1000 753 1048 ros
774 981 814 1044 dc
835 982 944 1046 fratris
963 980 1126 1062 quondam
1150 989 1184 1044 et
1202 979 1440 1046 cemaoerdolis

321 1087 424 1150 uestri
440 1082 592 1166 Gregorii
611 1101 707 1148 causa
730 1089 923 1163 congregata
946 1091 1007 1158 est,
1024 1089 1160 1162 propter
1180 1081 1353 1146 uelandum
1375 1080 1440 1144 ela·

322 1187 420 1250 tionis
441 1185 639 1250 vocabulum
659 1192 732 1247 acta
753 1183 902 1248 dissolvit
923 1194 985 1247 etc.
1002 1201 1020 1242 s
1035 1181 1078 1246 lit
1098 1183 1131 1246 in
1156 1183 1293 1263 epistola
1313 1179 1364 1247 ott.
1388 1181 1437 1245 Li·

323 1285 374 1351 bri
397 1285 469 1350 vlt.
491 1287 601 1351 addite
619 1283 745 1363 «Quod
769 1285 884 1349 beatae
906 1285 1138 1349 recordationis
1158 1284 1310 1366 Pelagius
1331 1283 1438 1348 deces-
1554 1295 1555 1304 ’

321 1407 379 1452 eor
399 1396 508 1454 uester
525 1387 717 1470 agnoscens,
738 1388 845 1452 omnia
867 1395 954 1467 geste
977 1375 1122 1468 ejusde'nt
1144 1386 1263 1472 Synodi
1286 1385 1438 1467 (prester

321 1489 393 1565 illa,
414 1508 499 1570 quac
519 1491 588 1554 illio
601 1490 643 1554 de
660 1507 757 1554 causa
775 1489 976 1552 venerandae
999 1489 1177 1552 memoriae
1198 1485 1352 1566 Gregorii
1371 1485 1438 1566 epi·

320 1593 411 1672 scopi
426 1591 609 1674 antiocheni
629 1601 706 1658 suut
727 1590 854 1667 habital
872 1588 978 1655 valide
1000 1589 1131 1654 omnino
1152 1587 1352 1652 districtione
1371 1603 1439 1652 ess·

321 1693 451 1760 mli.»
1130 1723 1133 1728 ·

403 1793 513 1860 Annos
530 1793 582 1862 dl.
614 1795 804 1876 Anastasius
834 1795 913 1860 exul
935 1793 977 1856 sb
996 1795 1186 1876 episcopatu
1209 1791 1305 1870 risit,
1334 1789 1437 1856 eecle-

320 1894 403 1959 siam
427 1896 652 1961 antiochenam
670 1897 881 1976 ‚gubernante
907 1893 1079 1978 Gregorio.
1103 1891 1202 1958 Hono
1217 1909 1295 1958 sane
1316 1891 1439 1975 Grego-

322 1996 423 2074 rium,
446 1998 504 2078 qui
533 2005 592 2061 ant
612 1997 741 2072 intrusi,
763 2005 823 2061 aut
846 1995 1138 2062 saltembaeretici
1165 1996 1350 2076 suspicione
1379 1995 1437 2058 lus·

322 2099 430 2160 munis
452 2098 506 2161 rix
530 2097 698 2162 rideretur
712 2096 754 2160 nb
768 2113 819 2173 ea,
842 2115 928 2178 guse
949 2097 1152 2166 lastinianus
1165 2095 1439 2165 rniuusortbetis·

321 2212 366 2261 xe
382 2198 604 2278 praesumitur
623 2198 763 2264 edixisse
779 2198 818 2262 de
840 2199 1147 2279 incorruptibilitate
1176 2202 1326 2282 corporis
1345 2197 1437 2263 Cbri-

215 2287 218 2296 ’
320 2297 364 2362 sll
384 2308 459 2362 ante
479 2303 766 2376 resurrectionem,
801 2302 887 2364 bunc
908 2297 1106 2381 Gregoriuns
1127 2301 1265 2366 iratrern
1285 2317 1384 2366 strum
1404 2305 1436 2362 et

325 2400 544 2466 uenerandum
565 2403 753 2483 episcopum
774 2405 918 2466 nominat
939 2421 966 2466 s.
983 2401 1165 2485 Gregorius
1188 2400 1339 2484 Magnus.
1355 2401 1434 2468 ilem
1557 2467 1558 2472 ,

324 2501 369 2564 ab
388 2500 517 2565 Andros
546 2504 683 2567 ore-tonsi
708 2514 741 2570 et
762 2504 793 2566 in
814 2501 957 2566 Menaeis
978 2521 1172 2584 graecorum
1199 2505 1286 2568 inter
1311 2509 1436 2567 sanctos

322 2605 510 2668 inscribitur
530 2602 710 2684 Gregorius
730 2605 952 2670 eatiocbenus.
975 2604 1093 2685 igitur,
1114 2622 1199 2684 ques
1219 2605 1372 2685 praemisi
1393 2611 1436 2668 te·

320 2706 468 2768 alimonia
492 2705 579 2770 circa
600 2704 772 2770 lastiniani
787 2707 1019 2770 orthodoxiam
1040 2713 1073 2770 et
1094 2705 1358 2786 patriarcharum
1379 2703 1434 2769 lo·

323 2806 412 2868 annis
427 2804 619 2871 Scholastici
633 2815 666 2870 ct
682 2804 832 2887 Gregorii
857 2806 1053 2883 antiocheni,
1069 2805 1342 2872 insimulationem
1357 2823 1435 2886 quo

323 2905 496 2972 dsmmodn
518 2909 700 2974 excludunt
728 2909 848 2973 eisdem
870 2907 1037 2985 indictam,
1068 2909 1163 2988 qnasi
1185 2909 1349 2990 gaianitis,
1368 2911 1434 2972 sire

323 3007 497 3088 julianistis
529 3012 803 3074 communicarent
826 3010 855 3072 in
881 3011 1005 3074 haeresi
1028 3011 1343 3093 cpttlnrdoessmer
1370 3009 1435 3074 sire

321 3105 632 3200 incorruptibilium,
667 3112 710 3174 ita
735 3119 771 3176 ut
794 3111 888 3174 valde
911 3111 1006 3176 valde
1027 3112 1243 3177 dubitandum
1262 3113 1305 3176 sit
1325 3110 1365 3175 de
1384 3128 1432 3184 so,

323 3210 412 3290 quod
436 3211 593 3276 adsersus
616 3213 693 3277 istos
715 3212 806 3292 ajunt
823 3210 1013 3276 Eustetbius
1028 3212 1199 3296 presbyter
1217 3219 1249 3277 et
1264 3211 1431 3292 Evagrins.

405 3310 573 3386 Ceterum,
589 3313 667 3378 dnm
684 3313 764 3378 baec
778 3314 810 3377 in
833 3314 932 3378 trium
946 3320 1210 3394 nuncupatorum
1233 3312 1371 3394 gratiam
1390 3311 1434 3374 lo·

322 3429 422 3492 quor,
453 3413 529 3477 nolo
551 3422 657 3478 tamen
678 3424 816 3488 cetoros,
846 3415 903 3494 qui
930 3414 971 3478 ab
991 3415 1181 3494 episcopatu
1210 3417 1327 3480 semoti
1347 3421 1430 3488 sunt,

323 3513 523 3598 liutgcbium
544 3521 579 3579 et
605 3517 810 3580 Anastasinm
833 3516 1032 3596 redarguere
1054 3517 1246 3581 haereticos.
1269 3514 1343 3580 lioe
1361 3531 1432 3581 sens

320 3631 385 3679 uon
406 3628 559 3689 esserum,
575 3633 615 3679 co
630 3614 730 3698 magis
749 3613 836 3696 qnod
858 3615 970 3679 ambos
984 3633 1025 3678 er
1047 3634 1073 3679 s.
1096 3613 1247 3696 Gregorii
1270 3613 1377 3697 Papae
1393 3624 1434 3681 te·

320 3717 472 3782 stimonio
500 3715 653 3781 discimus
674 3718 706 3782 iu
731 3715 874 3782 Ecclesia
905 3714 1073 3781 Catholica
1094 3715 1276 3782 defunctos.
1300 3715 1348 3780 lle
1369 3715 1430 3782 En·

322 3820 434 3900 tycbio
454 3817 595 3882 loannes
627 3818 783 3884 diaconus
804 3819 835 3882 in
858 3816 930 3882 Vita
952 3818 1037 3882 beati
1069 3815 1221 3898 Gregorii
1250 3817 1433 3884 luculenter

320 3919 527 3995 dioil„illum
550 3922 591 3982 ab
611 3922 681 4000 ipso
702 3920 858 3985 Pontidoe
879 3920 1087 3986 contutatum
1108 3919 1151 3984 ob
1172 3937 1224 3998 ea,
1247 3937 1333 4001 quae
1352 3937 1433 3984 asse·

321 4019 415 4084 rebat
434 4022 476 4084 de
496 4039 635 4102 corpore
665 4027 777 4086 nostro
798 4023 998 4104 impalpabili
1028 4029 1272 4096 resurrecturo,
1294 4027 1334 4086 ut
1352 4017 1433 4083 inira

322 4120 503 4196 notabitur,
536 4122 595 4185 lrao
616 4122 747 4203 publico
775 4122 943 4188 emendata
964 4117 1127 4203 opinione,
1158 4121 1210 4200 pie
1238 4120 1366 4186 obiisse.
1387 4117 1431 4182 lia

322 4221 493 4289 Anastasio
517 4239 595 4288 sero
615 4223 807 4290 antiocheno
829 4226 1015 4306 patriarcba
1035 4223 1122 4289 idem
1141 4240 1167 4289 s.
1184 4220 1363 4304 Gregorius
1383 4219 1428 4284 lo·
