3186 4946
331 378 351 450 l

334 487 473 554 tionibus
492 493 642 556 sermone
661 497 694 556 nt
713 493 859 575 scripto,
881 499 915 557 nt
934 493 966 558 ln
986 493 1110 558 cunctis
1130 505 1211 575 quas
1238 493 1344 558 invisit
1364 493 1441 558 ciri·

335 598 429 668 tates,
450 594 595 658 iterando
609 595 784 677 etquidem
805 605 916 677 aperte
936 602 1049 660 contra
1064 596 1274 677 apostolicam
1296 595 1441 659 traditio·

332 711 404 756 uem
425 701 458 758 et
477 712 679 760 communem
699 695 864 761 Ecclesiae
883 715 1024 774 sensum,
1042 697 1143 761 veluti
1164 698 1205 759 ab
1218 697 1309 760 tuitio
1331 703 1437 760 osteu-

334 794 366 857 di
380 815 388 856 ε
404 797 568 876 quomodo
587 797 660 861 ideo
679 799 738 861 sibi
759 800 832 879 qnls
851 801 958 862 animo
979 797 1099 880 liugero
1120 798 1252 879 poterit,
1268 796 1440 877 Origenem

333 896 507 960 scientibus
522 907 555 962 et
569 901 810 966 conniventibus
825 918 903 981 prae
919 901 1033 964 ceteris
1049 895 1208 979 Gregorio
1223 897 1440 960 Thaumatur·

335 1013 388 1079 go,
410 997 633 1076 Athenodoro,
656 999 856 1078 alexandro,
878 995 1077 1076 Theoctisto,
1100 998 1252 1075 Heracle,
1274 997 1441 1082 Dionysio,

336 1097 536 1176 Firmiliauo,
558 1102 695 1183 aliisque
716 1121 753 1166 ea
774 1112 881 1166 aetate
901 1103 1037 1168 scientia
1058 1119 1096 1164 ac
1117 1104 1234 1182 pietate
1255 1098 1442 1179 praeclaris,

335 1201 528 1283 quibuscum
549 1213 697 1268 versatus
718 1213 779 1281 est,
807 1206 967 1282 docuisse,
983 1211 1099 1268 exacto
1114 1203 1236 1285 judicto
1257 1201 1441 1278 novissimo,

331 1301 517 1384 Christique
536 1305 690 1367 sententia
711 1304 796 1369 lata:
833 1305 877 1369 its
897 1305 1058 1370 maledicti
1087 1303 1123 1368 s'o
1143 1304 1246 1385 iguem
1267 1313 1441 1378 ueternum,

335 1404 495 1482 docuisse,
511 1407 654 1486 inquam,
671 1407 742 1471 iore
757 1406 932 1489 aliqnando
949 1416 1073 1487 tempus
1088 1408 1146 1470 etsi
1161 1407 1445 1484 diuturnumque

336 1505 507 1570 daemones
523 1507 719 1588 reprobiqne
740 1509 884 1573 homines
902 1528 921 1572 a
936 1508 1133 1573 cruciatibus
1153 1509 1293 1589 exempti
1311 1508 1349 1568 ad
1372 1523 1445 1569 coa·

335 1606 449 1671 lestem
471 1609 607 1689 gloriam
623 1611 889 1686 transterreotur,
906 1611 1054 1674 omnibus
1076 1611 1167 1673 bonis
1187 1627 1261 1673 cnm
1277 1607 1346 1672 Deo
1363 1606 1445 1672 irni-

335 1708 428 1776 turi?
449 1709 491 1774 Et
511 1729 574 1792 qua
597 1714 722 1778 ratione
743 1717 818 1777 item
840 1715 900 1777 sibi
916 1715 988 1794 quis
1009 1715 1218 1794 persuaserit,
1240 1719 1442 1790 nuncupatos

337 1811 425 1876 viros
445 1813 569 1892 priscae
585 1815 746 1880 traditioni
767 1816 1002 1880 ecclesiasticae
1024 1814 1249 1890 valedicentes,
1271 1830 1391 1876 norum
1412 1819 1446 1875 et

336 1933 481 1995 eousque
501 1917 681 1981 inauditum
698 1918 811 1997 dogma
828 1926 1041 1998 acceptantes,
1057 1935 1160 1997 eaque
1181 1915 1243 1978 lide
1257 1924 1289 1978 et
1308 1933 1364 1996 spa
1378 1913 1446 1978 sni·

338 2016 449 2092 tultos,
467 2025 514 2080 tot
527 2035 699 2082 aerumnas
720 2021 752 2082 io
775 2020 837 2082 boc
858 2018 989 2094 seculo,
1013 2018 1180 2098 gentilium
1201 2017 1325 2092 odium,
1348 2017 1446 2080 bono-

338 2135 411 2182 rum
432 2119 647 2195 amissionem,
661 2120 770 2198 exilia,
783 2120 973 2184 durissimos
988 2120 1152 2185 cruciatus
1163 2127 1196 2183 ot
1209 2127 1347 2183 mortem
1363 2135 1445 2199 quo·

337 2237 402 2300 que
421 2237 529 2300 passos
551 2218 646 2285 esse?

414 2317 531 2402 quue
552 2323 651 2401 magis
673 2322 734 2384 boc
756 2337 910 2396 asseram,
932 2321 1019 2401 quod
1041 2321 1074 2382 iu
1095 2320 1303 2384 concionibus
1325 2318 1445 2395 sacris,

336 2439 396 2485 sen
417 2423 569 2503 explicite
589 2432 646 2488 ant
668 2423 822 2504 implicite
842 2424 969 2499 saltem,
991 2421 1164 2486 Oratorem
1185 2422 1362 2502 putandum
1383 2429 1445 2496 est,

339 2523 404 2587 tale
424 2525 464 2588 de
486 2527 550 2588 sita
573 2526 684 2589 lutura
705 2535 945 2605 argumentum,
962 2525 1266 2605 quomodocumque
1287 2522 1444 2585 sermonis

337 2625 389 2688 sui
409 2611 527 2708 scopus
549 2627 659 2704 inerit,
682 2645 859 2708 nunquam,
882 2627 934 2689 ael
956 2643 1032 2688 raro
1053 2627 1278 2705 praeteriisse,
1299 2621 1394 2687 sicuti
1414 2629 1447 2686 at

340 2739 574 2809 consequenter
594 2730 740 2810 quisquis
760 2747 802 2790 ex
823 2727 1040 2802 auditoribus,
1065 2728 1170 2790 tbema
1194 2724 1378 2807 hujusmodi
1399 2741 1449 2788 se·
1584 2729 1585 2737 ’

341 2847 415 2894 cum
431 2829 647 2905 considerans,
663 2831 717 2892 ubi
735 2830 892 2909 agebatur
905 2828 944 2892 de
959 2828 1048 2892 linito
1062 2837 1094 2891 et
1111 2828 1150 2892 de
1165 2828 1299 2902 indulto,
1314 2827 1353 2890 do
1369 2835 1448 2888 tam·
1584 2833 1585 2920 l

341 2948 483 3012 poraneo
504 2941 537 2996 et
557 2943 701 3008 aeterno,
720 2931 759 2994 dn
780 2949 831 3004 eo,
848 2933 935 3012 quod
958 2930 1052 2993 linem
1074 2930 1182 3005 habet,
1197 2937 1230 2993 et
1244 2929 1329 3008 quod
1352 2927 1447 2996 duom

342 3036 460 3110 nescit,
482 3053 579 3115 quam
602 3033 695 3096 lacile
716 3033 997 3113 comprehenderit
1017 3030 1166 3111 Origenis
1187 3049 1314 3094 sensum
1336 3028 1375 3091 de
1396 3045 1447 3090 re·

342 3135 521 3214 proborum
551 3137 660 3215 poenis
682 3138 713 3198 in
735 3134 855 3197 mundo
881 3132 1005 3196 tuturo.
1029 3131 1114 3196 lllud
1144 3133 1227 3194 enim
1249 3139 1320 3193 erat
1350 3129 1449 3209 ipsius

340 3234 503 3311 studium,
525 3236 581 3298 ille
600 3240 684 3300 sacri
705 3236 755 3299 sui
777 3235 941 3297 ministerii
962 3234 1075 3308 labor,
1098 3233 1153 3295 illa
1178 3232 1301 3312 pariter
1320 3230 1447 3294 andito·

342 3351 416 3398 rum
437 3336 643 3415 sollicitudo,
665 3356 703 3400 ac
724 3343 761 3400 ea
783 3340 850 3416 ipsa
873 3339 1099 3417 episcoporum
1121 3351 1199 3398 cura
1222 3351 1280 3413 per
1300 3329 1449 3395 eumdem

342 3435 514 3516 Origeoem
534 3439 686 3502 cordibus
708 3457 902 3520 magnopere
924 3440 1004 3502 banc
1025 3435 1182 3500 inserendi
1213 3433 1319 3497 fidem.
1343 3431 1390 3495 lta
1412 3438 1450 3494 nt

340 3536 418 3617 jure
437 3542 642 3603 statuendum
664 3549 757 3617 esset,
780 3540 924 3603 lidelium
946 3536 1227 3602 innumerabilium
1243 3542 1367 3599 mentes
1387 3549 1451 3594 nou

342 3638 448 3702 solum
461 3643 697 3723 aegyptiorum,
714 3660 828 3705 rerum
843 3645 938 3704 etiam
954 3641 1102 3713 arabum,
1115 3638 1380 3719 palaestinorum,
1395 3651 1451 3696 au·

344 3740 577 3816 tiocbeusium,
603 3743 845 3823 cappadocum,
868 3743 1099 3806 atheniensium
1126 3740 1166 3802 de
1198 3738 1259 3802 hoc
1279 3737 1451 3817 peregrino

345 3839 505 3920 dogmate,
524 3846 613 3908 vario
628 3848 754 3924 penitus
770 3846 810 3907 ab
825 3863 876 3918 eo,
894 3844 981 3925 quod
1003 3843 1200 3921 ubicumque
1218 3856 1362 3920 eousque
1384 3855 1454 3899 ore·

345 3944 447 4007 ditum
460 3955 543 4022 erat,
559 3949 698 4012 imbutus
713 3947 821 4011 luisse.
836 3945 885 4009 Eo
904 3946 1092 4017 illationem,
1109 3961 1193 4022 quac
1209 3941 1387 4004 necessario
1405 3955 1450 4000 ex

346 4046 394 4107 lais
416 4051 639 4128 consequitur,
660 4058 723 4112 eta
746 4066 809 4130 qna
834 4049 888 4110 vix
910 4055 1001 4127 puto,
1016 4061 1145 4108 sensum
1166 4045 1308 4124 logicum
1323 4038 1453 4105 recede·

346 4165 382 4210 re
403 4165 511 4229 posse,
533 4153 633 4230 siquis
656 4151 734 4214 velit
756 4151 837 4213 banc
868 4149 1085 4223 haereticam,
1109 4146 1295 4228 Christique
1315 4141 1453 4206 oraculo

348 4249 475 4313 deviam
489 4254 675 4331 exposuisse
695 4254 897 4329 sententiam,
913 4259 1011 4332 atque
1031 4249 1070 4313 ad
1092 4248 1295 4330 septuaginta
1309 4246 1379 4310 iere
1400 4258 1455 4305 au·
