3138 4950
384 373 447 444 tot

384 487 418 543 et
439 479 516 543 dum
537 480 570 543 in
593 478 673 544 viris
689 484 761 545 erat
782 497 820 546 ec
841 481 984 546 maxime
1005 491 1077 562 post
1097 480 1243 564 eiusdem
1265 477 1404 555 ohitnm,
1427 475 1501 546 desi·

383 585 478 644 nenle
498 580 612 646 seculo
636 578 690 643 tv.
715 578 762 645 lta
783 599 860 645 sane
881 583 1063 646 interorum
1085 584 1267 657 conamina,
1283 599 1370 662 quae
1390 601 1431 645 eo
1452 601 1499 646 as·

385 699 451 762 que
471 698 514 744 ex
535 699 561 744 s.
583 680 743 763 Pamphili
766 685 970 762 praesertim,
994 682 1127 746 Eusehii
1150 691 1183 746 et
1203 683 1347 746 aliorum
1370 681 1497 762 vigilan·

382 784 408 846 ti
428 798 507 845 cure
531 780 662 845 inerant
683 781 824 846 cohibita
847 802 886 846 ee
909 784 1146 848 invalescerent
1174 782 1212 844 ad
1235 782 1495 863 prosternendam

381 885 461 948 tanti
478 883 539 947 riri
560 884 711 964 gloriam,
727 885 855 950 tandem
876 886 936 950 suh
951 883 1123 965 Theophili
1142 885 1345 947 alexandrini
1361 885 1495 964 primum

380 983 545 1062 illusione,
561 985 675 1048 deinde
697 986 843 1066 perfidia,
859 971 998 1050 aliorum
1021 987 1116 1048 nimis
1133 986 1307 1051 accedente
1327 985 1496 1048 credulita·

382 1092 428 1163 te,
450 1086 720 1166 praevaluerunt,
744 1087 825 1150 adeo
848 1095 886 1152 ut
905 1088 947 1150 ab
969 1089 1030 1150 hae
1055 1095 1162 1151 aetate
1182 1085 1332 1166 Origenis
1351 1083 1499 1166 splendor

382 1193 632 1252 courertcretar
648 1190 679 1251 in
702 1188 865 1265 tenebras,
888 1198 920 1252 et
942 1190 1046 1270 gloria
1062 1191 1094 1252 in
1116 1188 1321 1268 ignominiam
1345 1195 1499 1250 transmu-

382 1294 523 1353 teretur.

462 1386 589 1454 idcirco
609 1388 765 1470 Origenes
779 1409 843 1455 non
858 1391 998 1473 amplius
1017 1391 1070 1455 air
1086 1388 1173 1471 pius,
1191 1389 1409 1470 nonamplius
1430 1389 1495 1451 lar·

379 1487 556 1555 reticerem
576 1491 720 1570 malleus,
741 1492 794 1556 air
814 1493 1018 1574 apostolicus,
1049 1493 1206 1558 Ecclesiae
1227 1491 1337 1566 Pater,
1360 1487 1498 1553 ecclesia·

379 1607 453 1654 rum
473 1588 631 1671 Magister
651 1602 857 1673 nuncupatus
880 1604 938 1658 est.
963 1593 1024 1659 Sed
1048 1595 1175 1672 penitus
1199 1593 1367 1659 contraria
1391 1591 1496 1670 (andi-

381 1702 415 1758 te
435 1701 469 1758 et
490 1695 690 1772 horrescite)
720 1694 760 1758 de
776 1699 820 1760 'eo
842 1697 981 1760 invaluit
1012 1697 1110 1771 iamn,
1133 1697 1177 1757 ita
1201 1704 1238 1759 ut
1259 1695 1430 1759 diceretur
1449 1691 1494 1754 air

378 1794 515 1878 impius,
541 1795 750 1879 blasphemus,
771 1798 965 1862 hacreticus:
982 1798 1116 1874 deliras,
1132 1797 1304 1878 improlem,
1319 1795 1495 1878 hypocrita:

379 1907 480 1961 martie
500 1909 625 1979 eaptus,
643 1899 782 1981 pestifer,
803 1899 958 1964 exitialis:
981 1901 1100 1982 loquax
1116 1899 1255 1979 irreptor,
1278 1908 1380 1962 mmlc
1399 1915 1497 1960 eecce

381 2007 486 2062 catos:
514 1997 662 2077 stolidas,
689 2019 859 2082 arrogares,
889 2001 1050 2081 saperdas,
1075 2000 1310 2080 fraudolentae:
1343 2015 1495 2078 nuperum

381 2099 529 2182 scriptor,
550 2103 736 2166 somniator:
765 2102 979 2183 Pythagorae,
997 2102 1143 2167 Platorii:
1158 2115 1186 2167 st
1203 2099 1339 2183 Epicuri
1357 2107 1496 2164 semum:

380 2200 552 2265 stoicorum
566 2201 754 2284 discipulas:
770 2203 932 2269 daemonia
946 2205 1064 2286 spirita
1077 2203 1262 2285 instigatur:
1283 2201 1409 2267 Christo
1418 2201 1496 2282 ieje·

379 2299 499 2367 riorus:
524 2301 642 2368 diodoli
661 2304 842 2370 inperator:
858 2307 983 2369 coluber
1003 2314 1177 2379 tortuosas,
1199 2303 1309 2384 vipera
1324 2301 1497 2364 ammei:-

380 2403 478 2470 at'ma:
494 2405 667 2472 inebriatus
686 2407 762 2471 aino
782 2405 982 2471 sodomitico:
999 2404 1141 2486 magicae
1160 2403 1240 2470 artis
1256 2401 1495 2484 patrocinator:

382 2509 570 2573 daemonum
590 2527 696 2573 amm:
720 2509 891 2590 deperires:
906 2508 1015 2574 Pilato
1034 2507 1181 2572 deterior:
1197 2507 1390 2570 ariaaorurrs
1400 2515 1494 2584 puter:

384 2610 525 2676 amnium
545 2612 705 2676 haeresum
725 2610 1003 2676 condimentarium
1019 2609 1061 2674 Et
1075 2611 1156 2674 hace
1177 2610 1283 2672 omnia
1306 2609 1338 2670 iu
1352 2606 1494 2686 Origenis

385 2721 485 2794 capnt
499 2725 771 2794 supervenerunt,
785 2714 976 2778 instantibus
991 2732 1087 2794 quam
1104 2715 1243 2776 maxime
1258 2710 1493 2773 haereticorum

384 2814 533 2894 perfidis,
554 2816 747 2883 illusoribus
769 2825 801 2882 et
821 2817 937 2880 illusis.
958 2814 1000 2877 Et
1020 2817 1169 2896 quianon
1190 2813 1331 2874 miretur
1350 2811 1491 2890 ohstupe

389 2919 495 2983 iaetus
517 2925 637 2984 tantam
657 2919 864 3000 subitamque
883 2935 1036 2982 sensnum
1068 2917 1281 2979 mutationem
1304 2913 1336 2976 iu
1356 2911 1491 2977 Ecclesia

383 3042 460 3104 erga
481 3020 630 3104 Origenis
651 3039 822 3103 personam
843 3019 980 3100 ejusque
999 3019 1119 3096 scripta
1134 3015 1151 3080 'i

465 3120 529 3188 Vos
551 3125 660 3203 itaque
682 3139 774 3202 rogo,
797 3121 1018 3202 sapientissimi
1042 3121 1117 3192 riri,
1141 3117 1238 3180 rebus
1265 3118 1313 3180 sic
1327 3115 1490 3182 stantibus,

383 3228 546 3290 decernite
561 3243 638 3289 uum
660 3225 697 3288 iis
715 3222 876 3299 Patribus,
893 3221 949 3302 qui
971 3221 1068 3284 aetati
1085 3217 1256 3299 Theophili
1279 3233 1489 3297 praecessere,

384 3329 508 3408 graecis
529 3334 562 3391 et
575 3327 685 3391 latinis
706 3322 898 3406 praestanda
920 3325 961 3386 sit
979 3323 1069 3398 tides,
1087 3319 1249 3396 Patribus,
1265 3319 1354 3394 dico,
1370 3318 1489 3381 scienti:

250 3446 257 3459 ·
386 3439 418 3493 et
432 3433 552 3511 pietate
566 3427 760 3508 conspicuis,
773 3427 829 3507 qui
843 3423 977 3505 Origeni
991 3423 1220 3497 convixerunt,
1237 3429 1270 3484 et
1285 3421 1398 3500 plnres
1409 3417 1489 3482 Chri·

382 3541 434 3595 sto
455 3531 496 3593 ab
516 3531 585 3612 ipso
615 3531 712 3608 geniti
734 3535 822 3606 sunt,
845 3545 884 3591 ac
912 3527 1030 3590 ceteris
1051 3527 1107 3605 qui
1137 3532 1210 3603 post
1234 3528 1374 3586 mortem
1396 3519 1486 3587 illins,

385 3632 486 3697 rerba
500 3640 532 3697 et
553 3651 652 3713 opere
673 3630 809 3695 mirifice
830 3629 926 3692 etiam
942 3645 1017 3690 cum
1033 3627 1119 3688 ritae
1135 3623 1319 3688 discrimine
1334 3619 1487 3684 Ecclesia:

384 3734 526 3800 lideliter
546 3733 774 3808 inservierunt,
796 3729 953 3794 adversus
976 3729 1123 3790 haereses
1145 3733 1176 3788 et
1198 3724 1368 3805 gentilium
1390 3721 1487 3798 impie

385 3844 483 3901 tatem
505 3843 703 3920 pugnantes:
727 3833 897 3914 inquibus
920 3830 1053 3894 tercenti
1074 3836 1107 3892 et
1126 3825 1306 3892 octodecim
1328 3837 1487 3888 numeran-

383 3949 439 4004 tur
458 3941 599 4020 episcopi
621 3938 651 4000 in
667 3936 795 4019 Synodo
817 3933 946 3997 nicaena
974 3932 1169 4012 congregati.
1188 3927 1372 4001 Decernite,
1387 3943 1427 3986 an
1441 3940 1486 4000 po·

384 4045 448 4106 lius
463 4041 511 4106 his
532 4039 604 4104 hdei
621 4039 769 4118 Origenis
785 4037 930 4111 testibus,
945 4042 977 4098 et
993 4035 1129 4116 genuina
1144 4031 1289 4112 ejusdem
1305 4041 1486 4108 percurrens

383 4144 468 4207 tibus
488 4144 620 4222 scripta,
642 4138 839 4205 credendum
861 4140 913 4212 sit,
936 4154 1033 4216 quarn
1054 4136 1125 4198 aliis
1145 4131 1398 4200 successorihus,
1413 4141 1483 4205 qun

382 4261 456 4310 ram
477 4242 625 4308 nonnulli
646 4243 751 4306 miens
773 4241 859 4306 cauti
875 4240 906 4303 in
919 4235 1118 4318 segregando
1138 4252 1213 4302 rora
1229 4253 1246 4296 a
1262 4231 1361 4307 lalcis,
1376 4227 1428 4291 alii
1447 4240 1483 4287 er
1554 4315 1555 4320 ἵ
