3066 4950
336 503 423 583 dpms'
436 511 466 568 st
479 498 615 584 Evagrii
629 511 658 565 st
681 498 834 566 Tdendors'
849 497 1045 582 (Caesareae)
1059 498 1280 583 ttcspnsnim,
1296 523 1376 586 qttas
1387 517 1441 572 sta·

334 600 419 668 diosc
432 591 472 668 ec
485 621 592 668 eorum
605 602 698 667 lidris
717 611 947 682 sxsnpsernut.
976 601 1056 667 ltsm
1082 611 1226 685 nugatur
1241 604 1385 688 cyrillus
1404 608 1442 670 in·

333 709 459 788 quiens,
476 704 652 791 Didgmnm
667 714 699 770 et
715 704 895 785 Evagrium
911 711 944 768 et
956 702 1134 786 Origeuem
1147 706 1265 770 morto
1284 709 1440 788 gentilium

332 818 365 872 et
380 809 644 873 manichaeorum
666 807 706 872 de
722 808 973 889 praeexistentia
987 807 1167 872 laborasse.
1182 807 1336 886 Quorum
1350 818 1442 874 secta·

333 919 420 974 tores
440 909 529 973 addit
550 911 696 974 inventos
717 912 749 973 iu
770 907 885 974 Norae
907 907 1035 974 Lauros
1058 913 1270 985 monasterio,
1294 910 1354 974 laos
1374 929 1442 975 cuu-

330 1021 400 1078 ctos
420 1031 495 1076 cum
518 1010 692 1077 Theodoro
713 1019 940 1093 mopsuesteno
961 1011 993 1074 in
1014 1010 1145 1096 Synodc
1166 1010 1205 1076 V.
1229 1011 1408 1078 damnatos.

410 1112 573 1189 Secundo,
595 1131 636 1178 ex
657 1115 758 1194 ipsius
779 1110 895 1195 Gyrllli
917 1113 1099 1178 testimonio
1120 1113 1153 1176 in
1174 1111 1247 1178 vna
1270 1133 1296 1177 s.
1313 1112 1440 1189 santae,

330 1221 364 1279 st
383 1214 471 1280 Surii
493 1224 524 1280 st
544 1205 773 1297 allorum‚'qui
794 1217 824 1279 ci
839 1233 1038 1292 successere,
1055 1216 1204 1280 modicas
1225 1213 1301 1280 fidei
1315 1217 1443 1297 scripto·

332 1335 420 1394 rum,
438 1318 662 1399 praesumitur
683 1317 748 1399 jam
769 1318 810 1381 ab
831 1319 922 1384 initio
944 1319 1071 1408 imperii
1089 1317 1263 1382 lastiniani
1285 1317 1442 1399 usquead

331 1417 457 1481 obitum
481 1417 583 1493 illius,
608 1425 686 1482 tuuc
706 1419 980 1484 invalescentibus
1001 1419 1184 1499 origenistis
1204 1418 1238 1482 in
1258 1416 1444 1495 Palaestina,

332 1535 480 1598 magnam
503 1517 622 1580 laetam
645 1537 714 1583 esse
735 1519 930 1582 orthodoxis
959 1519 1252 1599 perturbationem.
1282 1517 1442 1601 incipiens,

330 1618 435 1702 ajunt,
457 1636 475 1681 a
497 1620 663 1684 monachis
684 1620 845 1702 eiusmodi
867 1620 1090 1702 ccullagratic,
1113 1620 1187 1686 inda
1206 1620 1304 1701 longe
1321 1622 1444 1702 lateque

330 1729 480 1804 serpente
501 1721 661 1797 incendio,
685 1739 832 1803 magnam
864 1721 1255 1794 universae,llatlsolioas
1287 1721 1443 1788 Ecclesiae

330 1822 441 1888 intulit
460 1823 599 1900 cladem,
622 1832 654 1888 et
677 1825 866 1887 universum
888 1824 1002 1888 orbem
1024 1823 1276 1888 dissensionibus
1298 1823 1440 1890 involuit.

327 1923 574 2002 Verumtamen,
590 1926 646 2006 qni
667 1924 714 1990 sic
730 1927 963 1990 'existimarunt
986 1927 1184 1991 recentiores
1206 1933 1358 1991 veterum
1379 1943 1440 1989 ms·

328 2033 560 2092 momentorum
592 2027 786 2092 collectores
807 2034 841 2091 et
860 2028 1068 2108 interpretes,
1091 2034 1211 2091 tautam
1232 2026 1359 2092 scilicet
1381 2027 1440 2092 cla·

328 2128 401 2192 deus
424 2127 590 2193 Ecclesiae
610 2130 836 2210 supervenisse
857 2130 899 2194 ob
919 2131 1169 2210 origenistarum
1193 2128 1363 2202 lectiones,
1384 2126 1438 2191 Fa·

330 2232 439 2305 cundi,
455 2229 597 2296 Liberati
618 2239 649 2296 et
665 2230 779 2317 Gyrilli
803 2235 851 2296 usi
869 2233 1050 2297 testimonio
1071 2237 1104 2296 ot
1125 2232 1258 2313 quidem
1280 2229 1376 2296 salde
1393 2247 1441 2294 su·

327 2345 439 2415 specto
464 2335 507 2398 olt
536 2335 706 2408 malitiam,
729 2343 787 2398 aut
808 2335 850 2399 nb
872 2334 1099 2415 ignorantiam,
1127 2334 1234 2399 minus
1258 2336 1348 2399 cauti
1376 2349 1442 2414 pro·

237 2443 242 2452 '
328 2435 449 2500 lsantnr
469 2437 501 2499 in
522 2436 648 2501 citanda
672 2437 791 2500 horum
812 2436 930 2501 dubiae
964 2436 1038 2500 ddei
1061 2437 1209 2501 virorum
1239 2435 1439 2500 auctoritate.

327 2538 480 2606 Ceterum
500 2545 648 2603 setarum
671 2546 956 2605 monumentorum
976 2538 1218 2604 scrutatoribus
1239 2537 1356 2605 utilius
1372 2536 1441 2600 luis·

326 2647 388 2717 set,
401 2641 430 2704 'si
455 2640 612 2706 adsersus
633 2641 712 2708 istos
735 2649 845 2705 cetera
867 2647 1138 2720 contemporanea
1169 2641 1353 2706 testimonia
1374 2657 1442 2721 pro-

328 2743 402 2806 bata
425 2743 673 2807 consuluissents
692 2745 721 2805 in
737 2743 856 2822 quibus
871 2743 1085 2822 praecipuum
1107 2743 1218 2808 locum
1240 2747 1352 2806 tenent
1369 2739 1443 2804 l'on·

328 2845 451 2909 tilicum
477 2844 699 2908 Romanorum
721 2845 889 2924 epinicion,
904 2842 1128 2908 conciliorum
1150 2842 1299 2920 decreta,
1326 2841 1443 2906 l‘rinci·

327 2966 406 3030 pum
428 2947 679 3012 christianorum
702 2947 819 3010 edicta.
843 2945 911 3023 Qui
935 2945 1034 3010 simul
1056 2952 1170 3010 contra
1193 2945 1345 3010 naereses
1368 2961 1442 3025 quo·

328 3049 404 3114 tidie
425 3050 626 3128 dimicantes,
640 3051 862 3131 undequaque
883 3047 1051 3114 Ecclesiae
1066 3047 1257 3115 Catholicae
1281 3043 1441 3129 usquead

326 3150 452 3215 dissitas
475 3154 620 3232 regiones
642 3169 843 3232 prospexere
869 3149 1047 3231 triumpho,
1070 3149 1319 3215 immaculatum
1340 3163 1443 3214 sersa-

330 3271 365 3318 re
386 3252 553 3317 studentes
575 3252 649 3319 lidei
672 3254 865 3334 depositum.
893 3251 1047 3315 Attamen
1069 3251 1100 3314 in
1122 3251 1244 3330 ,norum
1264 3251 1393 3333 scriptis
1411 3265 1441 3311 o·

330 3355 437 3418 mnino
459 3353 665 3421 desideratur
686 3355 836 3435 quaestio
859 3353 1057 3435 origeniana.

412 3454 453 3518 lit
479 3471 555 3518 sane
577 3455 674 3519 rebus
698 3456 744 3519 sic
768 3455 939 3531 stantibus,
966 3474 1026 3519 cur
1055 3454 1096 3518 ab
1122 3453 1317 3519 llormisdae
1343 3459 1440 3518 aetate

328 3555 492 3637 usquead
517 3574 542 3620 s.
566 3554 778 3636 Gregorium,
800 3577 868 3638 qno
892 3565 1038 3637 tempore
1060 3557 1221 3635 plurimae
1243 3553 1441 3638 patentl’on·

327 3658 449 3723 tilicum
472 3657 698 3724 Romanorum
730 3659 899 3740 epistolae,
930 3661 1033 3724 multa
1055 3662 1087 3724 in
1118 3659 1248 3741 synodis
1282 3659 1438 3740 proposita

326 3760 470 3837 decreta,
492 3762 588 3843 plura
619 3759 805 3841 Principum
830 3760 976 3825 ddelium
1007 3761 1155 3826 mandata
1188 3761 1348 3826 adsersus
1368 3765 1439 3822 tunc

327 3863 408 3928 sarii
424 3866 549 3945 generis
570 3865 788 3943 irrumpentes
810 3883 952 3943 errores,
975 3872 1008 3931 et
1023 3867 1054 3930 in
1075 3865 1195 3948 quibus
1216 3865 1352 3930 decretis
1371 3862 1438 3942 plo·

326 3967 428 4030 rimae
449 3973 606 4032 notantur
638 3968 917 4043 circumstantiae,
939 3985 1001 4032 cur
1020 3967 1072 4031 isti
1094 3965 1245 4048 Origenis
1265 3981 1391 4030 errores
1410 3964 1440 4022 et

326 4067 576 4149 origenistarum
598 4068 883 4150 conflagrationem
898 4068 990 4136 ultro
1004 4065 1268 4150 praeterierunt?
1282 4065 1380 4138 Nihil,
1393 4061 1437 4124 di·

325 4169 371 4245 xl,
387 4169 419 4232 in
434 4169 589 4249 praelatis
611 4170 749 4236 decretis
770 4177 830 4236 aut
849 4170 996 4253 epistolis
1017 4189 1077 4234 nec
1096 4189 1138 4235 cx
1161 4168 1319 4248 prolesso,
1335 4181 1390 4228 uec
1402 4178 1434 4223 o·

326 4271 411 4338 niter
431 4271 606 4356 origenem
627 4281 660 4340 et
682 4272 872 4358 origenistas
894 4273 1074 4341 nominatos
1095 4272 1194 4340 tuisse
1216 4267 1432 4354 componunt·
