3066 4950
320 377 428 564 ἓξιῗεε,
444 481 601 548 Belisarlo
618 479 750 546 tradidit
769 479 959 546 Tbcodorse
974 487 1184 563 praeceptum
1197 480 1354 545 adversus
1369 479 1432 547 Sil·

323 589 465 661 verium,
481 585 568 666 quod
582 584 697 649 deiude
717 583 1006 650 consummandum
1020 593 1092 648 erat
1114 585 1145 648 in
1159 581 1431 672 Urbisinpressn.

322 683 555 751 Verumtamen
570 685 630 766 ipsi
651 705 714 749 non
737 685 900 762 riderunt,
916 685 1004 766 qnod
1026 692 1135 764 postea
1157 687 1264 750 statim
1279 686 1359 748 dicit
1380 683 1434 748 Li·

264 876 270 882 .
322 789 467 862 beratns,
483 787 635 866 Ravenna
650 788 773 852 scilieet
786 787 1000 852 discedentem
1018 785 1223 864 belisarium,
1239 793 1272 852 et
1293 786 1436 850 Roman

322 908 493 954 reversum
514 889 554 951 ud
575 907 610 952 se
640 907 792 953 evocasse
812 889 1000 963 silverium,
1022 905 1166 968 quocum
1191 890 1256 968 epit
1277 886 1317 950 de
1337 903 1438 968 prae-
1530 927 1531 942 ι

326 991 390 1056 iata
412 991 672 1057 insimulatione:
696 991 784 1071 qnod
806 991 935 1072 penitus
956 989 1156 1054 ialsnmest.

403 1090 488 1157 llulc
508 1110 609 1172 porro
626 1092 758 1155 falsitati
779 1091 957 1180 succedunt
971 1087 1079 1156 cetera
1101 1091 1225 1170 abipso
1245 1097 1383 1152 narrata
1404 1095 1440 1152 et

320 1195 463 1258 maxime
483 1194 523 1258 de
544 1195 678 1275 pecnnia
704 1211 722 1256 e
750 1191 868 1273 vigilio
898 1195 1055 1272 promissa
1077 1190 1233 1256 belisario
1254 1200 1302 1267 nt,
1327 1190 1441 1255 Silse-

322 1297 373 1358 rio
394 1305 553 1359 remotos
568 1293 650 1358 Sede
665 1293 842 1369 Pontilicia,
863 1295 930 1373 ipse
951 1295 1162 1356 ordinaretur
1182 1312 1242 1374 pro
1262 1311 1313 1368 eo,
1332 1295 1440 1358 sicuti

324 1397 365 1460 de
385 1397 527 1475 silverio
548 1397 704 1461 exulante
725 1397 757 1458 in
774 1395 904 1472 Patara,
921 1397 977 1477 qul
998 1415 1040 1460 ex
1055 1395 1225 1460 Jnstiniani
1243 1396 1332 1477 iussu
1360 1397 1397 1458 iu
1413 1393 1444 1458 l·

325 1501 436 1562 taliam
459 1499 614 1562 reduetus
636 1497 964 1574 essecommoda
986 1499 1110 1561 veritus
1128 1495 1274 1576 vigilius,
1297 1515 1336 1558 ue
1354 1495 1446 1561 Sede

324 1601 520 1684 pelleretur,
543 1601 671 1680 rogarit
691 1599 901 1674 belisarium,
921 1604 957 1664 nt
977 1600 1036 1663 sibi
1060 1598 1245 1662 traderetur
1263 1597 1443 1662 silverius

325 1702 490 1782 liquibus
511 1703 660 1766 omnibns
676 1702 780 1766 abluit
796 1699 986 1765 belisarius.
1007 1699 1111 1764 Roma
1133 1719 1271 1782 namque
1290 1697 1446 1764 discessit

326 1803 514 1869 Ravennam
539 1822 664 1881 versus,
686 1821 753 1884 qna
774 1803 1107 1882 deinde'espugnata,
1129 1801 1445 1882 Constantinopolin

323 1907 493 1986 proiectus
514 1914 579 1986 est;
603 1905 682 1986 quin
705 1903 855 1980 Romam,
871 1905 930 1968 nisi
953 1915 1025 1984 post
1039 1909 1161 1984 septem
1176 1905 1375 1980 iereanuus,
1394 1922 1447 1968 re·

327 2014 516 2071 verteretur
523 2026 534 2085 3
551 2006 681 2086 quando
702 1997 1054 2086 scilicetjam²2dbierat
1076 2005 1248 2083 Silrerins,
1262 2003 1369 2068 veluti
1392 2021 1449 2070 su·

327 2123 387 2189 pra
410 2106 532 2169 dictum
554 2114 614 2180 est,
637 2113 670 2170 ei
691 2108 832 2187 amplius
853 2097 937 2169 inira
953 2099 1102 2186 ¹p‘atdiiel.

410 2205 550 2282 Quarto,
573 2207 657 2269 inter
678 2205 857 2269 calumnias
878 2197 1190 2286 quindecenum·
1211 2205 1339 2272 ridetur
1362 2207 1448 2272 alte·

327 2325 367 2373 ra
384 2307 492 2389 vigilii
514 2309 707 2383 criminatio,
724 2307 818 2387 qnasi
840 2306 919 2388 ipse,
935 2308 966 2369 in
986 2324 1045 2372 sua
1061 2314 1219 2388 potestate
1232 2315 1370 2388 accepto
1385 2311 1449 2376 Sri-

329 2410 437 2486 rerio,
459 2409 559 2490 bnjus
580 2425 690 2472 necem
713 2408 906 2485 mandasset,
928 2409 1023 2474 sieuti
1045 2409 1217 2475 Liberatus
1237 2411 1342 2476 etalii
1368 2431 1447 2477 cnm

331 2529 373 2576 eo
388 2511 653 2592 praetenderunt.
669 2507 704 2572 ln
720 2511 779 2573 bae
797 2529 874 2573 vero
889 2513 1077 2591 quaestione
1095 2513 1365 2593 praemittendum
1383 2524 1446 2592 est,

332 2609 530 2684 Cbrnuistas,
546 2607 789 2685 Marcellinum,
814 2613 864 2674 vel
889 2610 1252 2693 ejusGontinnatorem,
1276 2611 1448 2679 Victorem

300 2748 303 2756 =
330 2724 560 2786 annumerem,
576 2720 609 2775 et
624 2710 827 2787 Facundum,
842 2716 991 2793 quamvis
1011 2715 1068 2778 bos
1089 2716 1171 2778 duos
1186 2716 1380 2779 norissimus
1392 2717 1449 2780 ad-

331 2816 465 2880 modum
489 2812 605 2896 Vigilio
627 2815 734 2894 Papae
755 2816 893 2878 intensos
914 2817 946 2878 in
969 2817 1067 2880 trium
1083 2817 1309 2897 Capitnlornm
1331 2835 1447 2895 canu,

223 2993 228 3003 ‚
335 2935 477 2996 eumque
499 2916 665 2981 rarimode
686 2919 883 2993 incusantes,
905 2917 1113 2982 nibilominus
1135 2919 1175 2982 de
1191 2919 1381 3000 bnjnsmodi
1404 2921 1450 2984 ia·

334 3018 446 3080 cinere
472 3017 676 3096 praeteriisse
698 3020 902 3081 mentionem.
928 3015 1065 3100 lnsnper
1085 3021 1175 3084 uobis
1198 3021 1375 3085 admodum
1399 3043 1451 3086 sn-

336 3119 525 3200 spieendnm
541 3136 610 3182 esse
624 3119 664 3182 de
676 3119 805 3184 Silrerii
821 3127 938 3196 morte,
958 3123 1109 3198 instante,
1123 3124 1191 3185 sive
1213 3124 1386 3186 mandante
1401 3123 1452 3186 Vi·

337 3221 428 3300 gilio,
444 3222 525 3284 adeo
541 3230 577 3285 ut
595 3222 657 3284 boo
671 3221 908 3284 numerandum
922 3223 964 3284 sit
978 3226 1062 3286 inter
1083 3223 1298 3304 malignorum
1314 3226 1449 3288 artificia

335 3321 492 3386 adversus
515 3321 601 3384 buno
624 3320 823 3399 Pontificem,
845 3325 941 3404 plura
962 3324 1079 3387 indicia
1101 3329 1243 3406 suppetit
1264 3327 1449 3390 celebratus

335 3423 526 3504 Procopius.
544 3421 630 3486 llnic
650 3424 781 3503 quidem
803 3426 929 3489 occasio
951 3443 1014 3488 uon
1036 3425 1148 3490 deerat
1168 3427 1208 3490 de
1230 3427 1292 3492 boo
1313 3429 1448 3509 loquen-

338 3529 370 3590 di
387 3528 527 3590 inlausto
550 3533 680 3599 eventu,
696 3526 763 3589 sire
783 3527 815 3589 ln
832 3525 934 3590 Libris
951 3526 996 3590 Dc
1010 3527 1099 3591 Bello
1116 3526 1272 3606 Gottbico,
1288 3539 1345 3594 aut
1360 3549 1450 3611 prae·

337 3631 449 3695 sertim
466 3631 496 3691 in
512 3626 659 3691 Historia
681 3627 823 3701 Arcano,
840 3629 893 3690 nbi
916 3627 1142 3710 imperatoris,
1156 3637 1189 3693 et
1212 3640 1397 3712 magnatum
1417 3639 1449 3693 et

338 3736 565 3812 episcoporum
590 3732 665 3793 vitia
690 3729 838 3793 revelare
859 3737 891 3794 et
913 3733 1089 3795 memoriae
1118 3733 1321 3798 committere
1350 3749 1447 3812 snpra

338 3833 472 3896 modum
494 3831 630 3895 studuit.
662 3829 812 3895 Attamen
834 3830 874 3894 de
901 3833 1039 3896 violenta
1063 3831 1193 3898 Silrerii
1218 3843 1323 3898 morte
1343 3851 1448 3914 agens,

339 3951 401 3997 eeu
423 3933 499 3996 iacti
520 3933 663 3996 conscias
697 3941 787 3995 notat
817 3933 948 4011 quidem
980 3932 1184 3997 Theodoram
1206 3941 1388 4014 augustam,
1417 3943 1448 3998 ει

340 4035 534 4098 Antoninum
564 4032 712 4097 belisarii
735 4050 873 4097 uxorem
896 4035 1047 4116 etbnjus
1079 4035 1239 4100 famulum
1268 4033 1447 4116 Eugenium
1518 4041 1522 4049 “

339 4136 503 4200 homicidii
525 4136 726 4198 ministrnm:
743 4136 784 4199 de
799 4133 918 4216 vigilio
934 4155 1027 4214 vern,
1048 4155 1145 4218 quem
1160 4135 1330 4201 Liberatus
1348 4142 1447 4200 statn-

339 4238 366 4300 it
379 4239 592 4318 praecipuum
614 4255 651 4300 ao
674 4239 851 4305 sollicitum
866 4235 996 4306 Silverii
1023 4239 1136 4306 mortis
1160 4247 1339 4316 auctorem,
1354 4237 1447 4302 citerus

343 4341 498 4421 transigit.
