3186 4946
1195 385 1234 454 ll

127 501 223 566 totins
243 493 409 564 Ecclesiae
428 501 615 576 conspectu,
633 511 677 560 oc
690 493 895 575 ignominium
909 499 1065 576 expertus
1089 491 1183 570 esset)
1203 495 1230 557 si

125 609 275 682 nequem
299 615 377 664 reru
393 595 589 662 haberentur
603 596 662 677 ipsi
677 595 872 678 adjudicata:
889 613 947 660 nec
962 595 1048 660 ultre
1066 604 1178 660 cnunc
1192 613 1227 658 ee

127 704 200 768 tulin
221 703 287 784 pati
310 702 431 778 solens,
453 701 530 782 quin
552 699 702 780 injurium
722 700 781 764 sibi
801 700 932 763 ullstem
955 698 1140 779 repelleret,
1170 698 1228 761 hos

127 805 163 868 ad
195 806 316 868 amicos
342 823 418 868 snos
443 802 659 866 Alexandriae
687 802 835 882 degentes
864 802 991 883 scripsit
1018 818 1141 864 sensns.
1171 796 1232 862 Ubi

128 907 221 970 valde
242 905 456 986 conqueritur
477 903 516 964 de
539 900 716 980 Demetrio,
738 903 919 984 ceterisque
941 902 1077 984 Aegypti
1103 917 1234 981 preesn·

127 1008 211 1071 libus
232 1017 264 1070 et
284 1005 519 1077 sacerdotibus,
540 1004 626 1084 quod
649 1005 809 1068 immerito
824 1007 855 1068 in
875 1004 1013 1084 seipsum
1028 1006 1175 1082 egissent,
1192 1002 1233 1064 ab

126 1107 289 1173 Ecclesine
311 1108 535 1170 communione
557 1109 662 1170 sirum
685 1108 851 1169 innoxium
872 1106 1084 1187 sejungentes.
1102 1103 1231 1168 Veritus

129 1218 232 1272 tamen
243 1209 398 1289 Origenes
413 1225 452 1270 ne
471 1217 503 1269 et
523 1207 581 1286 ipsi
596 1207 689 1269 amici
703 1207 943 1270 offenderentur
957 1205 996 1268 de
1012 1223 1065 1279 eo,
1081 1205 1167 1284 qnod
1188 1206 1233 1268 in·

126 1320 274 1390 creperet
287 1310 456 1388 episcopis,
472 1327 489 1370 e
504 1309 680 1387 Scriptnris
694 1307 862 1372 ostendere
877 1299 1025 1383 cenatur,
1040 1308 1140 1371 licere
1158 1306 1232 1380 sibi,

127 1426 200 1472 cum
224 1419 349 1489 tempus
370 1407 453 1472 illud
476 1407 628 1488 postulet,
651 1409 790 1489 majores
811 1417 888 1472 nntn
905 1408 1133 1472 etsaeerdoles
1148 1425 1234 1472 eom·

126 1511 242 1572 minari
256 1519 289 1572 et
303 1526 455 1589 urguese3
473 1527 530 1572 nec
545 1519 650 1572 temen
672 1527 726 1573 eea
747 1510 867 1584 odisse,
889 1510 944 1573 sed
966 1511 1073 1590 potins
1091 1507 1234 1573 misereri

125 1611 192 1685 ait,
217 1628 276 1691 pro
298 1611 335 1674 iis
356 1628 474 1688 orere,
496 1627 659 1690 nunquam
684 1629 761 1674 vero
783 1609 976 1674 maledicere
996 1611 1174 1676 secundum
1195 1612 1234 1674 il·

126 1711 204 1776 lud:
222 1713 266 1776 nd
284 1711 523 1776 benedicendum
534 1711 619 1776 enim
632 1721 661 1776 ct
674 1731 738 1776 noc
752 1714 795 1777 od
807 1712 1055 1778 maledicendum
1068 1713 1166 1778 crecti
1177 1734 1231 1778 au-

126 1832 208 1878 mea.
232 1813 353 1877 Deinde
375 1815 405 1875 in
428 1831 557 1878 censum
583 1832 675 1878 suem
697 1815 856 1894 graditur,
878 1825 1032 1879 eteorum
1048 1814 1115 1879 lleo
1129 1825 1227 1888 stans,

127 1934 159 1980 se
180 1934 246 1979 non
268 1934 394 1980 errasse
415 1917 518 1996 inquit
540 1917 570 1979 in
589 1917 639 1994 iis,
661 1915 700 1978 de
722 1917 840 1998 quibus
862 1917 1131 1997 reprelienditur3
1148 1925 1181 1980 et
1194 1919 1236 1980 ai·

126 2018 202 2099 qnid
227 2019 259 2080 in
279 2019 346 2082 suis
365 2017 457 2080 libris
479 2020 681 2098 reperiretur
701 2037 720 2081 a
743 2020 878 2082 resilnte
899 2018 1051 2094 derium,
1074 2018 1155 2082 illud
1177 2020 1235 2084 lm·

125 2119 306 2201 putendum
326 2137 395 2184 esse
423 2119 641 2197 adversariis,
661 2121 717 2200 qui
747 2128 781 2184 et
805 2120 902 2184 verbu
927 2128 960 2184 et
982 2137 1112 2184 sensnm
1137 2119 1230 2184 lalae-

126 2228 214 2299 rnnt,
235 2241 296 2303 pro
315 2224 423 2288 lubitu
437 2223 587 2286 detractis
601 2223 669 2285 sive
683 2222 840 2300 adauctis,
856 2223 1013 2304 quaesibi
1030 2223 1226 2288 siderentur.

206 2322 413 2406 comiteque
429 2343 472 2388 ex
494 2325 553 2388 hec
573 2323 786 2390 obtestatione
808 2334 872 2388 tam
887 2323 1019 2406 limpide
1033 2343 1142 2388 eorem
1164 2322 1233 2388 lleo

127 2437 159 2489 et
179 2427 363 2490 hominibus
384 2434 518 2502 exucta,
542 2427 684 2491 latentur
703 2445 738 2490 se
759 2445 923 2508 nunquam
953 2428 1107 2503 sensisse,
1129 2443 1234 2508 neque

130 2526 278 2592 docuisse
289 2544 327 2592 eu
341 2528 461 2603 omnin,
472 2529 515 2591 ob
526 2543 610 2608 ques
624 2529 665 2590 eb
676 2528 814 2615 Aegypti
828 2529 984 2610 episeopis
997 2538 1147 2610 tunquam
1163 2529 1237 2593 lese·

127 2631 250 2694 reticos
268 2630 448 2708 damnetur,
472 2647 490 2691 n
510 2630 735 2694 communione
756 2629 970 2694 ecclesiastice
994 2631 1147 2694 exclusus
1168 2629 1237 2694 ine·

127 2741 191 2808 rat,
207 2740 239 2795 et
253 2732 392 2814 emplius
416 2750 518 2812 quum
534 2734 605 2812 puri
626 2731 775 2795 libertate
793 2731 852 2808 (uti
867 2735 925 2813 qui
950 2734 981 2795 in
995 2752 1029 2797 se
1043 2751 1060 2796 a
1076 2735 1237 2797 conscien-

128 2833 193 2897 lise
206 2851 286 2896 snae
301 2833 492 2898 rectitudine
505 2833 624 2914 egitur)
639 2833 828 2908 obtestnlm,
844 2834 950 2898 denuo
968 2833 1071 2898 llenm
1083 2835 1232 2898 innoeen-

131 2935 194 2998 tiae
213 2951 294 2998 sues
316 2943 427 2999 testem
444 2952 574 3011 vocans,
586 2943 619 2999 et
633 2935 718 2999 circe
732 2935 893 2998 librorum
915 2953 1050 3000 snorum
1071 2936 1237 3002 adultera·

129 3039 250 3100 tionem
273 3054 332 3117 per
351 3036 506 3100 subdolus
527 3039 614 3100 siros
635 3037 694 3099 sibi
716 3038 822 3100 hostes
842 3044 1014 3116 petralem,
1035 3057 1108 3102 cnm
1129 3039 1238 3102 sdlnne

128 3139 278 3217 vireret,
302 3157 407 3218 neque
430 3137 567 3202 Romam
590 3141 837 3204 transmittentes
858 3140 1075 3219 perversitatis
1096 3140 1241 3220 ipsorum

128 3257 291 3304 venenum
323 3249 435 3304 contre
457 3239 605 3304 eumdem
616 3261 629 3320 3
661 3240 738 3322 qnid
759 3240 938 3322 putendum
960 3243 1023 3306 erit
1046 3241 1168 3305 lectam
1189 3257 1239 3305 es·

129 3358 163 3403 se
183 3349 260 3422 post
288 3342 413 3404 obitum
444 3358 540 3406 suurn
562 3341 602 3402 nb
631 3341 869 3405 baereticorum
895 3342 1019 3421 impetn
1039 3342 1131 3420 (viro
1153 3342 1241 3406 lenud

126 3442 218 3504 ultra
239 3443 277 3505 iis
298 3442 455 3520 obstentel
477 3444 518 3505 ab
541 3443 724 3506 invidorum
744 3443 863 3520 studio,
883 3453 1132 3525 ceterorumque
1149 3445 1241 3508 insci·

129 3547 170 3607 tie
186 3552 221 3606 et
237 3538 366 3623 praeter
380 3545 486 3608 zelum
501 3542 662 3608 scientie?
678 3543 741 3620 Qui
755 3545 852 3608 simul
870 3546 1084 3608 coalescentes
1104 3563 1142 3608 ec
1156 3562 1243 3608 com·

129 3647 219 3710 muni
242 3647 482 3726 malignantium
505 3647 650 3722 consilio,
674 3646 795 3726 ubique
816 3648 847 3708 in
868 3645 1017 3710 eumdem
1037 3654 1071 3710 et
1090 3647 1121 3708 in
1141 3647 1242 3712 libros

130 3747 203 3829 ejus
227 3747 339 3828 jusula
363 3749 475 3812 livoris
497 3750 547 3812 sni
564 3748 669 3828 pulum
692 3747 917 3825 intenderunt,
936 3749 1031 3811 sicuti
1055 3747 1086 3810 in
1109 3767 1245 3830 sequen-

131 3850 217 3912 tibus
237 3847 393 3913 dicetnr’l

212 3948 442 4014 Verumtamen
462 3969 514 4026 eo,
530 3950 615 4014 nude
635 3950 768 4029 digressi
788 3967 913 4027 sumne,
936 3950 1087 4028 reversis,
1108 3969 1145 4016 nc
1165 3951 1242 4015 Ori·

128 4054 218 4132 genis
231 4053 410 4134 questubus
423 4071 498 4116 cnm
519 4054 628 4116 euticis
642 4054 708 4116 auis
727 4054 865 4128 intentis,
888 4062 921 4116 et
935 4052 1066 4132 insuper
1086 4054 1151 4118 huc
1165 4069 1240 4116 con·

130 4155 224 4232 gestis
238 4151 436 4234 argumentis
450 4153 489 4216 de
503 4154 602 4231 ipsine
615 4171 690 4217 cum
708 4151 850 4216 Ecclesia
869 4151 1035 4218 Catholicn
1053 4154 1239 4230 concordia,

131 4256 320 4334 praesertim
340 4255 372 4318 in
394 4255 443 4332 lia,
466 4273 550 4336 qnae
570 4255 610 4318 nd
637 4253 825 4336 principalis
846 4253 994 4336 dogmnta
1015 4257 1162 4332 attinent,
1185 4273 1239 4318 re-
