3048 4946
88 483 170 558 cama
184 492 299 556 iactum
321 489 429 556 iuiaae.
449 489 510 556 Sed
526 493 665 573 primum
681 491 810 574 quidem
825 488 913 574 quud
929 489 1175 572 gravitatem·

86 594 152 656 moti
165 611 300 658 muamus
313 611 429 660 corona
442 591 669 674 Capitulorum
684 595 848 674 impietate
856 613 868 672 3
885 599 957 674 poat
969 597 1081 656 antem
1097 591 1175 672 quia

87 708 141 755 noo
158 691 339 772 defuerunt,
354 694 425 775 qui,
445 711 620 775 suppremo
644 693 785 759 Nestorii
806 693 947 768 nomiae,
962 690 1104 758 Nestorii
1129 700 1176 754 ta·

83 811 146 856 neu
164 794 322 858 atudeotea
342 795 500 874 partibus,
516 805 687 860 ceronnam
707 796 780 877 eiua
801 793 895 858 fldem
916 793 1072 859 iuducere
1092 791 1176 856 nite·

84 901 205 973 reutur3
227 893 455 977 Ecclesiaeque
476 897 622 962 tribuere
643 914 706 960 uon
730 902 923 960 veneantur
942 912 1058 959 eorum
1080 893 1175 975 capt·

83 1001 142 1058 tum
163 997 365 1078 impietatem.
399 996 605 1080 Quamquam
636 998 736 1079 igitur
761 995 989 1078 capitulorum
1021 995 1176 1077 iniquitas

82 1095 384 1180 maoiieatopateaet,
408 1099 635 1180 tomaoluiiaiIo
658 1099 765 1164 aeciua
779 1095 946 1162 Ecclesiae
971 1094 1030 1161 Dei
1051 1094 1176 1161 antiati-

82 1204 123 1260 tea
141 1198 169 1260 io
184 1216 283 1264 noum
304 1211 534 1282 congregantes
548 1200 831 1280 interrogavimus,
847 1199 924 1281 qnid
946 1198 987 1262 de
999 1201 1046 1262 eia
1061 1197 1173 1261 decar-

81 1305 183 1361 nareut
195 1317 264 1364 ema
277 1301 493 1365 aeutieudum.
516 1299 581 1378 Qui
595 1317 670 1364 cnm
687 1299 861 1381 perepicuo
875 1297 1056 1362 teatimonio
1065 1305 1177 1376 ,catan-

81 1395 150 1462 dere
162 1399 291 1477 mitent,
307 1400 466 1483 eiusmodi
481 1417 612 1464 erronea
624 1417 730 1476 necue
743 1398 784 1461 ab
799 1395 943 1462 Ecclesia
959 1397 1106 1480 probari,
1121 1416 1177 1462 ue·

80 1514 136 1578 pue
155 1500 223 1566 nilo
244 1517 391 1582 unquam
413 1509 558 1584 tempora
580 1500 733 1583 probaton
753 1517 835 1575 eane,
850 1516 921 1566 eam
944 1499 1176 1580 impietatama

78 1602 185 1667 auoctia
207 1601 357 1666 Patribus
387 1603 477 1666 initio
498 1603 776 1685 praedamnatam,
809 1618 872 1665 anu
893 1617 1005 1664 omnen
1023 1599 1179 1682 androgio

79 1717 184 1766 turona
205 1705 511 1784 proscripserunt.»

150 1799 284 1880 Quinto,
299 1805 377 1886 quio
393 1803 549 1872 Forrandi
571 1808 738 1890 epistolam
759 1807 799 1871 ad
817 1805 982 1886 Pelagium
1004 1809 1037 1868 et
1049 1803 1180 1868 *Anato-

77 1897 151 1964 lium
171 1922 360 1982 memoaem‚
376 1907 431 1972 ndi
446 1908 488 1971 ab
509 1908 600 1972 initio
612 1908 810 1990 quaestionis
831 1907 872 1972 de
888 1908 990 1972 tribua
1005 1905 1177 1987 Capitolia,

79 1997 172 2066 uliam
189 2005 253 2068 aim
270 2007 426 2087 episcopis
442 2008 594 2075 oiaicaoia
606 2009 738 2075 inlatam
762 2008 860 2072 iniaae
882 2011 1051 2089 perspicue
1069 2010 1180 2088 uagam

76 2107 105 2163 et
117 2103 191 2182 quin
213 2106 279 2170 huc
295 2104 400 2187 vigilii
422 2108 506 2173 dicta
520 2111 552 2172 io
573 2107 756 2175 Constituto
774 2107 919 2190 exposita
943 2124 1106 2183 revocem,
1123 2104 1180 2171 ubi

75 2208 331 2286 compertissima
352 2211 562 2292 argumentis,
578 2220 611 2275 et
632 2220 721 2276 certa
735 2210 881 2286 aciautia,
904 2209 997 2273 nulia
1019 2207 1181 2272 mediante

73 2303 248 2373 execranda
269 2312 574 2390 promissionem
597 2312 748 2376 uiolentia
779 2319 889 2376 motua
911 2309 1016 2391 inquit
1037 2307 1076 2372 ad
1099 2307 1183 2371 hanc

74 2413 263 2476 onnemaiaaa
283 2409 511 2492 capitulorum
533 2411 783 2478 damnationem
801 2429 907 2476 nonne
927 2411 1008 2474 naec
1028 2408 1184 2474 Jnatinia·

75 2507 104 2570 ai
122 2510 247 2576 aioceaa
268 2521 302 2577 at
329 2513 498 2578 luculenta
518 2515 691 2581 obiectatio
724 2516 874 2596 coarguit
904 2512 1179 2578 mandaciaaimam

74 2606 212 2679 Facundi
234 2615 507 2680 insimulationum
523 2617 681 2682 advocans
703 2615 897 2699 Principem,
913 2623 945 2680 et
958 2617 1127 2699 episcopua
1147 2619 1181 2680 et

76 2707 222 2792 vigiliam
248 2715 468 2784 Pontificem?
495 2719 589 2799 qumi
611 2733 695 2782 nona
716 2717 866 2782 inuidiam
895 2734 934 2782 ac
956 2717 1127 2794 uiolenter,
1149 2721 1183 2781 et

72 2811 244 2882 arbitraria
266 2820 394 2900 opimat,
409 2826 442 2882 et
462 2819 517 2882 aiii
540 2818 621 2883 ideat
641 2821 801 2884 antistites
821 2818 932 2883 mundi
954 2819 1062 2901 potina
1082 2836 1181 2900 quam

73 2909 128 2978 Dei
147 2927 326 2997 amatorea,
355 2927 390 2985 et
410 2920 510 3002 hujus
534 2921 617 2985 vitae
638 2920 720 2984 bona
753 2935 853 3001 qnam
876 2920 1045 2986 vanitatum
1066 2919 1183 2985 nectari

74 3017 290 3088 uiderentur?

150 3119 226 3186 Dixi
250 3123 291 3188 de
304 3125 461 3208 epiacupia
482 3143 545 3191 nou
566 3145 636 3194 eme
652 3121 920 3209 praesumendam
944 3125 1185 3194 immobilitatem

72 3235 127 3283 nec
150 3223 475 3309 puetitaaimitatam
501 3235 534 3293 et
556 3229 761 3311 potimimum
782 3230 822 3294 de
843 3226 971 3294 duobos
991 3224 1185 3310 patriarchia

71 3315 272 3401 Ephcaemiu
303 3329 496 3393 autiocheno
528 3336 561 3394 et
594 3329 693 3394 Petro
723 3331 1031 3412 hierosolymitano,
1064 3328 1096 3390 in
1125 3323 1186 3389 Ec·

72 3421 168 3490 cieaia
190 3435 272 3493 tunc
292 3428 437 3495 doctriua
459 3439 493 3495 et
511 3435 630 3513 pietate
650 3432 897 3514 praeatuotibua.
917 3430 964 3495 De
980 3429 1078 3494 Petro
1099 3428 1184 3493 cuim

68 3519 237 3605 legitote«
253 3529 314 3594 Via
332 3534 637 3613 praestantiaaimua,
660 3533 757 3616 cnjna
778 3551 891 3613 magna
914 3533 976 3597 init
1000 3532 1084 3596 iama
1096 3551 1108 3610 3
1140 3529 1187 3592 ia·

70 3639 152 3692 mam
175 3640 290 3696 antem
310 3634 487 3713 superabat
509 3635 623 3698 uirtus.
639 3629 712 3699 »m
733 3634 931 3698 tantumdem
953 3634 1124 3698 dicendum
1146 3631 1187 3694 de

70 3723 286 3808 Ephe-aemio,
308 3735 404 3816 cujua
424 3736 575 3799 sanctitas
596 3742 629 3797 et
656 3735 850 3816 amplissima
874 3743 1021 3798 ueterum
1050 3732 1185 3797 Patrum

69 3829 212 3895 eruditio
230 3835 477 3900 maniieatuntur
490 3837 521 3899 in
542 3838 701 3916 scriptito
719 3837 835 3901 Photio
856 3838 1043 3900 memoratio
1058 3835 1089 3897 in
1103 3831 1184 3900 Cod.

70 3927 141 3995 228.
165 3933 278 3998 Ambo
299 3952 360 4017 pro
381 3936 444 4001 tide
462 3938 645 4003 ortncdoxa
667 3938 824 4003 advocans
852 3938 1024 4019 acephalos
1044 3955 1102 4000 aex
1124 3934 1188 3999 cir·

67 4031 151 4096 citer
171 4052 277 4100 anaoa
291 4046 385 4102 anteo
407 4039 475 4103 ullu
491 4039 613 4121 absque
628 4057 853 4120 personarum,
871 4040 1020 4121 quamvis
1034 4042 1188 4118 adgnata·

67 4151 141 4198 rum
163 4136 402 4218 acceptatione,
424 4139 554 4205 fortiter
574 4139 769 4206 dimicarunt
789 4141 985 4206 anathemati
1014 4137 1186 4220 subjicien-

68 4237 116 4302 taa
128 4238 330 4308 anthimum
341 4246 373 4308 et
386 4241 504 4321 accius,
520 4245 580 4308 etsi
604 4241 799 4308 anctoritate
813 4251 845 4308 et
860 4241 974 4310 tutore
989 4241 1185 4325 principum,
