3186 4946
353 465 428 518 suot
451 451 563 526 Ebiou,
588 451 739 529 Artemo,
762 451 876 516 deinde
898 449 1019 514 Paulus
1047 453 1278 524 samosatenus,
1300 449 1383 514 altor
1406 447 1466 514 Lu·

353 559 475 629 cianus,
499 553 700 633 usquedum
723 552 792 616 Arii
814 560 951 616 aetatem
972 552 1132 631 attigerit:
1156 568 1258 631 quare
1279 551 1311 614 iu
1339 571 1467 616 eorum·

354 659 426 722 dem
448 666 544 720 coetu
566 673 680 718 nomen
700 654 791 720 siluit
810 651 984 733 Origenis'?
1007 653 1035 716 ls
1056 653 1152 727 enim,
1174 654 1313 732 acceptis
1328 671 1412 733 quae
1426 671 1467 716 ex

352 759 444 822 libris
466 755 660 820 Periorohon
681 757 842 836 collegere
863 753 1081 836 Theophilus,
1105 751 1321 838 Hieronymus
1342 762 1373 816 ιι
1396 753 1469 832 Epi·

353 860 502 941 phanias,
520 859 702 936 blasphema
719 857 835 920 docens
851 858 881 918 io
899 853 1019 918 Filium
1036 854 1108 930 llei,
1125 860 1275 932 tanquam
1290 861 1467 918 emturum

353 961 391 1024 v'n
411 973 564 1042 ternpore,
589 959 683 1024 Patri
702 956 908 1040 inferiorem,
928 975 984 1020 arc
1005 955 1069 1036 ipsi
1089 965 1298 1032 coaeternum,
1325 965 1353 1016 ct
1374 957 1469 1017 relate
1550 995 1551 1020 ,

352 1063 396 1126 nd
415 1061 518 1141 ipsum
542 1061 666 1125 Patrem
686 1060 884 1123 mendacium
905 1078 966 1122 esse
976 1080 988 1139 3
1004 1077 1057 1120 nac
1072 1067 1167 1120 ertum
1192 1057 1295 1120 cidere
1313 1075 1403 1137 pesce
1419 1055 1470 1118 Fi·

354 1163 432 1245 h'upv
451 1171 505 1226 ete.
529 1163 618 1226 nulla
642 1165 763 1226 ratione
785 1161 1070 1226 omittenduserat
1090 1161 1139 1222 ab
1152 1160 1363 1222 Atesandso:
1394 1175 1466 1224 eom

355 1263 502 1346 Origenis
523 1281 637 1326 nomen
659 1271 692 1324 et
711 1265 828 1341 scripta
858 1272 933 1326 tuuc
952 1264 1027 1326 satis
1041 1270 1115 1324 nota
1130 1262 1240 1324 orbem
1257 1259 1470 1340 pervaderent

356 1369 575 1430 christianum.
599 1365 742 1445 ldeoqoe
763 1365 939 1428 Alexandri
961 1364 1122 1426 silentium
1148 1363 1341 1426 latissimum
1368 1363 1471 1440 suspi-

357 1470 456 1530 cionis
477 1468 615 1547 spatium
638 1466 816 1543 permittit,
840 1475 876 1530 ιι
897 1467 1025 1530 dicatur
1047 1467 1086 1528 ab
1113 1465 1297 1545 huiusmodi
1322 1465 1468 1543 blasphe·

358 1571 418 1632 mia
443 1568 591 1630 immunis
613 1566 711 1630 luisse
732 1567 910 1648 Origenes:
933 1587 992 1632 uec
1014 1568 1070 1630 nisi
1093 1565 1379 1646 interpolatoribus
1394 1583 1468 1630 suo·

357 1689 429 1732 rum
451 1668 612 1732 librorum
635 1670 700 1744 ipsa
724 1687 792 1732 esse
813 1651 1025 1750 adjudicanda
1050 1669 1185 1732 neianda
1207 1668 1302 1730 dicte.
1488 1663 1491 1670 ’

438 1767 623 1843 Quinimmo
645 1774 676 1834 iu
697 1771 802 1834 citetis
816 1771 993 1834 Alexandri
1011 1769 1138 1834 Litteris
1153 1770 1332 1833 locutiones
1346 1768 1388 1832 de
1402 1765 1470 1832 Tri·
1550 1841 1551 1860 χ

356 1870 463 1932 nitatis
485 1871 637 1950 dogmate
655 1872 783 1934 obviam
808 1871 900 1946 irunt,
923 1889 1008 1952 qnae
1030 1890 1091 1934 non
1112 1871 1217 1934 solum
1239 1871 1271 1932 io
1298 1887 1395 1934 senso
1423 1886 1470 1930 as·
1550 1861 1551 1886 ¹

356 1972 553 2047 similantur,
573 1972 629 2035 sed
652 1972 719 2037 lero
741 1973 935 2036 verbotenus
956 1977 1142 2053 exprimunt
1158 1969 1315 2052 quidquid
1331 1973 1467 2044 excutit,
1550 1961 1551 2026 i

327 2143 331 2150 ,
357 2075 518 2152 ducetque
539 2072 696 2153 Origenes
719 2080 782 2137 tem
804 2074 844 2137 de
859 2072 967 2138 Verbo
983 2074 1052 2148 Dei,
1073 2083 1136 2136 tem
1151 2072 1191 2166 de
1205 2073 1326 2154 Spiritu
1342 2073 1469 2138 Sancto.

356 2173 405 2238 lta
427 2193 565 2255 namquo
587 2177 686 2254 paulo
701 2182 773 2254 post
788 2178 819 2240 in
839 2176 911 2238 lidei
928 2175 1136 2266 professione,
1153 2195 1249 2256 quam
1268 2178 1334 2257 ipse
1350 2185 1384 2238 et
1398 2191 1469 2238 cum
1550 2171 1551 2184 *

357 2294 396 2338 eo
418 2277 517 2342 ueteri
538 2277 719 2360 presbyteri
740 2278 902 2351 emittunt,
925 2278 1067 2356 legitur:
1091 2299 1107 2336 v
1126 2276 1165 2339 Et
1186 2280 1217 2340 in
1239 2295 1340 2340 noum
1356 2275 1468 2340 lesum
1550 2295 1551 2308 ³

356 2373 523 2460 Christum
544 2375 728 2456 (credimus)
753 2375 869 2442 Filium
893 2376 949 2441 ttet
977 2381 1174 2457 unigenitum
1188 2397 1200 2457 3
1229 2379 1371 2457 genitum
1403 2377 1470 2457 qni·

359 2477 431 2541 dem
454 2495 516 2540 oon
538 2497 578 2542 ex
600 2497 651 2554 ιο,
674 2480 760 2558 quod
783 2498 845 2541 nno
866 2487 926 2552 est,
947 2480 1001 2542 sed
1025 2499 1065 2544 ex
1086 2499 1138 2554 eo,
1154 2481 1210 2560 qui
1227 2479 1322 2542 Pater
1333 2487 1405 2542 ests
1420 2496 1470 2540 ne·

357 2598 422 2659 que
444 2580 473 2641 id
496 2580 626 2660 quidem
647 2598 739 2642 more
754 2600 913 2658 corporeo
928 2601 986 2662 per
1003 2583 1189 2646 incisionum
1205 2591 1262 2645 ant
1275 2580 1468 2644 divisionum
1550 2569 1551 2648 J

359 2680 530 2756 fluxiones,
553 2689 590 2744 ut
610 2680 751 2746 Sabellio
766 2689 797 2744 et
814 2681 981 2744 Valentino
1004 2684 1107 2747 visum
1129 2692 1189 2759 est,
1204 2684 1257 2746 sed
1273 2682 1368 2744 modo
1391 2697 1469 2760 quo·
1550 2733 1551 2742 ,

360 2781 449 2857 (ιιιιι,
472 2781 527 2860 qui
551 2782 657 2844 verbis
679 2782 851 2863 explicari,
873 2785 1052 2861 exprimive
1073 2785 1202 2848 omnino
1230 2801 1292 2845 non
1319 2791 1468 2862 polest.»
1550 2827 1551 2860 ,

360 2879 463 2958 Haec,
485 2882 628 2962 inquam,
651 2886 858 2964 praescripsit
878 2884 1032 2964 Origenes
1055 2888 1084 2947 in
1108 2885 1205 2948 Libro
1228 2883 1251 2947 l.
1281 2882 1472 2948 Periurclton
1550 2865 1551 2880 ¹

361 2999 390 3044 c.
421 2982 463 3046 ll.
488 3001 517 3045 n.
542 2979 572 3047 6.
595 2983 634 3045 de
654 2985 806 3048 ioellabili
839 2985 911 3048 Filii
942 2989 1166 3064 generatione:
1190 3009 1206 3046 u
1226 2985 1469 3050 Observandum
1550 2981 1551 3010 ³

359 3090 430 3158 est,
454 3083 520 3158 eil,
545 3085 657 3163 nequis
679 3086 826 3150 incurrat
848 3088 878 3148 iu
900 3088 973 3150 illas
993 3088 1150 3150 absurdas
1173 3085 1299 3148 tabulas
1328 3104 1466 3156 eorum,

358 3183 415 3263 qui
437 3185 631 3262 prolationes
652 3189 805 3268 quasdam
828 3189 887 3250 sibi
909 3190 983 3268 ipsis
1005 3189 1193 3268 depingunt,
1210 3199 1247 3252 ot
1261 3187 1402 3250 divinam
1418 3203 1470 3248 un·

357 3288 465 3344 loram
487 3285 518 3346 in
540 3293 645 3364 perles
669 3295 860 3366 vocon13et
888 3287 990 3351 Oenm
1025 3287 1174 3364 Patrem,
1203 3296 1361 3369 quantum
1384 3289 1415 3348 io
1434 3301 1466 3346 sc

357 3392 417 3458 est,
441 3383 602 3466 dividant,
625 3405 699 3452 oum
721 3388 782 3450 hoo
803 3390 842 3450 de
865 3392 1055 3468 incorporea
1077 3396 1192 3452 natura
1216 3388 1267 3450 vel
1283 3389 1401 3452 leviter
1419 3403 1470 3450 su·

357 3485 487 3566 spicari,
504 3505 565 3550 non
579 3490 686 3552 solum
700 3499 866 3553 extremae
881 3492 1051 3572 impietatis
1066 3499 1126 3566 cst,
1146 3507 1258 3552 verum
1273 3491 1368 3552 etiam
1381 3498 1467 3552 ete.»

440 3586 520 3650 ltem
542 3591 581 3652 de
601 3587 723 3670 Spiritu
746 3590 861 3655 Sancto
884 3598 1117 3671 consequenter
1138 3594 1182 3654 ait
1205 3590 1383 3672 Episcopus
1406 3592 1468 3652 ale·

359 3687 555 3752 xandrinusr
573 3711 589 3750 v
607 3690 741 3754 Praeter
761 3691 852 3756 istam
881 3693 965 3771 piam
993 3691 1033 3754 de
1057 3690 1150 3756 Patre
1175 3700 1208 3756 ιι
1236 3690 1321 3754 Filio
1347 3701 1469 3755 senlen-

360 3787 466 3866 tiam,
488 3807 590 3852 unum
611 3797 778 3870 praeterea
801 3791 955 3871 Spiritum
978 3791 1149 3870 Sanctum,
1171 3797 1256 3858 sieut
1276 3814 1333 3857 nos
1356 3794 1470 3858 decant

357 3905 470 3952 sacrae
490 3889 691 3970 Scripturas,
714 3891 929 3957 eonfitemur:
950 3896 1008 3974 qni
1029 3913 1091 3958 nou
1114 3897 1209 3960 modo
1229 3902 1355 3960 sanctos
1370 3894 1469 3958 homi·

361 4009 417 4054 nes
441 3992 557 4054 veleris
592 3988 808 4069 Testamenti,
829 3996 884 4058 sed
906 3997 1001 4060 etiarn
1024 3997 1147 4060 divinos
1176 3998 1250 4060 novi
1280 3991 1469 4060 Testamenti

359 4089 515 4154 Doctores
538 4092 711 4156 innovavit.
728 4112 744 4150 o
761 4093 823 4158 lsta
839 4096 1062 4160 instaurantur
1077 4099 1108 4160 in
1126 4097 1327 4160 praelatione
1344 4096 1430 4160 Libri
1442 4092 1465 4153 Ι.

356 4192 501 4274 ejusdem
524 4194 686 4274 Origenis,
709 4195 764 4260 ubi
785 4197 919 4276 legitor,
940 4195 1062 4286 aluno
1082 4198 1195 4263 deiude
1216 4197 1387 4282 (Apostoli)
1415 4195 1469 4260 ho·
