3048 4946
309 465 524 546 putabimus,
540 474 572 529 ot
592 468 637 530 sic
655 467 839 532 adhaesisse
859 465 990 546 Origeoi
1003 463 1020 528 ἱ)
1033 462 1084 530 Eo
1103 461 1203 542 magn
1224 459 1310 542 unm
1331 456 1419 520 nend-

322 585 420 648 quam
444 569 518 630 talio
541 569 689 633 docuisse
709 569 831 632 ostendi
845 568 1019 649 Origeuem
1029 587 1041 646 3
1056 583 1116 628 uec
1134 564 1291 626 invenisse
1305 577 1419 624 consor·

324 676 372 734 tes
385 687 464 732 suae
484 670 671 749 doctrinse;
687 689 746 734 neo
766 671 838 734 ideo
860 670 1078 734 Domitianum
1099 676 1163 730 taur
1184 665 1341 728 audenter
1359 677 1421 723 con·

321 779 472 852 questum
492 789 601 833 coram
626 769 742 851 vigilio
757 790 860 852 quare
875 770 1050 851 origeniani
1064 786 1139 833 cum
1160 786 1200 830 oo
1216 765 1319 828 moliti
1332 767 1422 824 esseut

323 867 485 934 Theodori
502 873 714 950 mopsuesteni
730 873 1026 936 condemnationem
1047 870 1090 934 ob
1104 867 1274 931 anathema
1290 863 1347 944 ipsi
1359 861 1422 925 tin·

322 973 394 1052 geni
416 971 582 1036 inilictum.
605 971 741 1053 insuper
763 975 933 1053 bucusque
948 972 1118 1052 perspicue
1140 966 1348 1050 patefecimus
1366 979 1423 1024 mo-

323 1073 485 1154 psuesteni
507 1073 741 1138 damnationem
757 1073 888 1137 aliunde
903 1091 1000 1152 quam
1014 1073 1056 1133 ab
1069 1063 1249 1149 origenistis
1263 1061 1424 1128 obtinuisse
1495 1053 1496 1096 l

325 1172 358 1234 iu
382 1169 537 1250 Ecclesia,
559 1191 618 1236 occ
639 1193 698 1255 per
717 1175 868 1247 livorem,
884 1192 990 1253 oeque
1010 1173 1052 1236 ob
1075 1171 1260 1242 vindictam,
1276 1165 1331 1228 sed
1351 1159 1425 1243 qued

329 1290 443 1354 reapse
465 1271 656 1338 Theodorus
678 1276 838 1340 haeretica
852 1284 885 1338 et
899 1276 994 1355 impia
1010 1272 1183 1344 docuisset,
1204 1271 1343 1348 eiusque
1360 1261 1425 1327 acri·

328 1382 381 1452 pta
404 1374 466 1436 boe
487 1374 570 1439 istud
586 1375 751 1456 maniieste
774 1383 980 1440 testarentur.
999 1373 1114 1439 Futilis
1133 1391 1212 1452 ergo
1229 1367 1369 1434 Facundi
1385 1381 1425 1428 as·

325 1475 436 1538 sertio.

407 1572 604 1656 ldaguopere
624 1594 701 1640 rcro
716 1583 863 1640 nostrum
878 1576 1018 1656 perculit
1032 1591 1159 1638 sensnm
1175 1567 1347 1635 llonaltiaui
1361 1583 1425 1646 goe·

327 1675 464 1738 simonia
482 1676 513 1738 in
528 1677 644 1742 littoris
660 1679 698 1740 ad
717 1677 835 1758 Papam
850 1695 1023 1758 expressos
1038 1676 1125 1757 qood
1140 1674 1263 1736 scilicet
1277 1685 1425 1752 praeson-

327 1782 382 1854 pta
404 1774 552 1856 Origenis
573 1778 723 1857 dogmate
745 1786 991 1859 respuerentur,
1013 1795 1050 1840 ac
1072 1793 1135 1838 nun
1155 1788 1231 1837 cnm
1253 1774 1303 1834 lara
1331 1770 1428 1832 absue

328 1875 376 1938 dis
398 1884 430 1940 ct
444 1875 583 1956 Origene
605 1878 724 1941 borum
747 1887 884 1942 auctore
905 1879 1012 1942 lorent
1031 1893 1163 1957 qnoque
1184 1866 1426 1936 anathematizati

328 1976 517 2038 sanctissimi
537 1986 570 2046 et
591 1977 809 2055 gloriosissimi
827 1975 982 2042 Doctores
1004 1986 1154 2053 unquam
1177 1975 1277 2053 ipsius
1296 1967 1426 2048 Origenis
1495 2037 1496 2052 1

330 2075 477 2159 discipuli
499 2095 702 2158 suorumque
724 2077 910 2158 dogmatum
933 2079 1072 2160 patroni.
1096 2075 1131 2138 ln
1151 2094 1217 2156 quo
1236 2089 1380 2136 sermone
1394 2067 1428 2130 ai·

330 2177 398 2239 cuti
419 2179 526 2239 insana
550 2179 730 2259 praepollet
751 2198 839 2243 mens
862 2179 964 2243 relate
986 2179 1025 2240 ad
1050 2187 1174 2239 veteres
1198 2173 1360 2237 Ecclesiae
1376 2167 1428 2231 llo·

331 2285 450 2352 utores,
472 2281 563 2358 quasi
585 2281 758 2360 suppositis
779 2281 927 2360 Origenis
949 2278 1117 2342 erroribus
1145 2275 1426 2342 communicassent

332 2393 434 2453 quum
456 2394 514 2438 neo
534 2377 689 2457 Origenes
710 2380 841 2454 errarit,
864 2397 921 2442 nec
945 2377 1109 2441 Ecclesiae
1133 2377 1246 2439 Patres
1266 2374 1363 2453 ipsios
1385 2387 1428 2431 ae·

332 2477 515 2553 quieverint
529 2480 714 2542 erroribus:
739 2482 780 2543 ita
798 2479 911 2559 desipit
936 2477 1106 2543 Facundus
1129 2495 1203 2540 cum
1219 2476 1320 2550 addit,
1331 2473 1428 2548 onga-

332 2577 380 2638 uis
395 2584 559 2655 patronos,
585 2582 615 2640 in
637 2581 755 2659 quibos
770 2579 1002 2654 Domitianum,
1019 2580 1163 2642 noluisse
1185 2578 1322 2640 ulterius
1346 2572 1428 2652 hujus

332 2695 446 2757 gerere
467 2697 596 2744 causam
608 2701 618 2759 ι
640 2683 693 2744 sed
717 2686 824 2761 potius
845 2701 900 2746 cos
921 2683 1047 2756 ulcisci,
1069 2683 1127 2761 qui
1148 2679 1298 2758 Origenis
1317 2674 1430 2738 anatbc·
1495 2739 1496 2750 ,

330 2797 383 2842 nan
404 2781 633 2858 decreverunt,
655 2783 812 2848 adversus
834 2782 1041 2848 Theodorum
1074 2790 1335 2860 mopsuestenum
1355 2787 1429 2838 arnt

334 2889 504 2944 vertentes.
523 2880 658 2946 Danaum
674 2885 731 2963 qui
753 2885 783 2946 io
799 2885 861 2947 boe
883 2885 987 2964 capite
1002 2892 1088 2947 tanta
1109 2889 1311 2946 commentus
1323 2887 1369 2940 est
1382 2871 1429 2936 iia·

337 2981 463 3044 condus
484 2982 524 3045 ad
548 2982 654 3064 Vigilii
676 2986 882 3064 ignominiam
910 2994 943 3050 et
964 2985 1190 3066 episcoporum
1211 2983 1245 3044 io
1264 2981 1365 3045 tribus
1382 2973 1431 3039 ca·

336 3082 445 3161 pitolis
466 3085 783 3161 anathematizandis,
800 3095 837 3150 ut
859 3087 942 3148 inira
963 3086 1103 3160 dicatur,
1120 3085 1228 3166 potuit
1247 3092 1281 3148 et
1294 3077 1432 3145 similibus

333 3187 525 3246 commentis
547 3185 671 3264 reliqua
694 3186 853 3250 adornare
875 3186 915 3249 de
946 3184 1139 3262 Domitiano,
1162 3186 1218 3265 qui
1241 3201 1312 3248 cont
1333 3177 1432 3244 ceteris

338 3285 504 3348 catholicis
526 3285 621 3348 iidem
652 3289 868 3353 orthodoxam
898 3288 1127 3368 propugnavit,
1162 3287 1267 3350 tribus
1296 3277 1433 3362 capitolia

338 3385 500 3460 refutatis,
522 3405 704 3475 eorumque
725 3388 957 3452 defensoribus.

402 3485 592 3567 ‘Postquam
616 3505 693 3554 vcro
726 3490 874 3568 pluribus
905 3490 1103 3569 argumentis
1123 3481 1242 3553 contrs'
1258 3481 1390 3550 Libersti
1406 3481 1432 3538 ct

338 3583 484 3652 Facundi
505 3590 693 3654 sententiam
718 3593 830 3668 statui,
854 3590 1004 3670 vigilium
1036 3590 1153 3670 Papam
1180 3603 1343 3669 numnam
1373 3577 1433 3642 On'·

339 3690 425 3767 genis
446 3689 671 3770 subscripsisse
692 3692 900 3765 damnationi,
931 3692 1120 3756 diluendum
1142 3698 1252 3753 manet
1272 3684 1354 3769 quod
1372 3679 1434 3746 Cat·

337 3790 486 3854 siodorus
507 3793 539 3853 iu
559 3810 588 3856 o.
612 3791 636 3854 l.
661 3791 705 3856 De
728 3792 931 3858 institutione
952 3792 1136 3856 divinarum
1159 3790 1350 3854 lattmrnrn
1368 3779 1433 3846 scri·

340 3893 421 3970 psit:
447 3913 464 3952 n
480 3890 574 3956 Hunc
596 3892 811 3973 (Origeoem)
832 3896 908 3958 licet
930 3902 978 3958 tot
1002 3893 1136 3956 Petrum
1156 3894 1320 3970 impugnet
1337 3890 1432 3947 aucit·

339 3993 430 4071 ritas,
453 3995 612 4072 praesenti
635 4004 739 4058 tamen
763 4005 906 4073 ternpore
926 4001 958 4058 et
974 4013 990 4055 a
1009 3991 1125 4072 vigilio
1147 3989 1233 4071 i'spa
1250 3989 1317 4052 niro
1336 3980 1434 4047 beatis·

337 4093 419 4156 simo
435 4093 541 4158 denuo
562 4104 686 4160 constat
700 4113 768 4160 esse
790 4096 987 4159 damnatum.
1004 4114 1020 4152 a
1039 4093 1080 4158 Et
1099 4111 1175 4156 saoe
1187 4087 1342 4172 ejusmodi
1362 4077 1433 4146 testi·

218 4281 223 4296 .
342 4193 487 4260 ¹¹¹⁰⁰¹¹¹¹²¹
508 4213 527 4260 i
548 4195 715 4279 Scriptura
736 4215 858 4264 coaevo
878 4197 1057 4277 prolatum,
1080 4195 1182 4276 pluria
1206 4188 1377 4262 iaciendum
1396 4179 1432 4248 ri·
