2994 4938
50 505 138 590 polim
159 510 354 591 appelleret,
383 525 420 574 ea
442 509 608 575 damnasse
637 507 749 592 plures
771 505 937 591 episcopos
948 527 960 590 3
983 506 1156 591 inquibus

50 611 235 688 patriarchas
256 610 420 692 praefatae
440 610 545 686 urbis,
569 611 769 688 Antiochiae,
787 612 1005 676 nlesaaaatae
1028 620 1061 678 et
1082 610 1158 676 tlte·

50 713 287 794 rosolpruorum.
306 711 427 777 Deinde
454 715 487 776 in
509 714 608 793 ipsios
624 712 730 794 Papae
751 715 908 789 adventu,
926 713 1014 788 dicit,
1027 722 1158 791 septua-

49 815 124 892 ginta
145 816 272 878 circiter
293 818 460 896 episcopos
481 833 556 879 cum
580 815 726 878 Romana
743 816 891 879 hatistile
913 817 943 877 iu
959 811 1046 879 Urbe
1067 816 1156 895 regia

48 927 244 996 congregatos
265 917 490 981 condemnasse
505 935 579 981 cnm
600 919 872 997 approbatoribus
895 918 962 981 sois
977 915 1157 998 Epistulam

48 1018 319 1080 achalcedoueosi
350 1013 494 1080 Concilio
525 1019 747 1099 approbatam.
781 1017 947 1099 liquibus
978 1017 1097 1094 sorbis,
1129 1017 1156 1082 si

49 1120 220 1198 excipiatur
240 1137 300 1182 cen
321 1119 462 1182 absurda
495 1117 639 1182 Facundi
660 1119 847 1193 conclusio,
870 1121 1036 1200 episcopos
1067 1131 1156 1182 uem-¹

48 1233 82 1296 pc
101 1221 275 1283 nominatos
295 1220 514 1282 condemnasse
534 1239 606 1283 curn
626 1218 886 1300 approbatoribus
905 1219 973 1282 saris
994 1217 1159 1301 epistolant

47 1337 65 1381 a
81 1319 311 1383 chalcedonensi
328 1317 468 1383 Concilio
483 1320 701 1401 approbatam,
722 1337 878 1384 numerus
894 1321 1012 1384 borum
1034 1322 1157 1402 cpisco-

48 1435 154 1498 porum
174 1419 363 1500 colligitur,
385 1439 528 1500 qucrum
549 1421 727 1486 auctoritas
760 1428 836 1485 tuuc
858 1422 889 1483 in
908 1419 1043 1486 Oriente
1063 1436 1157 1502 prus*

50 1517 179 1598 pollebat
199 1519 357 1582 adsersus
379 1519 440 1581 tris
462 1517 627 1600 Capitale.

116 1617 346 1684 Verumtamen
365 1619 392 1682 si
414 1637 560 1701 eousque
576 1621 689 1686 inustis
708 1621 871 1685 ominibus
887 1629 1035 1702 pergeret
1057 1627 1157 1687 rasel

48 1719 173 1785 maxime
193 1723 336 1786 duarum
357 1721 570 1786 diaconorum
590 1723 720 1803 studi03
744 1741 806 1786 aon
828 1725 873 1787 sic
895 1731 1003 1802 postea
1033 1724 1155 1788 tactoru

49 1830 98 1882 est.
118 1819 242 1886 Etenim
264 1821 418 1886 Rusticus
439 1831 472 1886 et
487 1821 706 1900 Sebastianus,
729 1824 768 1887 dc
790 1833 920 1904 repenle
942 1832 1065 1887 mutata
1086 1841 1158 1886 sea·

48 1923 145 1998 tentia,
168 1923 335 1988 raaimode
356 1921 464 2003 vigint
485 1923 675 1988 laureatam
697 1925 926 2003 explanarunt,
948 1924 989 1985 ad
1011 1941 1048 1987 ea
1071 1921 1155 1987 illud

49 2021 209 2101 trahentes,
225 2042 312 2106 quae
332 2025 399 2104 ipsc
414 2040 477 2086 noa
498 2025 747 2105 animadvertit5
765 2033 797 2088 ol
811 2019 993 2089 cautionem
1007 2039 1158 2104 asperna-

49 2123 80 2195 ti,
99 2141 190 2204 quam
214 2135 280 2188 tam
304 2125 448 2189 studiosa
471 2143 530 2207 pro
552 2127 733 2190 animorum
765 2125 932 2189 hincinde
953 2125 1156 2188 conciturum

50 2225 266 2300 moderamine,
280 2227 513 2305 sapienlissime
532 2227 698 2307 adjecerat
721 2225 804 2308 Papa
828 2243 887 2306 pro
908 2232 1108 2289 statutorum
1123 2225 1156 2288 ln

49 2319 163 2406 Spoado
183 2325 428 2390 chalcedonensi
449 2329 606 2390 servanda
630 2327 823 2407 integritate.
847 2325 1070 2405 Quapropter,
1094 2328 1155 2392 baa

50 2430 225 2504 pessundata
251 2427 411 2492 Pontibcis
432 2431 596 2506 cautione,
615 2433 672 2510 qui
694 2449 735 2493 ss
764 2428 948 2492 Occidentis
970 2428 1155 2508 regionibns

49 2530 172 2611 episcopi
204 2530 266 2594 lria
296 2529 446 2610 Capitale
478 2531 707 2607 deleodentes,
743 2530 785 2595 cb
807 2534 942 2599 istorum
964 2527 1154 2594 scandalum

50 2627 150 2708 majori
171 2613 282 2693 studio
301 2646 320 2691 a
342 2628 495 2693 ludtmto
517 2629 648 2694 alienati
668 2637 754 2693 sunt.

114 2727 234 2807 Tertio,
256 2748 300 2794 ex
320 2730 381 2793 bac
403 2732 537 2812 epistola
562 2733 628 2794 dixi
652 2730 831 2794 schismatis
853 2729 1086 2793 incrementum
1108 2733 1156 2793 in·

51 2827 185 2907 saluisse,
207 2838 369 2912 quatenos
387 2840 526 2913 uterquc
541 2831 693 2896 Rusticus
708 2839 741 2895 et
760 2831 965 2894 Sebastianus
987 2831 1018 2892 io
1043 2827 1155 2894 uecta·

48 2927 85 2990 sis
104 2929 243 2996 Romana
267 2933 429 3009 honorati,
452 2936 483 2995 iu
503 2951 583 3014 apro
605 2933 765 2996 dominico
797 2933 918 2996 zizania
939 2933 1151 3002 seminarunt.

48 3021 140 3108 vigilii
160 3034 245 3095 euim
267 3029 409 3095 iudicati
432 3037 577 3095 tenorem
593 3050 652 3113 pra
674 3033 811 3095 arbitrio
828 3030 1149 3111 comprehendentes,

47 3127 193 3196 sincerum
214 3141 429 3214 corrupsntcs
451 3130 613 3197 Pontibcls
634 3149 784 3207 sensum,
807 3149 846 3193 ac
868 3131 1008 3194 maxima
1030 3132 1154 3211 inipso

47 3223 181 3297 iudicato
201 3237 386 3298 cautionem
410 3235 575 3312 rarimode
598 3234 814 3315 interpretali,
832 3233 870 3296 iis
891 3235 967 3312 ipsis
988 3231 1154 3312 conjuncti

48 3340 123 3408 sant,
142 3335 197 3414 qui
219 3335 377 3399 adsersus
406 3335 491 3398 idem
512 3333 701 3400 Judicnlnm
730 3336 988 3398 insurrexerant.
1011 3332 1154 3412 Ideoque

49 3425 169 3512 lintius
191 3435 378 3519 huiusmodi
398 3437 548 3501 scandala
580 3443 816 3518 reparaturus,
853 3434 1009 3510 callactis,
1032 3435 1088 3514 qui
1110 3435 1154 3498 ibi

48 3545 126 3599 crant
139 3537 416 3619 constantinopoli
439 3537 565 3613 ltaliae,
581 3539 749 3619 episcopis,
766 3538 797 3600 ia
813 3535 983 3600 Rusticum
1004 3543 1038 3599 et
1058 3535 1155 3599 Sebr-

49 3636 172 3703 sliaaom
194 3641 406 3706 damnationis
421 3642 648 3721 prenunciavit
667 3641 869 3715 senteutiam,
891 3639 985 3702 sicuti
1004 3644 1037 3701 ot
1057 3641 1088 3701 in
1104 3655 1156 3702 co·

49 3741 322 3822 tarasconenses
344 3751 457 3805 cantra
479 3739 688 3817 iudicatum,
711 3739 793 3804 idest
813 3747 924 3803 contra
946 3739 1028 3803 illud
1058 3757 1152 3802 rene·

48 3847 122 3914 rant,
138 3840 223 3922 quod
242 3841 274 3904 iu
288 3843 354 3922 ipsc
367 3841 519 3906 lacteam
535 3843 747 3905 constitutum
763 3841 872 3903 tuerat
889 3839 973 3902 inter
986 3839 1105 3921 Papam
1121 3847 1154 3904 et

50 3932 199 4017 hennam,
221 3949 266 4019 et,
284 3943 340 4022 qui
364 3944 395 4004 lu
416 3939 504 4007 Urbe
527 3943 614 4022 regia
630 3941 799 4022 degebant,
815 3943 993 4021 episcopos.

117 4039 262 4118 Quarto,
290 4041 366 4108 item
388 4063 429 4108 cx
465 4044 650 4108 btslltterls
671 4042 888 4121 colligendum
910 4052 970 4118 csl,
992 4043 1033 4103 ab
1054 4043 1152 4122 ipsius
1192 4067 1196 4074 ·

49 4133 174 4206 indicati
199 4153 344 4226 ternpore
364 4145 404 4208 ad
426 4162 544 4210 anuum
568 4145 699 4208 circitor
718 4140 788 4212 550.
812 4162 928 4224 usqne,
944 4161 1008 4208 uon
1028 4145 1161 4209 obstan·

50 4236 123 4306 tibus
140 4246 356 4326 quorumdam
379 4263 421 4313 ax
442 4245 651 4314 occidentalis
665 4245 823 4312 ccclesiae
842 4248 999 4330 episcopis
1026 4253 1061 4311 el
1088 4231 1160 4311 mol
