3186 4946
308 355 419 528 fflram
433 481 473 528 eo
488 411 596 530 babila
611 466 803 548 priusquam
815 465 856 529 ab
871 467 940 546 ipso
954 464 1146 530 disosdaret.
1162 465 1208 530 lbi
1220 465 1305 530 enim
1320 483 1347 530 r.
1360 461 1428 528 Do·

308 573 381 628 clor
400 583 460 645 pro
474 583 509 629 so
528 573 561 629 st
583 570 736 646 magistro
756 586 817 631 suo
841 567 920 628 baeu
941 565 980 630 de
995 563 1093 629 Verbi
1109 565 1209 632 divini
1235 583 1310 630 cum
1329 565 1430 628 Patre

309 665 428 729 unione
448 667 664 730 essentialiter
689 676 722 730 et
747 667 985 731 indivisibiliter
1013 666 1211 748 profitetur,
1238 685 1312 731 cam
1339 685 1370 730 n.
1391 665 1427 740 d.

308 765 353 828 ait
373 764 591 829 infirmitatem
613 776 756 832 nostram
777 769 933 846 imparem
954 786 990 830 se
1010 767 1131 830 habere
1152 767 1266 831 laudes
1288 776 1322 830 el
1354 785 1429 847 prs·

312 872 372 934 tiss
393 869 473 942 Deo,
500 879 658 949 quantum
683 869 809 945 deceat,
837 869 1063 949 rependendo;
1096 888 1209 934 serum
1241 881 1347 932 tamen
1363 869 1458 931 boe'

309 983 433 1037 tantum
454 972 564 1034 deberi
579 973 759 1035 animarum
776 980 961 1035 nostrarum
975 973 1157 1036 Salvatoris
1179 970 1272 1052 rlpsi
1288 971 1348 1034 seli
1363 989 1427 1051 pro

308 1075 412 1152 seipso
433 1082 466 1134 et
486 1091 545 1153 pro
567 1073 715 1136 omnibus
737 1073 886 1153 privatim
911 1087 949 1134 ac
971 1073 1121 1136 universe
1153 1073 1247 1137 luciis
1279 1081 1327 1134 est
1346 1075 1428 1135 assi·

306 1177 387 1241 duas
408 1183 506 1256 etque
528 1184 702 1254 perpetuas
723 1177 842 1254 gratias
863 1193 980 1254 agere:
1004 1175 1080 1254 quio
1101 1191 1175 1238 cum
1196 1175 1238 1238 sit
1259 1175 1325 1254 ipsa
1345 1175 1431 1236 veri-

172 1339 177 1348 ,
309 1287 369 1353 tas,
392 1286 423 1341 et
446 1281 512 1358 ipsa
537 1277 640 1339 Patris
661 1278 889 1341 universorum
911 1285 943 1338 et
964 1275 1123 1356 Sapientia
1146 1286 1177 1338 et
1193 1276 1338 1338 Potestas
1350 1297 1361 1354 3
1377 1278 1430 1338 iu·

308 1397 408 1457 super
428 1395 501 1440 cum
523 1379 555 1438 ln
577 1397 615 1438 eo
638 1377 757 1456 (Patre)
780 1377 832 1450 sit,
855 1385 983 1440 etcum
1008 1379 1076 1457 ipso
1102 1397 1163 1440 nou
1185 1377 1258 1440 licto
1279 1378 1433 1441 sudsere

310 1481 432 1554 unitus,
455 1497 518 1540 uon
532 1479 589 1541 'est
608 1497 670 1541 our
691 1496 751 1558 per
771 1479 980 1552 oblivionem,
1007 1480 1058 1541 rel
1075 1480 1307 1558 insipientiam.
1327 1477 1434 1540 ..Pa-

310 1590 392 1642 trem
413 1596 510 1642 suum
530 1578 718 1643 laudatione
739 1581 914 1642 destituat=
939 1598 1013 1642 cum
1035 1581 1064 1642 ei
1086 1581 1145 1643 soli
1169 1582 1211 1642 sit
1224 1581 1256 1642 iu
1271 1587 1429 1660 promptu

309 1679 540 1761 perfectissime
554 1696 664 1743 omnes
681 1683 927 1761 congruentium
943 1681 991 1742 illi
1010 1681 1146 1744 laudum
1161 1699 1313 1744 numeros
1328 1681 1434 1745 adlm-

311 1784 424 1862 plere;
446 1799 542 1862 quem
565 1785 631 1861 ipss
652 1785 795 1846 omnium
821 1782 916 1845 Pater
937 1801 1038 1844 nuum
1066 1800 1176 1846 secum
1206 1782 1345 1856 iaciens,
1369 1801 1433 1862 per

310 1885 415 1964 ipsum
431 1893 492 1946 etc.
507 1903 524 1941 u
539 1881 634 1960 Hluc,
648 1887 748 1965 siquis
763 1885 882 1964 poterit
897 1903 937 1946 ex
952 1881 1099 1964 Origenis
1111 1883 1317 1959 adversariis,
1333 1894 1434 1948 eruat

312 1987 412 2066 ipsius
433 2003 473 2048 uc
492 1985 641 2066 discipuli
663 1993 809 2048 erratum
840 1985 881 2048 dc
903 1984 977 2048 Filii
999 2004 1016 2046 a
1038 1985 1134 2048 Patre
1162 1986 1373 2064 discrepantia
1395 1986 1434 2048 in

310 2089 458 2162 essentia,
480 2089 512 2148 iu
532 2089 686 2167 sapientia
709 2088 739 2147 in
764 2087 884 2151 virtute
905 2095 966 2149 etc.
991 2096 1027 2149 ut
1047 2087 1119 2148 iude
1134 2095 1256 2150 statuat
1282 2087 1435 2168 blaspbe-

309 2187 405 2249 miant
420 2187 553 2268 Origeul
568 2189 627 2268 ipsi
642 2189 857 2268 adscriptsms
875 2186 997 2251 Filium
1014 2187 1111 2252 Patri
1123 2197 1351 2268 comparatum,
1367 2205 1435 2250 esse

313 2290 523 2366 menducium,
546 2299 577 2353 ct
598 2291 660 2354 elia
684 2291 882 2372 hujusmodi.

392 2388 522 2466 Quanto
545 2407 644 2470 porro
675 2393 779 2470 pretio
811 2391 1053 2456 inreverentia
1084 2390 1117 2452 iu
1142 2392 1221 2454 orbe
1253 2390 1434 2454 christiano

314 2495 392 2554 tunc
407 2490 520 2553 tierent
533 2493 665 2572 scripta,
687 2477 903 2574 origenisque
918 2491 1087 2568 memoria,
1102 2491 1194 2555 uobis
1210 2491 1435 2573 adstipulatur

315 2589 534 2677 Hieronymus
554 2593 585 2654 in
607 2591 762 2672 Gatalogo
790 2591 933 2657 Virorum
956 2591 1135 2656 illustrium
1151 2610 1180 2655 u.
1197 2589 1246 2658 86.
1269 2594 1432 2673 inquiens,

316 2691 457 2757 Pieriam
480 2693 709 2773 presbyterum
731 2693 979 2756 alexandrinum
1009 2692 1076 2773 (qui
1093 2695 1191 2756 tertio
1204 2693 1436 2757 desinentese·

315 2794 392 2857 eolo
415 2792 507 2867 risit)
528 2795 571 2854 ob
584 2795 741 2857 sermonis
763 2793 954 2874 elegantiam
977 2802 1010 2856 et
1024 2803 1224 2857 tractatuum
1240 2793 1433 2856 secutarem

313 2905 460 2973 eousque
489 2896 641 2974 temporis
667 2896 902 2974 superstitum,
928 2892 1094 2974 Oripsnus
1109 2893 1273 2975 juniorem
1306 2911 1436 2959 nuncu·

315 3004 426 3074 patum
450 2994 557 3058 luisse.
581 2994 740 3060 Eusebius
762 3005 870 3060 autem
891 2999 923 3060 iu
946 2994 1044 3060 Libro
1067 2995 1140 3058 Vll.
1159 3015 1187 3060 c.
1211 2995 1330 3060 XXVI.
1346 2993 1432 3059 taos.

314 3091 439 3158 Boules.
461 3095 501 3158 do
521 3096 634 3159 eodem
657 3096 822 3176 praelatus
843 3105 935 3171 erat,
968 3096 1093 3160 diceus:
1117 3119 1134 3157 a
1163 3097 1251 3162 luter
1282 3098 1432 3162 homiues

314 3196 410 3258 edam
433 3204 561 3259 nostrae
576 3187 689 3260 aetatis
712 3198 891 3260 rarissimos
913 3197 1105 3279 quidemst
1125 3198 1301 3279 singularis
1321 3197 1434 3278 eujus·

312 3296 386 3359 dom
409 3300 538 3362 virtutis
558 3318 599 3362 ex
624 3299 819 3381 presbyteris
847 3299 1065 3364 alexandrinis
1087 3299 1253 3375 Pieriam,
1272 3319 1317 3363 eu
1338 3317 1434 3378 prae·

313 3397 435 3463 sldibus
456 3407 564 3463 sutem
591 3400 802 3464 ecclesiarum
821 3398 913 3462 Ponti
927 3399 1096 3464 Meletium
1112 3403 1298 3481 episcopum
1313 3419 1435 3480 coguo-

317 3501 432 3564 simus.
457 3501 505 3564 bc
527 3500 653 3564 Pierias
674 3519 748 3564 cum
770 3503 812 3564 ob
834 3503 961 3582 inopem
986 3503 1161 3566 admodum
1177 3511 1209 3565 et
1223 3509 1368 3582 egentem
1385 3503 1435 3565 sl·

317 3607 368 3663 lae
388 3602 559 3678 rationem,
581 3619 679 3682 quam
700 3621 757 3668 sua
779 3613 892 3684 sponte
912 3612 1113 3683 susceperat,
1132 3615 1199 3668 turn
1221 3605 1262 3668 ob
1287 3605 1432 3684 pbiloso-

316 3701 455 3779 phorum
479 3703 672 3782 disciplinas,
695 3705 814 3783 quibus
837 3713 908 3766 crat
931 3704 1086 3778 imbutus,
1110 3705 1186 3768 satis
1214 3712 1435 3784 spectatores

312 3801 451 3865 illustris
476 3802 558 3866 init:
589 3807 620 3866 in
648 3805 835 3868 litterarum
862 3823 995 3884 quoque
1020 3806 1202 3868 divinarum
1224 3821 1299 3868 cum
1325 3808 1433 3884 cogni·

314 3903 412 3978 tioue,
435 3912 504 3968 tum
526 3905 753 3984 explicatione,
778 3908 808 3968 iu
828 3907 1111 3986 disceptationibus
1126 3917 1295 3988 praeterea
1310 3917 1342 3970 et
1356 3925 1432 3970 cou-

313 4004 458 4067 oiouibus
480 4005 609 4084 publice
634 4009 667 4068 in
689 4008 823 4070 ecclesie
847 4006 997 4071 iaciendis
1018 4026 1117 4088 supra
1150 4011 1281 4072 modum
1305 4010 1432 4071 exerci-

306 4111 409 4178 ¹tttlus.
427 4126 443 4162 a
461 4105 602 4187 ideoque
616 4109 642 4169 si
661 4107 784 4170 Pierius
808 4108 857 4169 vir
877 4108 949 4188 ejus
970 4111 1083 4172 aetatis
1107 4113 1292 4174 rarissimus
1305 4117 1374 4174 tom
1390 4111 1434 4172 ub

312 4206 396 4270 vitae
416 4210 666 4288 austeritatem,
690 4216 757 4274 tum
779 4209 821 4272 ob
843 4211 991 4288 peritiam
1015 4211 1047 4275 lu
1079 4211 1196 4277 divinis
1228 4209 1432 4293 scripturis,
