3028 4942
71 453 103 514 tis
121 450 276 531 Epistulae
295 451 345 520 tt.
379 453 566 539 Hieronymi
588 473 629 516 cx
656 453 804 519 Editioue
824 453 976 521 Vallarsii
999 459 1078 520 liaeo
1107 454 1154 518 le·

70 566 195 633 punior:
210 552 432 638 «conjicimus
452 555 547 618 illum
568 575 637 620 esse
652 554 820 622 liuiduum
843 577 967 644 syrum,
987 576 1004 621 a
1027 576 1107 637 quo,
1122 575 1155 619 a·

69 655 123 735 pud
142 653 373 720 Pammncbium
395 655 518 718 llomae
538 667 770 734 commorante,
798 657 976 723 Caelestius
998 661 1096 735 dixit,
1119 677 1154 722 se

70 755 188 832 audisse,
200 774 261 819 nou
275 775 342 821 esse
358 757 523 820 traducem
536 760 667 837 peccati.
682 777 699 816 n
714 758 756 822 Et
768 760 824 822 ille
839 760 975 823 loriasse
987 768 1046 836 est,
1058 777 1156 840 quem

73 853 267 941 Hieronymus
289 859 319 919 in
341 857 438 922 Libro
461 856 519 920 til.
543 877 573 920 n.
595 853 647 923 bt.
670 859 826 924 adversus
848 861 1013 926 Rudinum
1035 860 1161 940 aquile·

72 956 183 1036 jebsem,
206 962 291 1022 citat.
313 957 403 1024 Unde
426 967 564 1034 constat,
581 960 662 1024 duos
685 959 835 1026 liuiduos
857 963 949 1025 citari
972 963 1003 1024 in
1023 961 1117 1024 libris
1133 959 1158 1021 l·

28 1145 30 1150 ,
74 1059 142 1137 psius
161 1058 359 1144 Hieronymi.

135 1159 345 1226 Nihilominus
363 1161 509 1226 Editores
526 1161 668 1226 blaurini
684 1165 715 1226 iu
731 1163 835 1226 lamae
851 1161 970 1227 notaui
987 1161 1158 1225 detraben-

74 1259 106 1322 do
123 1262 289 1338 immoles,
305 1283 342 1326 ea
364 1283 495 1344 quoque
517 1265 727 1346 objecerunt,
744 1283 828 1344 quae
849 1268 916 1346 ipse
938 1265 1003 1344 egit
1024 1263 1161 1328 transle-

76 1379 133 1422 rem
151 1365 395 1427 commentarios
416 1363 562 1445 Origeuis
584 1363 620 1427 in
645 1363 822 1445 Epistulam
843 1365 886 1428 od
905 1363 1061 1428 Romanor
1081 1384 1110 1428 o.
1134 1362 1159 1425 l.

75 1461 106 1527 lii
123 1483 267 1547 namque,
283 1485 368 1546 quae
383 1470 480 1530 vertit
501 1464 653 1530 Ruibuus
674 1468 705 1527 in
726 1483 754 1528 c.
779 1464 803 1528 l.
827 1465 972 1546 ejusdem
994 1463 1159 1547 Epistulae

75 1578 226 1646 intepuisse
246 1567 285 1631 in
301 1565 509 1648 Eonnoelinm
529 1565 600 1644 liei,
622 1574 845 1646 comparentes
866 1566 915 1643 iis,
937 1585 1022 1648 qnae
1042 1583 1158 1649 graece

78 1669 256 1734 tradiderunt
278 1670 437 1734 ductores
459 1669 669 1744 philocaliae,
692 1671 833 1751 inspecta
856 1669 975 1733 borum
991 1671 1159 1744 varietate,

77 1769 137 1833 baso
155 1774 372 1853 scripserunt:
387 1791 482 1854 quom
501 1769 603 1853 infida
621 1771 665 1836 sit
684 1769 803 1854 Raffini
823 1769 1050 1851 interpretatio,
1065 1771 1163 1851 liquet

76 1887 106 1931 re
118 1872 250 1952 procris,
265 1892 346 1954 quae
358 1872 395 1937 in
416 1873 610 1938 Pbiiocoiioe
630 1895 656 1938 r.
670 1871 722 1939 25.
743 1871 791 1937 rio
811 1883 1086 1955 repraesentantur
1105 1883 1159 1937 etc.

138 1973 260 2038 interea
287 1974 435 2038 Editores
460 1975 715 2057 interrogarem:
732 1976 786 2040 ubi
803 1977 881 2040 baec
909 1976 1061 2039 versionis
1081 1972 1164 2038 itui

77 2070 189 2138 buiauae
207 2074 453 2140 infidelitas'iiu
473 2093 569 2140 seusu
589 2095 642 2153 ue,
664 2094 705 2138 an
726 2079 759 2139 iu
781 2077 886 2140 verbis
902 2076 920 2140 i
934 2077 966 2139 in
987 2075 1166 2140 breviatio·
1245 2074 1251 2080 “

77 2189 117 2248 ne,
128 2193 181 2238 seu
195 2176 399 2242 voluminum
416 2176 645 2253 coarctatione,
661 2194 746 2257 quae
764 2177 891 2258 scripsit
907 2175 1063 2256 Origenes
1072 2195 1085 2256 3
1108 2184 1167 2240 aut

77 2276 166 2352 potius
185 2279 216 2340 in
237 2280 448 2357 corruptione
468 2287 501 2341 et
519 2277 687 2342 ialaatioue
707 2297 820 2342 sensus
840 2278 984 2359 ejusdem
1006 2280 1166 2360 interpre-

77 2371 122 2439 tis?
132 2377 270 2460 ideoque
282 2381 309 2443 si
325 2379 423 2471 pelini
434 2379 555 2444 liuidui
570 2379 788 2444 infidelitatem
805 2381 1041 2461 reprehendere
1056 2380 1098 2443 ob
1113 2397 1164 2453 ea,

77 2493 146 2556 quae
163 2479 322 2545 breviavit
343 2481 381 2544 de
405 2481 509 2560 longis
529 2480 681 2546 Auctoris
702 2479 963 2555 discussionibus,
979 2481 1164 2543 summatim

77 2595 120 2640 eas
138 2581 378 2662 interpretatus,
396 2589 472 2647 tune
486 2599 550 2646 uon
564 2585 628 2644 erit
649 2583 680 2642 iu
697 2582 756 2644 buo
778 2579 990 2644 laborandum
1006 2583 1168 2661 quaestin-

77 2695 119 2754 ne,
137 2682 330 2746 ostendendo
349 2684 484 2759 scilieet,
510 2703 544 2746 ae
565 2684 607 2745 ibi
628 2683 759 2746 iulidum
782 2682 968 2762 praebuisse
990 2681 1167 2746 Rudinum.

78 2777 106 2841 ld
126 2789 197 2848 vero
220 2802 263 2847 ex
283 2787 447 2864 proposito
468 2792 501 2848 et
521 2785 553 2846 iu
577 2783 720 2864 Prologo
740 2792 773 2847 et
793 2785 824 2845 ln
841 2781 1051 2846 Peroratioue
1072 2784 1170 2866 bajus

78 2886 180 2962 operis,
197 2885 285 2966 quod
300 2886 437 2948 immane
458 2887 670 2960 existimarat,
686 2903 724 2948 ao
745 2901 807 2946 non
822 2884 873 2946 sui
896 2885 1013 2964 ingenii
1033 2903 1101 2948 esse
1113 2885 1167 2948 sed

79 2980 182 3062 divini,
206 2988 251 3048 ait
270 3005 305 3050 se
324 3005 366 3048 ea
396 2995 511 3065 rogatu
533 2983 679 3049 Heraclii
708 2983 894 3065 hujusmodi
930 2985 1169 3050 translationem

79 3101 128 3147 nec
146 3105 207 3150 nou
221 3088 455 3150 breviationem
475 3105 662 3167 aggressum
678 3103 769 3148 ease:
787 3105 804 3145 a
821 3084 920 3148 tuuis
941 3095 1048 3148 autem
1071 3087 1171 3165 (scri-

79 3183 115 3248 bit
132 3189 168 3250 ad
184 3207 259 3253 eum
275 3190 284 3267 )
306 3189 423 3271 nequid
438 3189 605 3252 laboribus
620 3207 710 3252 meus
725 3188 818 3265 desit,
837 3195 873 3251 ut
894 3206 988 3251 omne
1004 3188 1066 3252 boc
1079 3189 1172 3269 quin·

79 3286 166 3353 decim
188 3293 390 3354 voluminum
411 3309 549 3373 corpus,
573 3290 659 3371 quod
682 3308 818 3371 graecus
839 3308 945 3353 sermo
966 3292 1006 3352 ad
1033 3291 1172 3370 quadra-

80 3388 151 3464 piuta
172 3391 252 3464 iere,
274 3399 333 3454 aut
353 3410 392 3454 eo
414 3391 669 3473 amplias'millia
691 3403 843 3454 versuum
870 3389 1037 3470 produxit,
1058 3390 1172 3453 abbre-

81 3489 163 3570 riem,
179 3500 211 3555 et
231 3493 270 3555 ud
292 3493 409 3570 media,
425 3494 451 3554 si
472 3493 543 3556 lieri
565 3500 680 3573 potest,
703 3495 803 3573 spatia
827 3499 1000 3555 coarctem.
1019 3488 1109 3555 Dura
1124 3509 1174 3554 aa·

82 3590 113 3651 tis
131 3593 274 3673 imperia,
290 3605 323 3658 et
344 3604 495 3676 tanquam
511 3596 551 3658 ab
572 3613 623 3670 eo,
646 3595 701 3674 qni
725 3594 848 3676 pondus
872 3594 979 3674 operis
1002 3593 1099 3673 buius
1114 3593 1174 3656 soi·

82 3705 111 3750 re
128 3693 215 3770 nolit,
237 3696 396 3776 imposita.
413 3715 429 3754 a
447 3695 482 3759 ln
502 3695 713 3760 Peroratione
735 3714 834 3775 porro
861 3695 929 3758 iere
949 3693 1060 3756 eadem
1083 3693 1186 3769 dioit,

85 3789 130 3851 ubi
149 3794 394 3859 obtrectationes
416 3798 538 3860 veritus
560 3796 807 3876 obloquentium
823 3804 934 3859 contra
955 3811 990 3856 ae
1011 3803 1042 3858 et
1062 3793 1177 3874 Orige-
1286 3869 1292 3876 ,

85 3907 157 3970 nem,
171 3896 300 3961 subdit:
317 3919 334 3957 a
350 3895 472 3961 Verum
485 3916 558 3978 ego,
573 3898 628 3978 qui
644 3897 716 3979 plus
732 3897 945 3961 conscientiae
961 3912 1062 3970 meae,
1077 3913 1174 3975 quam

85 3996 188 4060 nomini
203 3997 325 4072 deiero,
348 3999 442 4060 eiiam
457 3998 483 4061 si
498 3997 617 4061 addere
631 3983 740 4075 aliqua
757 3996 879 4071 videar,
897 4001 928 4058 et
942 3994 1075 4074 explere
1091 4011 1176 4073 quae

87 4091 197 4172 desunt,
213 4105 271 4160 aut
291 4098 450 4174 breviare,
468 4116 553 4179 quae
572 4097 668 4178 longa
688 4105 784 4161 suut:
801 4095 906 4159 iurari
922 4101 1027 4158 tamen
1044 4095 1176 4158 titulum

89 4189 164 4271 rjus,
184 4198 238 4275 qni
261 4195 466 4262 fundamenta
496 4201 603 4279 operis
621 4199 721 4279 jecit,
750 4207 782 4263 et
803 4195 1010 4262 construendi
1040 4195 1177 4260 aedilicii
