3028 4942
94 507 279 590 penarium,
310 511 368 571 aut
389 506 534 568 viromm
562 504 734 578 doctorum
755 503 939 582 delectum,
969 403 1189 572 necesse'eiriii

94 627 186 688 opera
200 609 378 694 presbyteri
393 607 572 688 depravati,
594 607 810 681 exauctorati,
826 607 1098 684 anathematizati,
1114 627 1189 690 pro-

95 712 208 791 digati,
230 711 270 774 ad
293 729 388 791 quem
410 708 620 788 confugerent
641 726 702 790 pro
731 705 916 790 dogmatum
938 709 1122 774 divinorum
1143 713 1190 775 iub

94 814 273 876 calamitate
293 809 479 876 servanda?

166 913 280 978 Nonne
294 913 421 975 taudem
436 916 521 977 inter
537 915 717 978 teterrimas
732 913 908 976 calumnias
921 910 1101 994 Theophili,
1114 932 1188 976 suo·

94 1032 225 1094 rumque
246 1015 402 1075 comitum
424 1014 578 1076 adversus
599 1014 769 1094 Origenem
792 1013 1005 1075 mandandum
1021 1014 1082 1076 erit
1104 1016 1189 1076 testi·

94 1114 258 1180 monium?
273 1117 327 1178 cui
348 1115 500 1178 resistunt
514 1115 796 1195 praedecessorum
817 1134 953 1179 suornm
975 1134 1012 1178 ac
1033 1118 1190 1182 sanctissi-

93 1233 211 1280 marum
239 1219 387 1280 virorum
408 1217 448 1279 ad
470 1216 535 1280 dno
555 1219 666 1280 secula
687 1218 931 1280 obtestationes:
949 1219 1004 1298 qui
1026 1219 1057 1280 in
1078 1217 1190 1282 Eccle-

94 1321 134 1381 sia
156 1319 276 1384 Christi
298 1321 442 1381 micuere
464 1317 621 1395 doctrina,
644 1321 773 1399 pietate,
796 1320 1006 1399 omniumque
1031 1320 1189 1384 virtutum

93 1435 201 1498 genere
215 1415 405 1483 cumulati?
420 1417 569 1495 Quorum
583 1421 729 1483 nonnulli
744 1439 818 1482 cum
829 1417 968 1500 Origene
984 1422 1101 1485 versati
1115 1428 1191 1486 suot

94 1528 122 1582 et
134 1519 296 1601 discipuli,
312 1529 345 1583 et
360 1520 534 1584 uerborum
556 1539 691 1584 suoram
706 1539 907 1601 suorumque
927 1539 1055 1584 morum
1070 1530 1187 1586 testes:

93 1622 204 1702 aliique
225 1641 450 1699 successores,
483 1623 663 1704 priscorum
696 1623 881 1685 traditiones
901 1625 1129 1704 suscipientes,
1151 1643 1190 1690 ac

92 1725 347 1804 origenianorum
362 1725 521 1787 librorum
543 1733 753 1800 scrutatores,
770 1741 851 1803 quos
866 1733 1101 1805 percurrerunt
1122 1734 1190 1791 stu-

92 1823 292 1888 diosissime?
313 1823 500 1910 Dionysium
521 1826 593 1888 dico
617 1823 876 1901 alexandrinum,
889 1823 1083 1905 Gregorium
1105 1825 1192 1892 Neo-

93 1941 255 1988 caesareae
277 1927 475 2006 episcopum,
492 1925 693 1998 Africanum,
712 1925 933 1989 Alexandrum
949 1923 1192 2014 Hierosolymo·
1279 1928 1285 1934 ’

94 2045 212 2090 morum
235 2029 422 2102 antistitem,
446 2025 671 2109 Hippolytum,
693 2022 912 2088 Tbeoctistum
934 2025 1110 2092 Caesareae
1131 2029 1191 2092 Pa·

92 2127 252 2205 laestinae,
278 2128 502 2192 Firmilianum
515 2127 691 2192 Caesareae
712 2125 945 2205 Cappadociae,
963 2126 1190 2206 Plutarchum,

93 2228 256 2306 Serenum,
283 2229 499 2304 Heraclidem,
523 2228 697 2304 Heronem,
721 2225 864 2302 Horaim,
887 2229 1070 2308 Basilidcm,
1094 2231 1193 2296 Athe·

93 2331 272 2407 nodorum,
293 2329 521 2415 Tryphonem,
544 2332 624 2395 alios
647 2352 689 2394 ex
711 2333 758 2394 lri's
780 2339 960 2414 martyres,
993 2333 1191 2398 consessores

93 2431 187 2513 alios3
209 2443 333 2513 etpost
353 2443 489 2496 mortem
511 2453 537 2496 s.
560 2434 777 2516 Pamphilam,
800 2436 989 2510 Eusebium,
1005 2455 1030 2497 s.
1050 2437 1191 2500 Athana·

93 2534 182 2608 sium,
205 2533 381 2617 Didymon
402 2535 660 2612 alexandrinum,
684 2557 708 2600 s.
732 2535 926 2616 Gregorium
947 2532 1188 2613 nazianzenum,

92 2633 224 2698 alterum
247 2653 435 2719 nyssenum,
457 2635 676 2718 ceterosque?

167 2735 298 2799 Horum
319 2738 402 2798 enirn
423 2737 507 2800 alter
533 2739 637 2801 riram
670 2739 867 2818 nuncupavit
887 2735 1061 2817 origenem
1078 2737 1189 2819 pium,

95 2853 228 2911 samm,
245 2835 559 2914 continentissimum,
576 2857 680 2901 amore
698 2837 814 2902 Ciristi
834 2840 876 2900 ad
888 2838 1078 2918 martyrium
1097 2859 1193 2920 usque

95 2937 285 3017 stuprantem.
302 2937 397 3001 Alter
411 2939 492 3002 dixit
512 2941 660 3004 eumdem
673 2938 940 3015 dissertissimum,
957 2940 992 3003 in
1007 2959 1081 3004 cera
1092 2939 1194 3022 plrilo-

95 3037 198 3118 capitia
210 3039 408 3103 excellentem
422 3060 433 3100 .·
447 3041 590 3104 sedulum
597 3041 851 3124 philosophorum
868 3053 1084 3107 scrutatorem.
1101 3044 1194 3108 Alius

94 3137 184 3202 illum
207 3144 337 3205 vocarit
354 3160 482 3204 munere
502 3141 655 3206 diuinitus
675 3145 872 3207 cumulatum
892 3144 927 3207 in
941 3144 1195 3226 interpretatione

95 3235 329 3321 scripturarum
343 3261 467 3307 coaevos
481 3263 585 3308 omnes
601 3245 748 3310 doctrina
759 3255 788 3308 et
797 3243 971 3308 eruditione
986 3256 1193 3326 superantem:

96 3341 284 3408 clristiance
299 3345 512 3428 philosophiae
533 3346 719 3428 principem.
743 3348 837 3411 Alter
857 3350 961 3428 ipsum
982 3350 1196 3429 proclamavit

97 3442 319 3510 hoereticorum
339 3450 504 3512 malleum:
516 3458 662 3530 perpetuo
677 3451 822 3530 dopmata
835 3449 920 3530 salsa
938 3458 967 3511 et
979 3449 1132 3513 haeretice
1144 3451 1195 3512 de·

97 3551 255 3608 testatum:
269 3546 306 3610 in
326 3545 503 3612 Romanum
521 3541 747 3630 Pontificatum
768 3549 1083 3632 obsequentissimum.
1102 3549 1196 3614 Alius

99 3646 176 3711 dixit
202 3647 330 3713 Sciolcc
356 3649 585 3714 alexandrinae
611 3653 721 3715 decus:
747 3653 887 3716 omnium
915 3649 1056 3732 fidelium
1075 3648 1195 3733 ἀκόνην

96 3755 198 3810 cotem:
211 3747 316 3812 cirum
332 3749 556 3830 apostolicum:
571 3748 678 3814 airum
689 3769 787 3833 prope
807 3752 963 3817 diuinum.
983 3751 1077 3815 Alter
1091 3752 1197 3816 Eccle-

99 3845 160 3910 u'ce
180 3847 360 3913 Ductorem:
381 3852 436 3914 ille
456 3850 615 3914 Ecclesiae
636 3852 789 3916 Patrem:
810 3853 870 3917 iste
893 3853 1105 3934 episcoporum
1125 3853 1197 3920 Ma·

99 3945 246 4025 pietrum:
266 3953 351 4016 alius
371 3950 528 4016 Ecclesiae
548 3954 725 4017 columnam
751 3956 952 4019 acclamarit.
975 3956 1023 4020 dc
1045 3957 1193 4034 tandem,

100 4048 163 4124 ipso
190 4048 389 4134 Hieronymo
410 4060 511 4130 teste,
542 4054 743 4118 ecclesiarum
758 4066 830 4136 post
856 4055 1017 4136 Apostolos
1045 4055 1198 4140 Mapister
1309 4075 1316 4092 ·

102 4159 300 4233 nuncupatus
320 4153 383 4217 luit
403 4151 567 4234 Origenes.
