3138 4950
350 373 415 547 ἓξ
437 481 546 559 ctiam,
562 482 618 562 qui
644 481 829 563 paganismo
844 482 979 550 addictis
997 480 1218 564 indulgebant,
1236 479 1286 544 roi
1303 482 1460 568 magistra·

343 591 389 646 ·tu
411 581 594 663 dejiciebat,
612 583 669 647 aei
691 592 783 664 porte
808 585 969 651 bonorum
992 584 1182 660 mulctabat,
1207 585 1257 646 ret
1280 584 1460 646 inexilium
1547 599 1548 608 ³

252 717 254 724 ι
351 681 509 748 mittebat.

433 783 554 860 «Quae
568 788 673 850 omnia
692 786 852 849 bominem
865 787 1015 867 gentilem
1032 803 1094 849 non
1113 792 1288 865 potueruut
1305 803 1369 848 nou
1384 803 1463 848 mor·

351 884 443 960 dere,
465 893 498 947 et
518 885 594 950 odio
615 885 786 950 incendere
807 887 1074 968 flagrantissimo:
1107 881 1296 967 praesertim
1319 905 1395 950 curn
1415 904 1461 958 ea,

351 977 437 1068 puae
461 995 628 1069 tantopere
642 989 865 1066 displicebant,
887 990 985 1053 simul
1001 979 1109 1053 verbis
1129 987 1268 1068 probare
1282 996 1462 1066 cogeretur.

352 1087 473 1154 Omnes
502 1091 586 1152 enim
607 1089 743 1154 allectos
773 1095 936 1172 suppressi
968 1099 1001 1154 et
1026 1091 1181 1154 occultati
1213 1090 1462 1152 vehementiores

351 1195 430 1256 aunt
449 1209 512 1255 nou
534 1192 629 1256 aliter
651 1209 689 1256 ac
714 1194 799 1256 venti
820 1193 978 1268 conclusi,
1000 1201 1059 1257 aot
1083 1193 1171 1273 ignes
1191 1191 1361 1255 coarctati.
1382 1188 1464 1266 Quo·
1549 1267 1550 1284 χ

267 1347 271 1358 .
350 1293 523 1358 romilius
544 1294 673 1374 quidem
697 1294 918 1358 vehementius
938 1303 1127 1366 concutere,
1150 1291 1208 1356 boa
1237 1309 1317 1355 vero
1341 1293 1463 1356 saevius
1549 1285 1550 1288 ’

352 1396 495 1460 adurere
509 1397 626 1459 nemini
648 1413 712 1458 nou
726 1404 775 1458 est
795 1403 920 1459 notum.
942 1394 974 1458 Si
990 1394 1071 1458 nibil
1092 1393 1181 1457 aliod
1203 1393 1243 1457 ad
1259 1393 1356 1458 bdem
1373 1393 1463 1473 boios
1549 1423 1550 1456 i

349 1499 462 1578 scripti
484 1498 672 1562 elevandam
703 1497 820 1560 adduci
847 1499 957 1576 possit,
980 1497 1147 1561 crederem
1169 1497 1232 1560 boc
1252 1513 1357 1560 uonm
1378 1514 1463 1577 posse

352 1597 544 1663 subicere.»
1549 1591 1550 1608 ³

432 1697 591 1762 Similiter
619 1698 755 1762 alterius
787 1698 957 1762 clarissimi
979 1699 1042 1760 riri
1075 1698 1139 1764 buo
1169 1699 1304 1763 accedat
1330 1699 1465 1763 testimo·

351 1801 457 1877 nium,
471 1797 671 1864 Baltltasaris
692 1799 849 1864 Boniiacii
872 1802 901 1865 in
925 1801 1074 1880 epistola,
1092 1799 1247 1863 volumini
1270 1799 1407 1864 Eicbeiii
1425 1802 1465 1862 io·

351 1908 452 1977 serta,
466 1899 506 1962 ad
520 1899 722 1966 llomioionm
735 1897 908 1978 Molinnm,
925 1920 1021 1982 quem
1039 1903 1182 1964 veritatis
1197 1901 1465 1978 assertorem,ob·

262 2065 266 2071 ,
353 2002 554 2067 troctationia
573 2010 606 2066 et
620 2003 802 2068 calumniae
817 2003 1024 2084 depulsorem
1041 2011 1149 2066 vocae
1165 2026 1181 2064 c
1194 2001 1235 2066 Et
1250 2003 1339 2085 qood
1355 2021 1464 2076 uuum,

354 2105 473 2185 inquit,
495 2106 636 2169 maxime
657 2107 801 2170 omnium
823 2106 1038 2169 sitientissime
1058 2123 1157 2168 orere
1178 2104 1262 2168 solet
1283 2104 1467 2170 mortalium

354 2207 484 2270 curiosa
506 2206 678 2287 cupiditas,
702 2213 869 2268 mortuom
893 2206 957 2268 ridi
978 2206 1020 2268 ab
1052 2205 1166 2270 inieris
1186 2209 1391 2269 excitatum:
1413 2223 1466 2268 uec

354 2308 421 2370 vidi
443 2309 563 2383 solum,
579 2308 635 2371 sed
658 2307 746 2370 bisce
762 2307 910 2372 manibus
925 2307 1139 2382 contrectari,
1156 2307 1284 2387 fecique
1299 2307 1378 2371 mibi
1392 2307 1466 2369 adro

355 2410 564 2482 familiarem,
579 2417 628 2485 ut,
644 2407 771 2472 collatis
791 2410 888 2472 etiam
903 2409 1074 2488 capitibus,
1091 2409 1244 2472 derebus
1266 2410 1393 2472 arcanis
1407 2408 1468 2471 col·

352 2512 546 2592 loquamur,
562 2511 630 2574 sire
655 2511 762 2591 potius
777 2511 1036 2574 confabulemur.
1055 2508 1104 2573 Tu
1128 2510 1217 2587 mibi,
1231 2509 1375 2587 dominc,
1392 2507 1468 2574 redi·

354 2615 469 2677 rl'vnm
492 2612 702 2694 Procopium,
725 2612 810 2694 ejus,
825 2612 970 2692 inquam,
991 2611 1164 2688 Anecdoto,
1186 2614 1248 2676 boc
1269 2619 1329 2688 cst,
1346 2617 1385 2676 ut
1404 2611 1468 2691 ejus

356 2715 517 2794 interpres
538 2715 578 2777 do
598 2732 659 2778 suo
680 2715 781 2789 addit,
804 2713 966 2777 Arcanum
988 2711 1165 2776 Historiam
1192 2713 1316 2794 (quam
1338 2729 1399 2792 ego
1427 2711 1466 2772 di·

355 2816 494 2897 aperisse
516 2814 673 2891 ionditos,
690 2824 789 2896 atque
803 2814 842 2876 ad
865 2815 1001 2877 nibilum
1025 2817 1210 2889 revertisse,
1228 2815 1253 2876 si
1270 2813 1368 2876 modo
1382 2811 1467 2893 quid·

357 2935 455 2998 quam
478 2919 541 2982 ioit
561 2935 719 2998 unquam,
740 2916 977 2991 existimabam)
998 2901 1169 2996 integram,
1193 2917 1403 2990 incolumem,
1420 2931 1467 2976 or·

356 3028 481 3096 natam,
504 3020 641 3095 lautam,
669 3021 739 3082 imo·
755 3019 853 3082 etiam
885 3027 1085 3082 cerussatam
1112 3025 1145 3081 et
1165 3017 1418 3080 calamistratam
1437 3032 1468 3077 o·

356 3120 489 3186 stoodis
513 3119 575 3184 Sed
597 3126 630 3183 st
650 3118 738 3184 aliud
758 3125 944 3200 portentum
968 3119 1145 3182 mirabilius
1161 3118 1322 3182 ostendis:
1345 3118 1468 3180 immor·

356 3226 467 3299 talem,
489 3226 634 3301 inquam,
658 3222 765 3284 tirum
785 3221 1009 3285 homuncionis
1032 3221 1203 3301 pugionem
1224 3225 1378 3300 tanquam
1401 3217 1466 3281 llio·

356 3319 458 3388 medis
478 3322 586 3403 gladio
607 3321 805 3397 confossum,
827 3321 1059 3384 obtruncatum
1081 3328 1112 3384 et
1128 3319 1405 3394 contrucidatam,
1419 3335 1467 3379 ao·

358 3427 503 3506 gticanae
531 3425 701 3506 cuiusdam
722 3421 957 3503 mcpomcntioe
978 3421 1139 3488 miraculo
1166 3422 1251 3484 ritae
1274 3421 1466 3490 restitutum,

358 3531 398 3591 de
418 3531 485 3592 suis
505 3544 539 3592 se
559 3526 707 3591 hostibus
728 3526 855 3603 ulcisci,
871 3535 1106 3604 mortuumque
1131 3522 1172 3586 de
1194 3522 1275 3587 rivis
1297 3521 1468 3602 triumpba·

358 3647 407 3693 re.
430 3627 519 3693 lnter
539 3625 712 3691 iustiniani
734 3626 860 3703 titulos,
882 3624 977 3690 illum
998 3641 1132 3706 qnoque
1158 3623 1309 3702 legimus,
1342 3637 1409 3703 quo
1426 3637 1467 3693 ac,

358 3746 434 3795 cum
454 3727 495 3792 do
516 3727 664 3791 barbaria
684 3727 832 3808 gentibus
853 3726 946 3790 victis
960 3725 1088 3789 domitis
1102 3724 1231 3787 nomina
1245 3721 1306 3787 sibi
1320 3719 1469 3786 adscisca-

357 3836 422 3906 ret,
436 3845 501 3894 non
514 3828 622 3894 solum
638 3828 817 3909 gotthicum
832 3833 865 3891 et
882 3825 1098 3904 vandalicum,
1114 3825 1169 3891 ssd
1191 3825 1287 3888 etiam
1302 3821 1469 3888 alemanni·

358 3946 434 3996 oum
456 3931 651 4012 appellabat.
674 3929 889 4010 Peruegatom
911 3931 995 3993 enirn
1018 3929 1116 3992 inita
1146 3925 1355 4008 quibusdam,
1378 3923 1468 3989 inisse

333 4033 400 4097 ·ab
421 4051 460 4097 eo
484 4031 631 4110 Principe
651 4031 836 4094 alemannos
857 4029 982 4111 praelio
1004 4035 1188 4109 superatos,
1203 4032 1266 4090 etc.

438 4153 461 4194 c·
476 4131 571 4211 Quod
593 4141 715 4210 cotem,
738 4133 859 4209 subdit,
883 4135 921 4195 ad
946 4132 1142 4212 Procopium
1169 4132 1296 4203 attium,
1317 4145 1378 4207 ego
1397 4141 1467 4189 oeu-

360 4239 448 4300 trum
467 4235 605 4300 laudare
626 4251 769 4316 possum.
789 4233 933 4300 Primum
950 4235 1034 4301 enim
1057 4233 1216 4300 Amodata
1236 4231 1292 4294 itta
1308 4225 1466 4311 procopio·
