3028 4942
65 513 115 596 tyni
133 513 200 597 eius
220 509 449 576 assertionibus
469 501 658 587 contrairet,
681 510 847 576 mauiieste
867 511 1032 588 retentem,
1053 413 1172 597 origi?

65 633 127 678 nem
146 630 309 694 uunquam
330 630 468 688 errasse,
491 631 549 676 neo
570 613 643 678 ideo
664 612 819 694 reperiri,
841 613 897 693 gui
917 631 994 678 eum
1018 613 1167 681 cuniula-

67 723 130 780 rel:
149 731 188 778 ae
206 715 316 796 ltaque
343 731 429 795 queo
453 713 653 795 Theophilus
682 712 884 792 confutavit,
912 712 1169 797 damnasittyue,

65 833 212 896 rumoam
233 815 381 880 docuisse
402 815 643 910 hdameotium,
664 813 719 880 sed
741 833 870 881 errores
892 817 996 882 eidem
1014 817 1169 884 enodatos

68 917 150 982 luisse
168 934 187 980 a
207 917 510 994 calumniatoribus,
533 935 677 998 quorum
693 916 848 980 malitiam
863 918 1047 984 nescierunt
1060 915 1166 984 Thoo-

67 1019 159 1098 philus
177 1024 212 1083 el
232 1015 463 1101 Hieronymus.
1090 1037 1094 1046 ’

130 1119 304 1202 Propterea
325 1119 474 1186 Socrates
495 1120 527 1184 in
549 1119 647 1186 Libro
669 1117 723 1184 vt.
744 1137 773 1184 c.
795 1116 869 1184 Xli.
893 1116 1164 1186 ilistor.'Eecles.

64 1239 185 1288 macrus
204 1230 238 1286 et
258 1223 332 1286 hinc
347 1222 499 1288 oculatae
515 1223 602 1286 testis
623 1223 779 1298 omnium,
795 1237 880 1302 quaa
895 1229 1074 1302 tuocgesta
1089 1231 1164 1288 aunt

67 1321 304 1386 indemnatione
324 1322 485 1386 librorum
507 1321 678 1402 origenis,
706 1323 745 1388 de
772 1342 798 1388 s.
829 1322 1008 1405 Epiphanio
1036 1333 1166 1400 narrat,

67 1425 152 1502 ipsum
175 1423 452 1504 Constantinopoli
486 1423 560 1490 ideo
592 1424 751 1510 synodum
783 1441 1004 1506 congregasse.
1035 1423 1072 1489 ln
1100 1445 1166 1509 qua

67 1541 126 1588 cum
144 1526 202 1590 hoe
228 1527 396 1607 negotium
421 1527 658 1604 discuteretur,
680 1529 726 1591 ait
754 1524 982 1592 Theothirnum
1014 1527 1165 1612 Scythiae

72 1627 257 1709 episcopum,
283 1629 391 1693 sirum
411 1630 530 1709 pietate
551 1638 584 1694 et
604 1629 772 1693 sanctitate
791 1629 972 1707 eximium,
997 1629 1030 1694 io
1057 1631 1163 1696 modio

74 1729 176 1794 concili
194 1736 359 1806 stantem,
380 1729 425 1794 ita
452 1729 556 1794 eidem
582 1728 762 1811 Epiphanio
790 1731 1013 1810 respondisse:
1037 1731 1165 1813 «Ego,

72 1827 218 1910 epiphani,
241 1849 350 1911 neque
369 1846 459 1907 antu,
474 1831 531 1911 qui
544 1830 610 1912 jam
627 1832 748 1912 pridem
764 1831 815 1912 pie
829 1831 1001 1896 defunctus
1015 1839 1076 1910 est,
1090 1853 1167 1900 cou-

70 1931 180 1996 tumelia
202 1931 334 1996 adicere
357 1929 454 2012 rolo;
476 1949 581 2011 usque
602 1933 736 2013 impium
758 1931 881 1997 lacinus
901 1932 1031 2014 aggredi
1044 1933 1164 2012 audeo,

69 2039 99 2094 ul
113 2049 146 2096 ea
165 2034 388 2110 condemnent,
411 2053 496 2142 qope
517 2035 656 2118 majores
669 2034 770 2099 nostri
785 2033 914 2099 minime
928 2035 1164 2116 repudiarunt:

67 2139 240 2213 praesertim
264 2157 340 2202 autu
359 2138 480 2213 sciam,
503 2137 583 2202 nihil
606 2138 710 2202 malae
731 2137 896 2202 doctrines
923 2137 955 2200 in
979 2138 1072 2203 lihris
1092 2138 1167 2203 Ori·

69 2237 142 2316 gattis
160 2240 310 2321 reperiri.
332 2236 436 2304 Simul
456 2239 625 2319 proiereus
645 2237 808 2319 quoddam
829 2237 977 2318 Origeuis
991 2239 1163 2321 scriptum,

67 2341 188 2405 recitare
208 2341 338 2422 caspit3
358 2357 398 2404 ao
417 2340 633 2422 expositiones
654 2342 686 2404 io
706 2358 746 2404 so
765 2339 997 2405 ecclesiasticas
1012 2343 1162 2406 ostendit.

68 2435 171 2506 lleiude
189 2444 273 2508 haee
298 2442 396 2506 rerba
426 2443 583 2524 subiecit:
609 2439 673 2518 Orsi
691 2440 769 2506 istos
789 2437 887 2505 lidros
906 2442 1097 2508 comemelin
1115 2446 1166 2526 of·

64 2539 170 2620 Most,
190 2544 219 2610 ia'
238 2554 320 2610 certa
339 2563 403 2610 non
422 2543 681 2610 animadvertent
699 2562 732 2607 as
744 2543 787 2608 iis
801 2544 1020 2610 contumeliam
1032 2545 1166 2628 infore,

65 2641 216 2727 dspuiius
236 2646 314 2712 tltrt
331 2646 388 2712 s'stt'
409 2646 611 2712 dissertant.»
749 2707 757 2721 ,

134 2747 254 2814 Verum
276 2750 366 2814 nohis
385 2747 560 2812 admodum
587 2747 809 2822 satisiaciuut,
830 2763 916 2827 quae
934 2748 967 2810 in
990 2750 1095 2830 capite
1112 2767 1165 2814 ao·

67 2853 164 2927 queuti
182 2851 330 2914 narrarit
349 2849 510 2926 Serretes,
525 2852 708 2930 priscorum
729 2847 855 2910 nomina
875 2849 1011 2912 recitans
1032 2856 1106 2913 aute
1126 2849 1166 2913 il·

66 2945 113 3011 lud
131 2957 268 3033 tempus,
290 2952 371 3016 idest
389 2951 538 3016 seculum
564 2949 727 3032 quintum,
749 2948 789 3012 alt
810 2947 957 3028 Origsnis
971 2949 1114 3030 legendis
1127 2953 1167 3016 li·

67 3047 121 3115 hris
137 3057 260 3120 animos
280 3055 513 3119 avertentium:
528 3069 671 3135 quorum
687 3051 910 3116 tautummodo
925 3060 990 3116 tres
1006 3069 1166 3118 memore·

67 3151 114 3230 tit,
134 3155 181 3220 ltis
200 3157 328 3238 adjecto
348 3165 467 3239 quarto
481 3155 672 3236 Theophilo.
687 3152 744 3218 htt
756 3155 840 3218 sulm
855 3173 864 3216 ε
882 3152 1087 3222 «Laborasit
1102 3157 1164 3222 lton

68 3255 167 3320 morbo
187 3259 329 3338 primum
345 3256 529 3322 Methodlus
549 3255 682 3338 Olympi
696 3255 813 3342 Lyciae
827 3257 966 3321 civitatis
978 3257 1161 3340 episcopus3

69 3352 166 3424 deiude
185 3359 390 3436 Euslnthius,
412 3360 469 3442 qui
489 3359 609 3440 exiguo
629 3362 784 3438 temporis
804 3359 908 3440 spatio
922 3359 1160 3424 antiochensem

68 3459 139 3522 rarii
157 3462 349 3527 molosiam:
372 3470 445 3543 post
464 3461 551 3526 huuc
570 3459 789 3542 Apollinaris3
811 3479 849 3524 so
869 3467 978 3541 postea
1002 3459 1164 3542 Theophi-

67 3554 117 3622 lus.
137 3559 223 3628 llaec
243 3569 292 3628 est
311 3561 468 3643 quadriga
489 3562 734 3637 maledicorum,
758 3562 814 3640 qui
836 3578 899 3624 noo
920 3561 1032 3624 eadem
1049 3564 1099 3626 ria
1115 3565 1164 3626 io‹

69 3657 198 3726 cadentes
217 3659 391 3743 Origenem
412 3662 600 3728 calumniati
619 3669 704 3727 sunl.
728 3660 821 3724 Alios
834 3661 918 3724 euim
933 3660 995 3723 elia
1012 3660 1052 3724 de
1064 3679 1163 3726 cause

70 3757 96 3821 ia
111 3765 341 3830 edomationem
360 3763 504 3847 ejusdem
519 3764 682 3846 prorupit,
696 3777 810 3827 soram
826 3764 964 3842 quisque
978 3761 1162 3840 osteudens,

70 3875 108 3936 le,
125 3865 278 3946 quitquid
293 3883 358 3932 uon
371 3865 644 3948 reprehendebat,
666 3865 729 3928 hoc
748 3863 875 3943 penitus
896 3863 1063 3942 recepisse.
1079 3860 1164 3929 Nam

71 3959 158 4030 siculi
177 3967 261 4032 alius
280 3966 369 4032 aliud
391 3967 505 4048 dogma
526 3965 713 4048 singillatim
735 3963 880 4028 reiutare
901 3981 1070 4044 eggressus
1095 3972 1163 4042 eal,

73 4067 261 4146 teopteuum
281 4074 342 4145 est,
362 4069 505 4149 singulos
519 4087 580 4148 pro
597 4084 675 4130 tero
689 4064 852 4129 admisisse
866 4065 910 4141 id,
927 4065 1016 4146 quod
1035 4067 1170 4132 mtotme

73 4158 201 4233 immoti
218 4174 317 4234 sunta
337 4167 432 4233 troile
445 4169 570 4234 seilicet
585 4164 831 4246 comprobantes
844 4179 895 4240 ea,
910 4183 995 4245 quoe
1009 4182 1073 4230 nou
1088 4182 1167 4231 axa·

75 4265 206 4342 einhart.
229 4269 414 4336 hlethodius
435 4271 579 4353 quidm,
600 4285 675 4334 cum
690 4267 722 4330 in
735 4263 907 4332 suislihris
920 4265 1092 4347 Origenem
1106 4265 1165 4333 diu
