3042 4940
344 375 386 446 36

798 483 938 554 casim
961 484 999 548 V.

338 682 554 754 Nouissimam
583 684 755 767 ecpouitor
781 684 891 768 Vipitii
912 686 1021 770 Popoe
1045 685 1279 774 Constitutione,
1307 689 1361 758 seli
1383 701 1439 758 tou
1508 738 1509 818 ,

380 786 635 853 edocerer-iorem
663 789 880 870 septetum
903 801 1092 872 orpomento
1115 789 1274 858 istrione
1296 792 1440 876 Copiteto·
1508 835 1509 838 =

378 907 454 954 rom
467 888 659 972 ostensione,
671 898 739 956 tom
752 889 884 958 diorum
897 891 1147 960 existimantium
1160 893 1198 960 iu
1212 892 1338 978 Spoodo
1354 895 1441 964 ute·

378 999 523 1056 montom
545 987 721 1073 Oripeeeem.

340 1235 536 1379 Expeditls
555 1297 636 1362 actis
662 1293 783 1382 Spondi
804 1293 844 1362 V.
866 1297 898 1362 in
920 1299 1019 1365 totius
1039 1299 1159 1380 nepotil
1184 1297 1442 1382 complementum

340 1399 407 1464 huo
426 1397 560 1463 accedat
576 1393 685 1478 vigilii
700 1397 934 1480 Constitutum3
950 1399 1005 1464 obi
1026 1400 1212 1464 continetur
1225 1402 1329 1464 omnis
1349 1401 1443 1480 dispo·

340 1499 470 1562 tationis
482 1513 622 1575 summa,
637 1514 894 1580 supremumque
910 1500 1084 1580 iodicium,
1099 1519 1118 1564 a
1135 1518 1202 1582 quo
1224 1501 1377 1567 recedere
1387 1518 1444 1564 em·

341 1599 427 1680 plius
449 1616 511 1662 uou
533 1599 636 1662 licuit.
658 1597 747 1664 llaec
776 1617 876 1681 porro
896 1601 940 1664 lbi
959 1619 1167 1683 summopere
1187 1602 1327 1666 uotouda
1355 1608 1442 1666 suut:

422 1700 685 1780 «Posteaquam,
699 1689 804 1780 incdit
826 1700 974 1782 vigilius,
996 1703 1080 1768 beati
1102 1701 1444 1768 eooteeoooeustscm
1510 1745 1511 1762 ,

340 1800 406 1863 ollii
427 1801 672 1880 expositionem,
696 1802 749 1865 sot
771 1801 855 1865 beati
877 1801 994 1869 Leonis
1024 1803 1193 1884 epistolem
1213 1803 1255 1868 de
1283 1811 1393 1868 sancte
1418 1808 1445 1864 et

338 1903 522 1968 orthodoxa
552 1901 615 1966 tide
645 1903 834 1983 posuimus,
867 1923 952 1985 quae
973 1923 1037 1970 una
1068 1905 1248 1986 cademque
1278 1913 1330 1970 eat
1358 1906 1445 1968 trium

337 1991 600 2087 praecedenttom
621 2000 839 2085 synodorum,
860 2003 942 2068 idest
972 2006 1142 2080 nicoeuoe,
1172 2003 1444 2084 constantinopoli·
1511 2032 1512 2112 p

340 2113 552 2186 teneantque
573 2105 744 2196 ephesinae
766 2107 900 2184 primae,
922 2112 955 2172 et
975 2105 1044 2172 Deo
1061 2106 1209 2189 juranto,
1231 2101 1265 2170 iu
1283 2125 1324 2170 ea
1345 2123 1399 2194 uos
1417 2122 1446 2170 o·

338 2210 405 2273 mnl
425 2207 705 2272 stoeeraemeotts
735 2207 906 2272 devotione
938 2209 1112 2297 persistere
1142 2207 1329 2272 iroteruitas
1351 2213 1444 2270 restra
1511 2213 1512 2220 ’

339 2317 374 2373 et
394 2307 585 2372 universalia
605 2309 751 2387 agnoscit
765 2305 922 2386 Ecclesia,
944 2311 1160 2374 neceesarium
1176 2308 1271 2373 ratde
1291 2307 1444 2374 credimm

343 2425 406 2490 pro
420 2407 491 2489 ejus
503 2405 660 2471 sersouda
675 2425 735 2488 per
749 2408 854 2474 omnio
865 2410 1045 2474 reuerentia
1058 2409 1098 2472 do
1112 2409 1344 2489 suprascriptis
1358 2409 1445 2472 trium

341 2507 570 2590 Gepitulornm
592 2509 834 2590 quaestiouibus
864 2511 1036 2592 diligenter
1054 2509 1173 2576 debere
1193 2529 1251 2576 uos
1271 2518 1388 2576 cuueta
1407 2509 1446 2571 di·
1512 2579 1513 2598 χ

276 2678 281 2688 ,
339 2618 483 2688 scotere,
504 2619 538 2674 et
559 2619 654 2675 cauto
677 2613 936 2692 promulgatione
956 2613 1131 2676 sententiae
1152 2611 1301 2691 delinire,
1324 2621 1413 2677 ete»
1512 2645 1513 2662 ,

341 2725 345 2734 ·
417 2709 469 2774 liu
490 2711 553 2776 hoc
575 2707 682 2791 vigilii
701 2729 863 2787 sermone,
885 2729 952 2791 quo
973 2710 1194 2778 Constitutom
1225 2729 1326 2778 suum
1348 2711 1446 2790 auspi·

339 2817 432 2875 catos
451 2817 512 2886 ost,
534 2820 566 2874 et
588 2812 643 2874 ubi
664 2815 835 2891 perepicuo
858 2811 896 2875 ad
919 2814 1138 2894 episcopusin
1160 2812 1291 2899 syuodo
1319 2812 1446 2892 ulloqui·

341 2921 396 2978 tor
409 2931 483 2977 cum
505 2913 561 2976 ait:
577 2910 764 2992 fraternitas
786 2922 888 2980 omtro
907 2924 937 2978 at
956 2913 1152 2979 suioeraolie
1172 2912 1334 2994 oopnoaeit
1355 2911 1447 2978 mee·

337 3012 400 3090 aio,
423 3013 563 3092 primum
582 3007 704 3076 uadum
734 3014 862 3078 intuere
882 3015 966 3079 iuter
999 3015 1062 3079 hoe
1081 3013 1316 3092 Constitutum,
1339 3023 1373 3078 at
1390 3009 1446 3091 epl-

338 3114 468 3189 stotam,
490 3130 589 3194 quam
610 3111 772 3198 Eutychio
793 3114 834 3178 ab
860 3117 951 3180 initio
971 3115 1091 3202 Synodi
1120 3115 1209 3180 dedit
1230 3114 1380 3197 vigilius.
1400 3113 1447 3178 Se·

252 3253 256 3264 ·
338 3215 445 3282 cundo
466 3213 670 3280 concordiam
691 3215 838 3296 inspicies
859 3219 944 3282 inter
959 3213 1146 3282 Pontificem
1167 3224 1201 3282 et
1220 3217 1400 3298 episcopos,
1418 3219 1447 3276 et

336 3318 513 3402 sponsionis
528 3317 800 3397 complementum
814 3336 832 3381 a
848 3316 966 3401 leillo
988 3319 1091 3384 lacteo
1112 3318 1276 3394 Patribus,
1292 3317 1381 3399 qood
1397 3329 1446 3396 per

334 3422 474 3500 scipsum
496 3420 617 3498 scripto
638 3419 789 3484 redderet
809 3438 996 3500 responsum
1017 3421 1058 3486 de
1080 3421 1183 3484 tribos
1199 3417 1377 3500 Capitulis,
1396 3417 1446 3497 SJ-

336 3522 411 3586 uodi
433 3520 648 3585 definitionem
668 3521 824 3598 sauoieus,
856 3522 986 3602 lothoe
1006 3538 1169 3601 cupooeos
1180 3540 1192 3599 3
1226 3537 1312 3600 quse
1334 3525 1445 3600 septem

337 3623 579 3694 circiter,aouos
593 3628 685 3687 autea
702 3623 858 3688 adserens
874 3625 985 3687 oedem
1001 3641 1059 3704 per
1079 3619 1269 3688 iudicatum
1283 3625 1444 3686 statuerat.

416 3721 473 3786 llis
495 3723 675 3803 praemissis
690 3723 728 3785 ad
751 3722 979 3788 discussionem
996 3723 1145 3806 proditur
1167 3725 1267 3787 trium
1289 3719 1445 3803 Capitolo

337 3843 425 3902 rum,
441 3823 495 3888 ulii
512 3842 570 3903 pro
593 3842 629 3888 re
650 3833 757 3888 nostro
781 3825 956 3888 notandum
978 3825 1128 3906 estquod
1151 3823 1190 3894 tle
1213 3823 1289 3888 lbae
1310 3819 1446 3905 Epistola

337 3927 478 4008 primum
500 3925 589 4001 dicit,
610 3925 778 3990 ostendeus
799 3926 889 3990 illem
911 3927 1169 3991 nestorianorum
1190 3924 1307 3989 iraude
1328 3933 1362 3988 et
1382 3937 1444 4002 per·

338 4028 490 4092 versitate
510 4027 724 4107 conscriptam
736 4047 747 4107 3
770 4045 829 4092 occ
850 4027 926 4092 thoe
947 4047 1016 4092 esse
1037 4026 1218 4108 epistolam,
1234 4026 1356 4108 quippe
1375 4037 1445 4087 eoae

335 4127 525 4208 professioni
546 4131 762 4192 contrariom:
790 4147 807 4189 o
831 4125 920 4208 Ergo
940 4129 996 4190 itta
1019 4132 1029 4207 t
1047 4127 1124 4194 dicit
1143 4127 1231 4210 Papo
1253 4146 1284 4189 u.
1305 4124 1381 4202 22.)
1409 4120 1444 4183 od

335 4227 455 4297 llarim
491 4222 620 4295 Persem
655 4231 854 4314 accusatoris
886 4230 993 4313 potius
1017 4231 1075 4314 qut
1106 4247 1176 4298 eum
1206 4229 1368 4314 protulit,
1395 4239 1447 4290 oee
