3042 4940
93 483 122 543 et
140 477 343 558 interpolatio
365 495 502 556 eornm,
526 480 582 561 qnt
604 479 636 542 in
656 478 828 544 collatione
849 475 1126 561 Vlllrnoiantnr,
1149 375 1198 544 133

66 627 70 636 .
93 578 207 642 dictam
228 586 287 662 est.
310 580 402 644 Adeo
423 588 529 644 tamen
550 590 599 658 nt,
615 597 690 646 cnm
713 582 744 644 in
765 599 886 648 maone
905 579 964 646 Xt.
982 580 1198 646 tncntentissi·

89 696 172 744 mam
198 682 450 763 interpolationis
479 682 632 748 indiciam
657 683 698 746 ah
718 683 819 762 ipsine
839 686 968 748 canonis
995 682 1197 762 expositione

87 788 199 859 pateat,
220 782 264 844 ihi
285 800 416 863 qnoque
437 782 573 850 talantor
586 792 619 848 et
640 783 792 848 maiitiam
812 791 846 849 et
866 785 1076 865 ignorantiam
1095 783 1196 848 simol

87 880 313 960 manifestata
333 882 452 964 Siquis,
478 885 594 966 inquit,
616 901 679 950 non
701 886 949 951 anathematizet
972 884 1101 962 Arium,
1119 883 1197 951 'lin-¹

90 985 239 1063 namium,
262 985 501 1064 Macedonium,
524 986 758 1066 apollinarem,
781 985 982 1064 Nestorium,
1010 986 1205 1068 Eutychen,

85 1082 249 1165 origenem
264 1106 339 1152 cnm
360 1089 465 1170 impiis
480 1107 593 1152 eornm
618 1091 816 1171 conscriptis,
833 1097 866 1154 et
885 1089 966 1154 aiios
987 1107 1097 1154 omnes
1118 1090 1195 1154 hae·

86 1187 196 1251 reticos
216 1187 383 1254 damnatos
413 1199 447 1254 et
475 1191 759 1256 anathematizatos
789 1199 938 1256 asancta
969 1191 1127 1256 catholica
1159 1201 1193 1256 et

86 1289 254 1368 apostolica
278 1288 419 1356 tinniente
442 1299 474 1355 et
494 1309 513 1355 a
533 1293 705 1373 praedictis
724 1296 842 1358 sanctis
862 1299 1007 1374 qnatnor
1026 1292 1189 1370 Concitiis,

83 1395 114 1454 ct
131 1407 196 1468 eos,
215 1392 273 1472 qni
294 1393 410 1456 similia
425 1391 595 1474 praedictis
617 1395 786 1460 haereticis
805 1404 984 1477 sapuerunt
998 1401 1031 1462 et
1049 1398 1194 1476 sapient,

82 1497 112 1551 et
131 1508 232 1572 naqm
245 1493 287 1556 ad
309 1501 446 1558 mortem
462 1496 494 1557 in
514 1513 572 1560 sna
593 1496 756 1576 impietate
772 1503 1029 1576 permanserant,
1046 1498 1191 1579 rotper-

82 1600 215 1670 maoent,
236 1595 408 1660 anathema
419 1595 471 1660 ait
488 1616 505 1656 a
521 1595 563 1661 Et
583 1598 660 1679 qnid
682 1598 755 1664 inde
769 1597 1005 1680 consequitur?
1020 1597 1191 1664 Manifesta

81 1712 152 1759 sanc
169 1696 314 1774 ernitnr,
335 1696 507 1780 Origenom
532 1717 739 1781 nequequam
768 1703 799 1766 in
821 1705 932 1782 quinta
953 1700 1082 1784 Spondo
1116 1719 1192 1765 eon·

80 1799 357 1880 stantinopoiitaoa
382 1800 567 1866 damnatum
588 1801 708 1881 inisse;
725 1821 839 1867 rernm
860 1810 918 1866 aot
938 1803 969 1864 in
984 1809 1101 1883 quarta
1115 1820 1189 1868 cnm

80 1895 234 1981 Eutyche,
252 1901 306 1965 vel
326 1901 357 1965 in
379 1901 482 1965 trihns
495 1902 769 1980 praecedentibus.
792 1902 834 1969 Et
849 1903 879 1966 in
901 1903 963 1967 hoc
983 1904 1114 1985 qnidam
1135 1904 1190 1967 ad-

80 2002 294 2065 versariorum
312 2002 406 2067 tahar
426 2011 459 2068 et
479 2021 573 2082 opns,
591 2013 627 2068 nt
643 2005 810 2070 ostendant
831 2006 862 2068 in
883 2013 1027 2086 quatuor
1039 2005 1191 2072 Concitiis

78 2103 286 2168 oecumenicis
299 2104 605 2170 anathematizatum
628 2106 725 2169 inisse
739 2106 923 2186 Origenem.
941 2105 983 2170 Et
1002 2107 1028 2170 si
1046 2106 1085 2170 ad
1104 2107 1190 2172 istud

79 2219 137 2268 non
155 2207 374 2294 pervenerint,
397 2205 561 2273 iatendnm
576 2207 621 2272 eis
642 2209 837 2288 ornansque
858 2208 889 2274 in
910 2207 1039 2294 Synodo
1056 2206 1092 2273 V.
1110 2209 1187 2273 inis·

78 2323 109 2370 se
128 2305 324 2372 damnatum.

150 2405 278 2474 interea
300 2414 437 2485 constat,
458 2407 631 2492 Oripsnam
652 2411 776 2476 notiam
796 2411 932 2476 anhiissa
952 2413 1187 2478 damnationem
1318 2440 1319 2443 ¹

78 2523 94 2570 a
116 2505 263 2576 Patrihns
284 2511 317 2574 in
337 2519 481 2592 qnatnor
499 2511 637 2597 Synodis
658 2513 872 2593 generalibus.
895 2512 1019 2582 Nnttihi
1040 2516 1124 2578 enirn
1145 2534 1188 2580 ex

80 2610 152 2674 notis
182 2612 387 2690 earumdem,
409 2619 442 2677 et
462 2614 651 2694 praesertim
683 2612 817 2680 Concilii
842 2615 1187 2696 constantinopolitani,

79 2714 191 2778 mentio
213 2715 339 2778 teritur
358 2713 506 2796 Origonis
527 2716 679 2780 haeretici
700 2719 785 2780 inter
805 2716 945 2789 arianos,
967 2717 1187 2792 eunomianos,

78 2814 327 2894 macedonianos,
341 2817 545 2894 sabellianos,
559 2817 771 2898 photinianos,
789 2818 1013 2882 marcellianos
1025 2824 1058 2882 at
1070 2817 1186 2898 apolli-

79 2917 217 2980 naristae.
230 2913 336 2982 Porro
346 2920 433 2983 cirea
444 2919 507 2984 hoc
516 2917 775 3010 interpolationis
791 2918 942 2982 indicium
956 2919 986 2982 in
998 2935 1118 2984 maone
1130 2916 1187 2983 Xt.

77 3031 130 3080 nec
148 3019 234 3083 iatnd
257 3028 306 3083 cst
326 3019 610 3100 praetereundum.
631 3017 713 3084 Gnm
739 3018 823 3082 enim
853 3020 886 3082 in
915 3017 987 3082 fidei
1009 3017 1189 3084 contessio-

78 3130 113 3178 na
126 3136 145 3181 a
160 3117 344 3185 lastiniaoo
364 3123 479 3186 emissa
499 3138 636 3186 canones
663 3119 848 3201 hujusmodi
870 3118 1073 3200 praeierente
1094 3117 1189 3201 tonos

78 3219 200 3296 quidem
218 3223 301 3303 tegit
329 3240 368 3288 ac
387 3222 558 3288 contutara
586 3223 713 3287 atndnit
741 3219 913 3284 Facundus
944 3221 1185 3298 hermianensis,

78 3326 108 3381 et
124 3322 177 3385 uhi
208 3341 274 3387 non
293 3332 428 3404 apparet
457 3322 605 3404 Origeois
625 3341 740 3386 nomen
767 3325 850 3385 inter
870 3322 1050 3386 haereticos
1076 3325 1188 3392 insari-

75 3423 181 3503 ptam)
201 3423 276 3488 tatis
297 3432 432 3501 constet,
454 3425 497 3490 oh
517 3425 694 3488 additiones
714 3424 782 3487 sire
803 3423 925 3503 glossae
946 3423 1065 3487 eisdem
1087 3423 1188 3488 inser·

78 3529 131 3599 tas,
152 3524 366 3608 discrepantia
379 3526 421 3590 ah
442 3526 518 3602 illis,
535 3528 592 3608 qni
613 3525 770 3606 legantur
789 3526 821 3589 in
841 3522 1021 3591 Collatione
1038 3521 1126 3586 virt.
1148 3523 1190 3587 si·

75 3641 111 3690 ac
129 3626 244 3692 nltima
266 3628 413 3710 ejusdem
438 3627 571 3708 quintae
592 3623 724 3708 Synodi,
747 3625 801 3688 nbi
816 3624 972 3706 Origenes
993 3624 1187 3702 damnatur,

75 3724 111 3789 da
130 3727 177 3792 iris
198 3730 333 3796 interest
353 3729 652 3811 quamplurimum
674 3726 947 3803 animadvertere,
971 3725 1059 3807 qnod
1081 3723 1189 3790 inlo-

76 3841 124 3892 mo
143 3827 199 3894 Xt.
225 3848 297 3912 pag.
320 3828 392 3898 ein.
414 3829 573 3896 Editionis
601 3826 837 3904 conciliorum,
866 3835 1001 3892 curante
1022 3826 1064 3890 ci.
1086 3823 1183 3890 Card.

78 3923 255 4009 Passioneo,
281 3939 413 3996 notatnr
434 3931 537 3996 relate
564 3929 604 3992 ad
635 3929 883 4010 psendosextam
911 3929 980 3993 siva
1012 3925 1190 3992 trnliamm

75 4023 233 4109 Synodnm
255 4041 288 4098 et
308 4033 453 4115 ejnsdam
474 4049 622 4096 canones.

150 4131 197 4198 ns
222 4134 282 4198 hac
309 4133 439 4218 Synodo
469 4151 573 4214 nsque
609 4134 704 4198 modo
738 4135 861 4212 perstet
887 4128 1071 4196 Admonitio
1098 4146 1190 4208 grae·

77 4247 109 4297 ce
128 4237 248 4317 scripta
269 4255 307 4302 nc
337 4237 436 4302 latine
459 4255 564 4314 versa,
587 4235 685 4318 hojas
713 4237 853 4300 tenoris:
882 4233 1062 4299 «Sanctam
1083 4240 1115 4297 ot
1135 4248 1190 4295 oo·
