<?xml version="1.0" encoding="UTF-8"?>
<!DOCTYPE html PUBLIC "-//W3C//DTD XHTML 1.0 Transitional//EN"
    "http://www.w3.org/TR/xhtml1/DTD/xhtml1-transitional.dtd">
<html xmlns="http://www.w3.org/1999/xhtml" xml:lang="en" lang="en">
 <head>
  <title>
</title>
<meta http-equiv="Content-Type" content="text/html;charset=utf-8" />
  <meta name='ocr-system' content='tesseract 3.04.00' />
  <meta name='ocr-capabilities' content='ocr_page ocr_carea ocr_par ocr_line ocrx_word'/>
</head>
<body>
  <div class='ocr_page' id='page_1' title='image "./insgregoriinyss01vincgoog/insgregoriinyss01vincgoog_0693.png"; bbox 0 0 3066 4950; ppageno 0'>
   <div class='ocr_carea' id='block_1_1' title="bbox 337 371 398 446">
    <p class='ocr_par' dir='ltr' id='par_1_1' title="bbox 337 371 398 446">
     <span class='ocr_line' id='line_1_1' title="bbox 337 371 398 446; baseline 0.033 -2"><span class='ocrx_word' id='word_1_1' title='bbox 337 371 398 446; x_wconf 69' lang='lat'>332</span> 
     </span>
    </p>
   </div>
   <div class='ocr_carea' id='block_1_2' title="bbox 320 479 1449 3711">
    <p class='ocr_par' dir='ltr' id='par_1_2' title="bbox 333 479 1446 670">
     <span class='ocr_line' id='line_1_2' title="bbox 337 479 1446 560; baseline 0.004 -16"><span class='ocrx_word' id='word_1_2' title='bbox 337 479 533 559; x_wconf 80' lang='lat' dir='ltr'>Domitiano,</span> <span class='ocrx_word' id='word_1_3' title='bbox 551 479 697 556; x_wconf 82' lang='lat' dir='ltr'>Leontio,</span> <span class='ocrx_word' id='word_1_4' title='bbox 712 479 841 558; x_wconf 85' lang='lat' dir='ltr'>Nonne,</span> <span class='ocrx_word' id='word_1_5' title='bbox 859 480 1003 548; x_wconf 81' lang='lat' dir='ltr'>Eusebio</span> <span class='ocrx_word' id='word_1_6' title='bbox 1025 484 1057 546; x_wconf 84' lang='lat' dir='ltr'>el</span> <span class='ocrx_word' id='word_1_7' title='bbox 1076 480 1172 546; x_wconf 87' lang='lat' dir='ltr'>sociis</span> <span class='ocrx_word' id='word_1_8' title='bbox 1193 479 1366 547; x_wconf 74' lang='lat' dir='ltr'>dicente·</span> <span class='ocrx_word' id='word_1_9' title='bbox 1389 487 1446 560; x_wconf 86' lang='lat' dir='ltr'>est,</span> 
     </span>
     <span class='ocr_line' id='line_1_3' title="bbox 333 578 1319 670; baseline -0.004 -22"><span class='ocrx_word' id='word_1_10' title='bbox 333 586 391 664; x_wconf 77' lang='lat' dir='ltr'>qui</span> <span class='ocrx_word' id='word_1_11' title='bbox 412 578 557 646; x_wconf 85' lang='lat' dir='ltr'>eamdem</span> <span class='ocrx_word' id='word_1_12' title='bbox 570 599 711 670; x_wconf 35' lang='lat' dir='ltr'>&#39;cauum</span> <span class='ocrx_word' id='word_1_13' title='bbox 732 584 856 664; x_wconf 75' lang='lat' dir='ltr'>integra</span> <span class='ocrx_word' id='word_1_14' title='bbox 878 585 1071 649; x_wconf 87' lang='lat' dir='ltr'>couscientia</span> <span class='ocrx_word' id='word_1_15' title='bbox 1094 593 1319 663; x_wconf 86' lang='lat' dir='ltr'>susceperuut.</span> 
     </span>
    </p>

    <p class='ocr_par' dir='ltr' id='par_1_3' title="bbox 334 683 1449 2803">
     <span class='ocr_line' id='line_1_4' title="bbox 417 683 1446 766; baseline -0.002 -19"><span class='ocrx_word' id='word_1_16' title='bbox 417 683 449 747; x_wconf 87' lang='lat' dir='ltr'>id</span> <span class='ocrx_word' id='word_1_17' title='bbox 471 703 569 764; x_wconf 86' lang='lat' dir='ltr'>quarn</span> <span class='ocrx_word' id='word_1_18' title='bbox 592 686 732 748; x_wconf 83' lang='lat' dir='ltr'>maxime</span> <span class='ocrx_word' id='word_1_19' title='bbox 753 686 912 766; x_wconf 88' lang='lat' dir='ltr'>probatur</span> <span class='ocrx_word' id='word_1_20' title='bbox 932 685 974 747; x_wconf 84' lang='lat' dir='ltr'>ab</span> <span class='ocrx_word' id='word_1_21' title='bbox 994 686 1114 750; x_wconf 85' lang='lat' dir='ltr'>eisdem</span> <span class='ocrx_word' id='word_1_22' title='bbox 1135 685 1354 750; x_wconf 79' lang='lat' dir='ltr'>adversariis:</span> <span class='ocrx_word' id='word_1_23' title='bbox 1377 684 1446 766; x_wconf 79' lang='lat' dir='ltr'>qui,</span> 
     </span>
     <span class='ocr_line' id='line_1_5' title="bbox 334 786 1448 868; baseline -0.001 -16"><span class='ocrx_word' id='word_1_24' title='bbox 334 803 409 852; x_wconf 88' lang='lat' dir='ltr'>curn</span> <span class='ocrx_word' id='word_1_25' title='bbox 432 804 495 848; x_wconf 91' lang='lat' dir='ltr'>uun</span> <span class='ocrx_word' id='word_1_26' title='bbox 517 786 685 862; x_wconf 83' lang='lat' dir='ltr'>habereut,</span> <span class='ocrx_word' id='word_1_27' title='bbox 707 805 812 868; x_wconf 86' lang='lat' dir='ltr'>neque</span> <span class='ocrx_word' id='word_1_28' title='bbox 833 806 874 851; x_wconf 82' lang='lat' dir='ltr'>ex</span> <span class='ocrx_word' id='word_1_29' title='bbox 896 787 1002 863; x_wconf 87' lang='lat' dir='ltr'>dictis,</span> <span class='ocrx_word' id='word_1_30' title='bbox 1017 804 1077 851; x_wconf 93' lang='lat' dir='ltr'>uec</span> <span class='ocrx_word' id='word_1_31' title='bbox 1098 805 1140 850; x_wconf 80' lang='lat' dir='ltr'>ex</span> <span class='ocrx_word' id='word_1_32' title='bbox 1161 787 1317 868; x_wconf 81' lang='lat' dir='ltr'>operibus</span> <span class='ocrx_word' id='word_1_33' title='bbox 1338 795 1448 867; x_wconf 82' lang='lat' dir='ltr'>pateu-</span> 
     </span>
     <span class='ocr_line' id='line_1_6' title="bbox 336 887 1447 969; baseline -0.002 -17"><span class='ocrx_word' id='word_1_34' title='bbox 336 887 434 962; x_wconf 81' lang='lat' dir='ltr'>ttltus‚</span> <span class='ocrx_word' id='word_1_35' title='bbox 456 887 622 969; x_wconf 79' lang='lat' dir='ltr'>quomodo</span> <span class='ocrx_word' id='word_1_36' title='bbox 643 889 823 954; x_wconf 83' lang='lat' dir='ltr'>haereticos</span> <span class='ocrx_word' id='word_1_37' title='bbox 844 896 1071 969; x_wconf 72' lang='lat' dir='ltr'>nuncuparent</span> <span class='ocrx_word' id='word_1_38' title='bbox 1085 889 1268 968; x_wconf 83' lang='lat' dir='ltr'>praedictos</span> <span class='ocrx_word' id='word_1_39' title='bbox 1290 891 1395 963; x_wconf 77' lang='lat' dir='ltr'>rinos,</span> <span class='ocrx_word' id='word_1_40' title='bbox 1415 905 1447 950; x_wconf 86' lang='lat' dir='ltr'>se</span> 
     </span>
     <span class='ocr_line' id='line_1_7' title="bbox 335 987 1449 1073; baseline -0.002 -21"><span class='ocrx_word' id='word_1_41' title='bbox 335 1005 371 1052; x_wconf 88' lang='lat' dir='ltr'>se</span> <span class='ocrx_word' id='word_1_42' title='bbox 392 997 588 1069; x_wconf 87' lang='lat' dir='ltr'>receperunt</span> <span class='ocrx_word' id='word_1_43' title='bbox 610 987 649 1052; x_wconf 87' lang='lat' dir='ltr'>ad</span> <span class='ocrx_word' id='word_1_44' title='bbox 667 989 875 1073; x_wconf 77' lang='lat' dir='ltr'>hypocrisoos</span> <span class='ocrx_word' id='word_1_45' title='bbox 897 989 1164 1054; x_wconf 75' lang='lat' dir='ltr'>criminationem.</span> <span class='ocrx_word' id='word_1_46' title='bbox 1180 987 1356 1052; x_wconf 76' lang='lat' dir='ltr'>Facundus</span> <span class='ocrx_word' id='word_1_47' title='bbox 1378 988 1449 1050; x_wconf 79' lang='lat' dir='ltr'>lter·</span> 
     </span>
     <span class='ocr_line' id='line_1_8' title="bbox 336 1087 1448 1172; baseline -0.003 -18"><span class='ocrx_word' id='word_1_48' title='bbox 336 1091 507 1156; x_wconf 87' lang='lat' dir='ltr'>mianensis</span> <span class='ocrx_word' id='word_1_49' title='bbox 538 1092 569 1152; x_wconf 94' lang='lat' dir='ltr'>in</span> <span class='ocrx_word' id='word_1_50' title='bbox 592 1087 691 1154; x_wconf 80' lang='lat' dir='ltr'>Libro</span> <span class='ocrx_word' id='word_1_51' title='bbox 717 1089 743 1152; x_wconf 89' lang='lat' dir='ltr'>l.</span> <span class='ocrx_word' id='word_1_52' title='bbox 765 1109 793 1154; x_wconf 90' lang='lat' dir='ltr'>c.</span> <span class='ocrx_word' id='word_1_53' title='bbox 816 1089 859 1154; x_wconf 81' lang='grc' dir='ltr'>11.Ι</span> <span class='ocrx_word' id='word_1_54' title='bbox 881 1089 1040 1172; x_wconf 81' lang='lat' dir='ltr'>quosdam</span> <span class='ocrx_word' id='word_1_55' title='bbox 1061 1092 1107 1154; x_wconf 88' lang='lat' dir='ltr'>ait</span> <span class='ocrx_word' id='word_1_56' title='bbox 1135 1096 1213 1154; x_wconf 91' lang='lat' dir='ltr'>tunc</span> <span class='ocrx_word' id='word_1_57' title='bbox 1232 1089 1294 1152; x_wconf 86' lang='lat' dir='ltr'>rub</span> <span class='ocrx_word' id='word_1_58' title='bbox 1321 1088 1448 1152; x_wconf 85' lang='lat' dir='ltr'>nomine</span> 
     </span>
     <span class='ocr_line' id='line_1_9' title="bbox 335 1190 1449 1272; baseline -0.004 -17"><span class='ocrx_word' id='word_1_59' title='bbox 335 1191 513 1256; x_wconf 83' lang='lat' dir='ltr'>christiano</span> <span class='ocrx_word' id='word_1_60' title='bbox 528 1191 661 1254; x_wconf 85' lang='lat' dir='ltr'>latenter</span> <span class='ocrx_word' id='word_1_61' title='bbox 679 1195 711 1256; x_wconf 92' lang='lat' dir='ltr'>iu</span> <span class='ocrx_word' id='word_1_62' title='bbox 733 1190 877 1256; x_wconf 74' lang='lat' dir='ltr'>Ecclesia</span> <span class='ocrx_word' id='word_1_63' title='bbox 900 1193 1018 1272; x_wconf 74' lang='lat' dir='ltr'>gentile</span> <span class='ocrx_word' id='word_1_64' title='bbox 1041 1191 1191 1272; x_wconf 69' lang='lat' dir='ltr'>origenis</span> <span class='ocrx_word' id='word_1_65' title='bbox 1212 1191 1328 1271; x_wconf 75' lang='lat' dir='ltr'>dogma</span> <span class='ocrx_word' id='word_1_66' title='bbox 1349 1196 1449 1253; x_wconf 84' lang='lat' dir='ltr'>recta·</span> 
     </span>
     <span class='ocr_line' id='line_1_10' title="bbox 339 1291 1445 1378; baseline 0 -22"><span class='ocrx_word' id='word_1_67' title='bbox 339 1293 379 1356; x_wconf 90' lang='lat' dir='ltr'>ri.</span> <span class='ocrx_word' id='word_1_68' title='bbox 409 1292 553 1378; x_wconf 76' lang='lat' dir='ltr'>cyrillus</span> <span class='ocrx_word' id='word_1_69' title='bbox 574 1295 605 1358; x_wconf 92' lang='lat' dir='ltr'>in</span> <span class='ocrx_word' id='word_1_70' title='bbox 626 1295 772 1376; x_wconf 84' lang='lat' dir='ltr'>praetuta</span> <span class='ocrx_word' id='word_1_71' title='bbox 795 1291 865 1358; x_wconf 86' lang='lat' dir='ltr'>Vita</span> <span class='ocrx_word' id='word_1_72' title='bbox 887 1313 913 1359; x_wconf 90' lang='lat' dir='ltr'>s.</span> <span class='ocrx_word' id='word_1_73' title='bbox 936 1295 1059 1361; x_wconf 71' lang='lat' dir='ltr'>Sabinae</span> <span class='ocrx_word' id='word_1_74' title='bbox 1074 1312 1104 1357; x_wconf 92' lang='lat' dir='ltr'>u.</span> <span class='ocrx_word' id='word_1_75' title='bbox 1124 1292 1176 1361; x_wconf 83' lang='grc'>36.</span> <span class='ocrx_word' id='word_1_76' title='bbox 1191 1301 1223 1358; x_wconf 92' lang='lat' dir='ltr'>et</span> <span class='ocrx_word' id='word_1_77' title='bbox 1241 1292 1292 1360; x_wconf 70' lang='lat'>72.</span> <span class='ocrx_word' id='word_1_78' title='bbox 1313 1293 1445 1356; x_wconf 73' lang='lat' dir='ltr'>senuit:</span> 
     </span>
     <span class='ocr_line' id='line_1_11' title="bbox 340 1395 1448 1478; baseline 0.002 -22"><span class='ocrx_word' id='word_1_79' title='bbox 340 1415 357 1456; x_wconf 80' lang='lat' dir='ltr'>r</span> <span class='ocrx_word' id='word_1_80' title='bbox 382 1395 553 1478; x_wconf 78' lang='lat' dir='ltr'>quostiam,</span> <span class='ocrx_word' id='word_1_81' title='bbox 582 1395 633 1459; x_wconf 88' lang='lat' dir='ltr'>rel</span> <span class='ocrx_word' id='word_1_82' title='bbox 657 1403 804 1476; x_wconf 81' lang='lat' dir='ltr'>quatuor</span> <span class='ocrx_word' id='word_1_83' title='bbox 825 1395 986 1476; x_wconf 82' lang='lat' dir='ltr'>quaedam</span> <span class='ocrx_word' id='word_1_84' title='bbox 1006 1395 1156 1476; x_wconf 68' lang='lat' dir='ltr'>origenis</span> <span class='ocrx_word' id='word_1_85' title='bbox 1183 1403 1336 1476; x_wconf 77' lang='lat' dir='ltr'>tanquam</span> <span class='ocrx_word' id='word_1_86' title='bbox 1362 1395 1448 1458; x_wconf 88' lang='lat' dir='ltr'>rirm</span> 
     </span>
     <span class='ocr_line' id='line_1_12' title="bbox 337 1495 1444 1578; baseline -0.002 -18"><span class='ocrx_word' id='word_1_87' title='bbox 337 1497 399 1560; x_wconf 76' lang='lat' dir='ltr'>sul&gt;</span> <span class='ocrx_word' id='word_1_88' title='bbox 413 1497 507 1562; x_wconf 80' lang='lat' dir='ltr'>labiis</span> <span class='ocrx_word' id='word_1_89' title='bbox 526 1497 707 1572; x_wconf 87' lang='lat' dir='ltr'>occultare,</span> <span class='ocrx_word' id='word_1_90' title='bbox 723 1515 865 1578; x_wconf 85' lang='lat' dir='ltr'>quorum</span> <span class='ocrx_word' id='word_1_91' title='bbox 882 1515 984 1562; x_wconf 92' lang='lat' dir='ltr'>unum</span> <span class='ocrx_word' id='word_1_92' title='bbox 999 1496 1180 1562; x_wconf 82' lang='lat' dir='ltr'>Leontium.</span> <span class='ocrx_word' id='word_1_93' title='bbox 1199 1496 1279 1560; x_wconf 86' lang='lat' dir='ltr'>item</span> <span class='ocrx_word' id='word_1_94' title='bbox 1295 1495 1444 1561; x_wconf 82' lang='lat' dir='ltr'>Noenum</span> 
     </span>
     <span class='ocr_line' id='line_1_13' title="bbox 340 1597 1445 1680; baseline 0 -20"><span class='ocrx_word' id='word_1_95' title='bbox 340 1599 466 1678; x_wconf 88' lang='lat' dir='ltr'>pietatis</span> <span class='ocrx_word' id='word_1_96' title='bbox 486 1599 709 1664; x_wconf 88' lang='lat' dir='ltr'>simulatorem</span> <span class='ocrx_word' id='word_1_97' title='bbox 730 1601 892 1680; x_wconf 74' lang='lat' dir='ltr'>origenico</span> <span class='ocrx_word' id='word_1_98' title='bbox 915 1601 990 1664; x_wconf 88' lang='lat' dir='ltr'>dicit</span> <span class='ocrx_word' id='word_1_99' title='bbox 1004 1617 1157 1680; x_wconf 74' lang='lat' dir='ltr'>spargere</span> <span class='ocrx_word' id='word_1_100' title='bbox 1177 1600 1310 1662; x_wconf 88' lang='lat' dir='ltr'>semina.</span> <span class='ocrx_word' id='word_1_101' title='bbox 1332 1597 1445 1662; x_wconf 76' lang='lat' dir='ltr'>Stulti·</span> 
     </span>
     <span class='ocr_line' id='line_1_14' title="bbox 334 1697 1446 1783; baseline 0.003 -20"><span class='ocrx_word' id='word_1_102' title='bbox 334 1709 390 1763; x_wconf 52' lang='lat' dir='ltr'>*tor</span> <span class='ocrx_word' id='word_1_103' title='bbox 410 1719 441 1763; x_wconf 88' lang='lat' dir='ltr'>n.</span> <span class='ocrx_word' id='word_1_104' title='bbox 463 1697 514 1767; x_wconf 82' lang='lat'>83.</span> <span class='ocrx_word' id='word_1_105' title='bbox 537 1701 660 1782; x_wconf 81' lang='lat' dir='ltr'>iuquit:</span> <span class='ocrx_word' id='word_1_106' title='bbox 681 1701 905 1766; x_wconf 80' lang='lat' dir='ltr'>«Theodorus</span> <span class='ocrx_word' id='word_1_107' title='bbox 936 1701 1052 1768; x_wconf 77' lang='lat' dir='ltr'>Asside</span> <span class='ocrx_word' id='word_1_108' title='bbox 1074 1701 1253 1768; x_wconf 78' lang='lat' dir='ltr'>Caesareae</span> <span class='ocrx_word' id='word_1_109' title='bbox 1281 1700 1446 1783; x_wconf 81' lang='lat' dir='ltr'>Cappado-</span> 
     </span>
     <span class='ocr_line' id='line_1_15' title="bbox 339 1797 1445 1884; baseline 0 -20"><span class='ocrx_word' id='word_1_110' title='bbox 339 1802 408 1866; x_wconf 88' lang='lat' dir='ltr'>ciae</span> <span class='ocrx_word' id='word_1_111' title='bbox 429 1797 611 1884; x_wconf 84' lang='lat' dir='ltr'>episcopus,</span> <span class='ocrx_word' id='word_1_112' title='bbox 627 1800 841 1879; x_wconf 83' lang='lat' dir='ltr'>Domitianus,</span> <span class='ocrx_word' id='word_1_113' title='bbox 863 1801 999 1869; x_wconf 88' lang='lat' dir='ltr'>Nonnus</span> <span class='ocrx_word' id='word_1_114' title='bbox 1017 1803 1074 1866; x_wconf 93' lang='lat' dir='ltr'>lue</span> <span class='ocrx_word' id='word_1_115' title='bbox 1095 1802 1244 1884; x_wconf 71' lang='lat' dir='ltr'>Orisseuis</span> <span class='ocrx_word' id='word_1_116' title='bbox 1265 1801 1388 1874; x_wconf 83' lang='lat' dir='ltr'>iniecti,</span> <span class='ocrx_word' id='word_1_117' title='bbox 1404 1809 1445 1864; x_wconf 89' lang='lat' dir='ltr'>ta·</span> 
     </span>
     <span class='ocr_line' id='line_1_16' title="bbox 339 1903 1444 1988; baseline 0.002 -22"><span class='ocrx_word' id='word_1_118' title='bbox 339 1921 412 1966; x_wconf 89' lang='lat' dir='ltr'>men</span> <span class='ocrx_word' id='word_1_119' title='bbox 434 1904 643 1988; x_wconf 75' lang='lat' dir='ltr'>hypocriseos</span> <span class='ocrx_word' id='word_1_120' title='bbox 661 1906 778 1968; x_wconf 87' lang='lat' dir='ltr'>malam</span> <span class='ocrx_word' id='word_1_121' title='bbox 800 1907 990 1970; x_wconf 90' lang='lat' dir='ltr'>senteutiam</span> <span class='ocrx_word' id='word_1_122' title='bbox 1005 1905 1212 1970; x_wconf 82' lang='lat' dir='ltr'>obtexerunt.</span> <span class='ocrx_word' id='word_1_123' title='bbox 1229 1925 1246 1962; x_wconf 77' lang='lat' dir='ltr'>a</span> <span class='ocrx_word' id='word_1_124' title='bbox 1263 1903 1306 1980; x_wconf 79' lang='lat' dir='ltr'>Et</span> <span class='ocrx_word' id='word_1_125' title='bbox 1320 1905 1353 1968; x_wconf 79' lang='lat' dir='ltr'>hi</span> <span class='ocrx_word' id='word_1_126' title='bbox 1374 1921 1444 1968; x_wconf 88' lang='lat' dir='ltr'>rane</span> 
     </span>
     <span class='ocr_line' id='line_1_17' title="bbox 338 2005 1445 2087; baseline 0.002 -19"><span class='ocrx_word' id='word_1_127' title='bbox 338 2011 426 2081; x_wconf 87' lang='lat' dir='ltr'>sunt,</span> <span class='ocrx_word' id='word_1_128' title='bbox 443 2024 526 2086; x_wconf 84' lang='lat' dir='ltr'>quos</span> <span class='ocrx_word' id='word_1_129' title='bbox 541 2009 589 2070; x_wconf 91' lang='lat' dir='ltr'>uti</span> <span class='ocrx_word' id='word_1_130' title='bbox 603 2005 752 2087; x_wconf 75' lang='lat' dir='ltr'>Origenis</span> <span class='ocrx_word' id='word_1_131' title='bbox 768 2007 922 2071; x_wconf 88' lang='lat' dir='ltr'>haeretici</span> <span class='ocrx_word' id='word_1_132' title='bbox 939 2016 1092 2086; x_wconf 87' lang='lat' dir='ltr'>patronos</span> <span class='ocrx_word' id='word_1_133' title='bbox 1107 2007 1254 2071; x_wconf 88' lang='lat' dir='ltr'>insectati</span> <span class='ocrx_word' id='word_1_134' title='bbox 1267 2015 1344 2070; x_wconf 91' lang='lat' dir='ltr'>suut</span> <span class='ocrx_word' id='word_1_135' title='bbox 1359 2025 1445 2087; x_wconf 80' lang='lat' dir='ltr'>prae</span> 
     </span>
     <span class='ocr_line' id='line_1_18' title="bbox 338 2105 1446 2190; baseline 0.003 -20"><span class='ocrx_word' id='word_1_136' title='bbox 338 2109 450 2171; x_wconf 86' lang='lat' dir='ltr'>sertim</span> <span class='ocrx_word' id='word_1_137' title='bbox 472 2105 646 2173; x_wconf 85' lang='lat' dir='ltr'>Facundus</span> <span class='ocrx_word' id='word_1_138' title='bbox 666 2116 700 2173; x_wconf 86' lang='lat' dir='ltr'>et</span> <span class='ocrx_word' id='word_1_139' title='bbox 712 2107 884 2174; x_wconf 83' lang='lat' dir='ltr'>Liberatus</span> <span class='ocrx_word' id='word_1_140' title='bbox 907 2112 1005 2173; x_wconf 87' lang='lat' dir='ltr'>trium</span> <span class='ocrx_word' id='word_1_141' title='bbox 1021 2109 1251 2190; x_wconf 82' lang='lat' dir='ltr'>capitulorum</span> <span class='ocrx_word' id='word_1_142' title='bbox 1266 2109 1446 2173; x_wconf 74' lang='lat' dir='ltr'>defensores</span> 
     </span>
     <span class='ocr_line' id='line_1_19' title="bbox 339 2209 1446 2294; baseline 0.002 -23"><span class='ocrx_word' id='word_1_143' title='bbox 339 2211 602 2275; x_wconf 79' lang='lat' dir='ltr'>anathematizati</span> <span class='ocrx_word' id='word_1_144' title='bbox 626 2230 645 2275; x_wconf 88' lang='lat' dir='ltr'>a</span> <span class='ocrx_word' id='word_1_145' title='bbox 671 2211 816 2278; x_wconf 82' lang='lat' dir='ltr'>Concilio</span> <span class='ocrx_word' id='word_1_146' title='bbox 836 2209 878 2275; x_wconf 86' lang='lat' dir='ltr'>V.</span> <span class='ocrx_word' id='word_1_147' title='bbox 912 2210 1080 2294; x_wconf 81' lang='lat' dir='ltr'>litemque</span> <span class='ocrx_word' id='word_1_148' title='bbox 1109 2217 1198 2287; x_wconf 80' lang='lat' dir='ltr'>sunt,</span> <span class='ocrx_word' id='word_1_149' title='bbox 1225 2210 1387 2290; x_wconf 81' lang='lat' dir='ltr'>aquibus</span> <span class='ocrx_word' id='word_1_150' title='bbox 1406 2209 1446 2273; x_wconf 87' lang='lat' dir='ltr'>ait</span> 
     </span>
     <span class='ocr_line' id='line_1_20' title="bbox 339 2307 1445 2395; baseline -0.002 -19"><span class='ocrx_word' id='word_1_151' title='bbox 339 2307 485 2395; x_wconf 78' lang='lat' dir='ltr'>Cprillus</span> <span class='ocrx_word' id='word_1_152' title='bbox 505 2320 685 2378; x_wconf 90' lang='lat' dir='ltr'>commotos</span> <span class='ocrx_word' id='word_1_153' title='bbox 706 2333 774 2378; x_wconf 86' lang='lat' dir='ltr'>csse</span> <span class='ocrx_word' id='word_1_154' title='bbox 801 2313 1001 2378; x_wconf 76' lang='lat' dir='ltr'>Palaestinae</span> <span class='ocrx_word' id='word_1_155' title='bbox 1022 2314 1210 2388; x_wconf 82' lang='lat' dir='ltr'>monachos,</span> <span class='ocrx_word' id='word_1_156' title='bbox 1231 2312 1314 2376; x_wconf 86' lang='lat' dir='ltr'>alios</span> <span class='ocrx_word' id='word_1_157' title='bbox 1336 2310 1445 2374; x_wconf 85' lang='lat' dir='ltr'>adrer-</span> 
     </span>
     <span class='ocr_line' id='line_1_21' title="bbox 338 2412 1445 2496; baseline -0.001 -19"><span class='ocrx_word' id='word_1_158' title='bbox 338 2431 394 2478; x_wconf 86' lang='lat' dir='ltr'>sus</span> <span class='ocrx_word' id='word_1_159' title='bbox 422 2415 503 2479; x_wconf 85' lang='lat' dir='ltr'>alios</span> <span class='ocrx_word' id='word_1_160' title='bbox 528 2415 751 2496; x_wconf 74' lang='lat' dir='ltr'>insurgentesa</span> <span class='ocrx_word' id='word_1_161' title='bbox 767 2422 799 2480; x_wconf 89' lang='lat' dir='ltr'>et</span> <span class='ocrx_word' id='word_1_162' title='bbox 813 2416 855 2480; x_wconf 84' lang='lat' dir='ltr'>ob</span> <span class='ocrx_word' id='word_1_163' title='bbox 876 2416 958 2479; x_wconf 85' lang='lat' dir='ltr'>hanc</span> <span class='ocrx_word' id='word_1_164' title='bbox 974 2417 1195 2496; x_wconf 85' lang='lat' dir='ltr'>quaestionem</span> <span class='ocrx_word' id='word_1_165' title='bbox 1210 2421 1358 2477; x_wconf 89' lang='lat' dir='ltr'>amotum</span> <span class='ocrx_word' id='word_1_166' title='bbox 1374 2412 1445 2478; x_wconf 85' lang='lat' dir='ltr'>luis·</span> 
     </span>
     <span class='ocr_line' id='line_1_22' title="bbox 338 2514 1443 2602; baseline -0.004 -21"><span class='ocrx_word' id='word_1_167' title='bbox 338 2535 373 2581; x_wconf 90' lang='lat' dir='ltr'>sc</span> <span class='ocrx_word' id='word_1_168' title='bbox 395 2514 576 2581; x_wconf 82' lang='lat' dir='ltr'>Macarium</span> <span class='ocrx_word' id='word_1_169' title='bbox 592 2536 609 2581; x_wconf 90' lang='lat' dir='ltr'>a</span> <span class='ocrx_word' id='word_1_170' title='bbox 626 2517 707 2584; x_wconf 85' lang='lat' dir='ltr'>Sede</span> <span class='ocrx_word' id='word_1_171' title='bbox 728 2516 1046 2602; x_wconf 63' lang='lat' dir='ltr'>Hierosolymorum</span> <span class='ocrx_word' id='word_1_172' title='bbox 1069 2525 1101 2581; x_wconf 91' lang='lat' dir='ltr'>et</span> <span class='ocrx_word' id='word_1_173' title='bbox 1122 2516 1262 2597; x_wconf 88' lang='lat' dir='ltr'>amplius</span> <span class='ocrx_word' id='word_1_174' title='bbox 1281 2514 1443 2598; x_wconf 75' lang='lat' dir='ltr'>Sycurium</span> 
     </span>
     <span class='ocr_line' id='line_1_23' title="bbox 339 2619 1444 2701; baseline 0 -21"><span class='ocrx_word' id='word_1_175' title='bbox 339 2625 566 2699; x_wconf 73' lang='lat' dir='ltr'>congregatam</span> <span class='ocrx_word' id='word_1_176' title='bbox 594 2637 663 2684; x_wconf 89' lang='lat' dir='ltr'>esse</span> <span class='ocrx_word' id='word_1_177' title='bbox 687 2619 878 2685; x_wconf 77' lang='lat' dir='ltr'>Antiochiae</span> <span class='ocrx_word' id='word_1_178' title='bbox 904 2623 966 2684; x_wconf 85' lang='lat' dir='ltr'>sub</span> <span class='ocrx_word' id='word_1_179' title='bbox 993 2619 1188 2701; x_wconf 78' lang='lat' dir='ltr'>Epicnemio</span> <span class='ocrx_word' id='word_1_180' title='bbox 1214 2627 1328 2682; x_wconf 89' lang='lat' dir='ltr'>contra</span> <span class='ocrx_word' id='word_1_181' title='bbox 1358 2635 1444 2698; x_wconf 85' lang='lat' dir='ltr'>prae-</span> 
     </span>
     <span class='ocr_line' id='line_1_24' title="bbox 339 2719 1294 2803; baseline -0.005 -18"><span class='ocrx_word' id='word_1_182' title='bbox 339 2729 486 2802; x_wconf 85' lang='lat' dir='ltr'>sumptos</span> <span class='ocrx_word' id='word_1_183' title='bbox 505 2739 648 2796; x_wconf 86' lang='lat' dir='ltr'>errores,</span> <span class='ocrx_word' id='word_1_184' title='bbox 670 2725 820 2802; x_wconf 81' lang='lat' dir='ltr'>exposito</span> <span class='ocrx_word' id='word_1_185' title='bbox 843 2723 966 2786; x_wconf 89' lang='lat' dir='ltr'>lamoso</span> <span class='ocrx_word' id='word_1_186' title='bbox 988 2722 1148 2803; x_wconf 76' lang='lat' dir='ltr'>Antipatri</span> <span class='ocrx_word' id='word_1_187' title='bbox 1170 2719 1294 2786; x_wconf 87' lang='lat' dir='ltr'>libello.</span> 
     </span>
    </p>

    <p class='ocr_par' dir='ltr' id='par_1_4' title="bbox 340 2819 1440 3005">
     <span class='ocr_line' id='line_1_25' title="bbox 421 2819 1440 2902; baseline -0.006 -16"><span class='ocrx_word' id='word_1_188' title='bbox 421 2821 490 2886; x_wconf 90' lang='lat' dir='ltr'>Nisi</span> <span class='ocrx_word' id='word_1_189' title='bbox 520 2822 608 2902; x_wconf 82' lang='lat' dir='ltr'>quoti</span> <span class='ocrx_word' id='word_1_190' title='bbox 630 2826 752 2886; x_wconf 82' lang='lat' dir='ltr'>interea</span> <span class='ocrx_word' id='word_1_191' title='bbox 784 2824 1023 2887; x_wconf 88' lang='lat' dir='ltr'>circumstantia</span> <span class='ocrx_word' id='word_1_192' title='bbox 1056 2825 1151 2886; x_wconf 86' lang='lat' dir='ltr'>instat</span> <span class='ocrx_word' id='word_1_193' title='bbox 1179 2819 1364 2900; x_wconf 75' lang='lat' dir='ltr'>etquidem</span> <span class='ocrx_word' id='word_1_194' title='bbox 1385 2833 1440 2881; x_wconf 88' lang='lat' dir='ltr'>nou</span> 
     </span>
     <span class='ocr_line' id='line_1_26' title="bbox 340 2919 1439 3005; baseline -0.007 -17"><span class='ocrx_word' id='word_1_195' title='bbox 340 2922 518 3003; x_wconf 85' lang='lat' dir='ltr'>spernentia</span> <span class='ocrx_word' id='word_1_196' title='bbox 540 2923 735 3005; x_wconf 85' lang='lat' dir='ltr'>descriptae</span> <span class='ocrx_word' id='word_1_197' title='bbox 757 2921 954 3005; x_wconf 82' lang='lat' dir='ltr'>Theophane</span> <span class='ocrx_word' id='word_1_198' title='bbox 975 2925 1006 2987; x_wconf 90' lang='lat' dir='ltr'>iu</span> <span class='ocrx_word' id='word_1_199' title='bbox 1021 2923 1305 3003; x_wconf 75' lang='lat' dir='ltr'>Chrounpraptsia,</span> <span class='ocrx_word' id='word_1_200' title='bbox 1329 2921 1382 2984; x_wconf 83' lang='lat' dir='ltr'>obi</span> <span class='ocrx_word' id='word_1_201' title='bbox 1400 2919 1439 2982; x_wconf 87' lang='lat' dir='ltr'>ait</span> 
     </span>
    </p>

    <p class='ocr_par' dir='ltr' id='par_1_5' title="bbox 320 3019 1442 3711">
     <span class='ocr_line' id='line_1_27' title="bbox 320 3019 1440 3111; baseline -0.003 -26"><span class='ocrx_word' id='word_1_202' title='bbox 320 3079 323 3085; x_wconf 82' lang='grc'>,</span> <span class='ocrx_word' id='word_1_203' title='bbox 340 3024 521 3090; x_wconf 73' lang='lat' dir='ltr'>linearium</span> <span class='ocrx_word' id='word_1_204' title='bbox 536 3027 723 3106; x_wconf 90' lang='lat' dir='ltr'>episcopum</span> <span class='ocrx_word' id='word_1_205' title='bbox 738 3023 1042 3111; x_wconf 80' lang='lat' dir='ltr'>Hierosolymorum</span> <span class='ocrx_word' id='word_1_206' title='bbox 1064 3023 1287 3105; x_wconf 79' lang='lat' dir='ltr'>pertractem</span> <span class='ocrx_word' id='word_1_207' title='bbox 1308 3033 1341 3086; x_wconf 91' lang='lat' dir='ltr'>et</span> <span class='ocrx_word' id='word_1_208' title='bbox 1360 3019 1440 3085; x_wconf 85' lang='lat' dir='ltr'>calu·</span> 
     </span>
     <span class='ocr_line' id='line_1_28' title="bbox 340 3124 1440 3208; baseline -0.003 -21"><span class='ocrx_word' id='word_1_209' title='bbox 340 3127 457 3190; x_wconf 87' lang='lat' dir='ltr'>mnium</span> <span class='ocrx_word' id='word_1_210' title='bbox 480 3145 497 3189; x_wconf 88' lang='lat' dir='ltr'>a</span> <span class='ocrx_word' id='word_1_211' title='bbox 519 3145 576 3190; x_wconf 89' lang='lat' dir='ltr'>sua</span> <span class='ocrx_word' id='word_1_212' title='bbox 599 3127 674 3192; x_wconf 86' lang='lat' dir='ltr'>sede</span> <span class='ocrx_word' id='word_1_213' title='bbox 695 3127 1005 3208; x_wconf 80' lang='lat' dir='ltr'>expulsumluisse,</span> <span class='ocrx_word' id='word_1_214' title='bbox 1027 3134 1060 3190; x_wconf 94' lang='lat' dir='ltr'>et</span> <span class='ocrx_word' id='word_1_215' title='bbox 1081 3143 1155 3190; x_wconf 88' lang='lat' dir='ltr'>curn</span> <span class='ocrx_word' id='word_1_216' title='bbox 1177 3143 1217 3188; x_wconf 87' lang='lat' dir='ltr'>eo</span> <span class='ocrx_word' id='word_1_217' title='bbox 1238 3124 1321 3188; x_wconf 88' lang='lat' dir='ltr'>alios</span> <span class='ocrx_word' id='word_1_218' title='bbox 1342 3137 1440 3186; x_wconf 84' lang='lat' dir='ltr'>mous·</span> 
     </span>
     <span class='ocr_line' id='line_1_29' title="bbox 339 3224 1441 3309; baseline -0.005 -19"><span class='ocrx_word' id='word_1_219' title='bbox 339 3229 418 3292; x_wconf 88' lang='lat' dir='ltr'>chos</span> <span class='ocrx_word' id='word_1_220' title='bbox 439 3245 456 3290; x_wconf 94' lang='lat' dir='ltr'>a</span> <span class='ocrx_word' id='word_1_221' title='bbox 479 3227 591 3293; x_wconf 81' lang='lat' dir='ltr'>Norae</span> <span class='ocrx_word' id='word_1_222' title='bbox 625 3226 752 3293; x_wconf 86' lang='lat' dir='ltr'>Lauree</span> <span class='ocrx_word' id='word_1_223' title='bbox 774 3230 969 3293; x_wconf 84' lang='lat' dir='ltr'>monasterio</span> <span class='ocrx_word' id='word_1_224' title='bbox 1000 3228 1122 3309; x_wconf 87' lang='lat' dir='ltr'>pariter</span> <span class='ocrx_word' id='word_1_225' title='bbox 1142 3225 1275 3307; x_wconf 83' lang='lat' dir='ltr'>ejectos.</span> <span class='ocrx_word' id='word_1_226' title='bbox 1300 3224 1441 3288; x_wconf 76' lang='lat' dir='ltr'>tersum</span> 
     </span>
     <span class='ocr_line' id='line_1_30' title="bbox 339 3322 1442 3410; baseline -0.008 -18"><span class='ocrx_word' id='word_1_227' title='bbox 339 3329 448 3392; x_wconf 84' lang='lat' dir='ltr'>subdit</span> <span class='ocrx_word' id='word_1_228' title='bbox 462 3337 572 3410; x_wconf 90' lang='lat' dir='ltr'>postea</span> <span class='ocrx_word' id='word_1_229' title='bbox 592 3329 804 3394; x_wconf 85' lang='lat' dir='ltr'>Eustochium</span> <span class='ocrx_word' id='word_1_230' title='bbox 829 3331 1003 3409; x_wconf 86' lang='lat' dir='ltr'>expulsum</span> <span class='ocrx_word' id='word_1_231' title='bbox 1019 3347 1088 3392; x_wconf 88' lang='lat' dir='ltr'>csse</span> <span class='ocrx_word' id='word_1_232' title='bbox 1108 3327 1149 3391; x_wconf 87' lang='lat' dir='ltr'>alr</span> <span class='ocrx_word' id='word_1_233' title='bbox 1165 3329 1353 3406; x_wconf 88' lang='lat' dir='ltr'>episcopatu</span> <span class='ocrx_word' id='word_1_234' title='bbox 1375 3322 1442 3386; x_wconf 88' lang='lat' dir='ltr'>lile·</span> 
     </span>
     <span class='ocr_line' id='line_1_31' title="bbox 339 3422 1441 3512; baseline -0.005 -21"><span class='ocrx_word' id='word_1_235' title='bbox 339 3431 596 3512; x_wconf 74' lang='lat' dir='ltr'>rosolymorum,</span> <span class='ocrx_word' id='word_1_236' title='bbox 627 3437 660 3495; x_wconf 90' lang='lat' dir='ltr'>et</span> <span class='ocrx_word' id='word_1_237' title='bbox 681 3429 863 3496; x_wconf 84' lang='lat' dir='ltr'>Macarium</span> <span class='ocrx_word' id='word_1_238' title='bbox 885 3433 918 3494; x_wconf 93' lang='lat' dir='ltr'>in</span> <span class='ocrx_word' id='word_1_239' title='bbox 939 3447 1032 3494; x_wconf 87' lang='lat' dir='ltr'>suam</span> <span class='ocrx_word' id='word_1_240' title='bbox 1053 3427 1168 3494; x_wconf 75' lang='lat' dir='ltr'>Seue·</span> <span class='ocrx_word' id='word_1_241' title='bbox 1192 3431 1389 3492; x_wconf 88' lang='lat' dir='ltr'>restitutum.</span> <span class='ocrx_word' id='word_1_242' title='bbox 1410 3422 1441 3486; x_wconf 90' lang='lat' dir='ltr'>tu</span> 
     </span>
     <span class='ocr_line' id='line_1_32' title="bbox 339 3525 1442 3612; baseline -0.005 -18"><span class='ocrx_word' id='word_1_243' title='bbox 339 3549 406 3610; x_wconf 86' lang='lat' dir='ltr'>quo</span> <span class='ocrx_word' id='word_1_244' title='bbox 429 3531 514 3596; x_wconf 85' lang='lat' dir='ltr'>iaetu</span> <span class='ocrx_word' id='word_1_245' title='bbox 535 3530 731 3612; x_wconf 84' lang='lat' dir='ltr'>amplissime</span> <span class='ocrx_word' id='word_1_246' title='bbox 752 3529 986 3612; x_wconf 85' lang='lat' dir='ltr'>comprobatur</span> <span class='ocrx_word' id='word_1_247' title='bbox 1007 3531 1182 3604; x_wconf 85' lang='lat' dir='ltr'>calumnia,</span> <span class='ocrx_word' id='word_1_248' title='bbox 1205 3546 1270 3608; x_wconf 87' lang='lat' dir='ltr'>qua</span> <span class='ocrx_word' id='word_1_249' title='bbox 1288 3525 1442 3592; x_wconf 74' lang='lat' dir='ltr'>llamrius</span> 
     </span>
     <span class='ocr_line' id='line_1_33' title="bbox 340 3627 1441 3711; baseline -0.005 -19"><span class='ocrx_word' id='word_1_250' title='bbox 340 3635 408 3708; x_wconf 84' lang='lat' dir='ltr'>ipse</span> <span class='ocrx_word' id='word_1_251' title='bbox 436 3639 469 3696; x_wconf 89' lang='lat' dir='ltr'>et</span> <span class='ocrx_word' id='word_1_252' title='bbox 498 3631 690 3696; x_wconf 85' lang='lat' dir='ltr'>Theodorus</span> <span class='ocrx_word' id='word_1_253' title='bbox 722 3632 852 3709; x_wconf 76' lang='lat' dir='ltr'>Ascleta,</span> <span class='ocrx_word' id='word_1_254' title='bbox 875 3631 1090 3708; x_wconf 77' lang='lat' dir='ltr'>Domitianus,</span> <span class='ocrx_word' id='word_1_255' title='bbox 1111 3633 1279 3711; x_wconf 82' lang='lat' dir='ltr'>ceterique</span> <span class='ocrx_word' id='word_1_256' title='bbox 1303 3627 1441 3694; x_wconf 81' lang='lat' dir='ltr'>monachi</span> 
     </span>
    </p>
   </div>
   <div class='ocr_carea' id='block_1_3' title="bbox 225 3732 1441 3816">
    <p class='ocr_par' dir='ltr' id='par_1_6' title="bbox 225 3732 1441 3816">
     <span class='ocr_line' id='line_1_34' title="bbox 225 3732 1441 3816; baseline -0.005 -20"><span class='ocrx_word' id='word_1_257' title='bbox 225 3769 226 3772; x_wconf 61' lang='lat'><em>=</em></span> <span class='ocrx_word' id='word_1_258' title='bbox 339 3749 413 3796; x_wconf 91' lang='lat' dir='ltr'>cum</span> <span class='ocrx_word' id='word_1_259' title='bbox 436 3751 475 3796; x_wconf 92' lang='lat' dir='ltr'>eo</span> <span class='ocrx_word' id='word_1_260' title='bbox 496 3735 686 3797; x_wconf 86' lang='lat' dir='ltr'>sanctissimi</span> <span class='ocrx_word' id='word_1_261' title='bbox 717 3735 776 3796; x_wconf 87' lang='lat' dir='ltr'>viri</span> <span class='ocrx_word' id='word_1_262' title='bbox 793 3735 928 3816; x_wconf 89' lang='lat' dir='ltr'>impetiti</span> <span class='ocrx_word' id='word_1_263' title='bbox 950 3733 1316 3813; x_wconf 72' lang='lat' dir='ltr'>lucrant,ttc01igeuir</span> <span class='ocrx_word' id='word_1_264' title='bbox 1335 3732 1441 3795; x_wconf 86' lang='lat' dir='ltr'>haere·</span> 
     </span>
    </p>
   </div>
   <div class='ocr_carea' id='block_1_4' title="bbox 336 3833 1443 4323">
    <p class='ocr_par' dir='ltr' id='par_1_7' title="bbox 336 3833 1443 4323">
     <span class='ocr_line' id='line_1_35' title="bbox 336 3833 1443 3913; baseline -0.005 -17"><span class='ocrx_word' id='word_1_265' title='bbox 336 3835 363 3896; x_wconf 88' lang='lat' dir='ltr'>si</span> <span class='ocrx_word' id='word_1_266' title='bbox 383 3835 571 3898; x_wconf 89' lang='lat' dir='ltr'>insimulati.</span> <span class='ocrx_word' id='word_1_267' title='bbox 597 3833 703 3910; x_wconf 86' lang='lat' dir='ltr'>Quam</span> <span class='ocrx_word' id='word_1_268' title='bbox 729 3845 835 3898; x_wconf 88' lang='lat' dir='ltr'>tamen</span> <span class='ocrx_word' id='word_1_269' title='bbox 856 3835 1014 3900; x_wconf 83' lang='lat' dir='ltr'>haeresim</span> <span class='ocrx_word' id='word_1_270' title='bbox 1037 3852 1096 3898; x_wconf 91' lang='lat' dir='ltr'>nec</span> <span class='ocrx_word' id='word_1_271' title='bbox 1116 3833 1273 3912; x_wconf 78' lang='lat' dir='ltr'>Origenes</span> <span class='ocrx_word' id='word_1_272' title='bbox 1293 3833 1371 3913; x_wconf 84' lang='lat' dir='ltr'>ipse,</span> <span class='ocrx_word' id='word_1_273' title='bbox 1388 3843 1443 3890; x_wconf 81' lang='lat' dir='ltr'>uec</span> 
     </span>
     <span class='ocr_line' id='line_1_36' title="bbox 337 3931 1437 4016; baseline -0.006 -18"><span class='ocrx_word' id='word_1_274' title='bbox 337 3935 475 4015; x_wconf 83' lang='lat' dir='ltr'>praelati</span> <span class='ocrx_word' id='word_1_275' title='bbox 496 3939 658 4012; x_wconf 75' lang='lat' dir='ltr'>monarchi,</span> <span class='ocrx_word' id='word_1_276' title='bbox 681 3953 785 4016; x_wconf 87' lang='lat' dir='ltr'>neque</span> <span class='ocrx_word' id='word_1_277' title='bbox 815 3944 904 4010; x_wconf 88' lang='lat' dir='ltr'>tnnc,</span> <span class='ocrx_word' id='word_1_278' title='bbox 927 3953 986 4000; x_wconf 91' lang='lat' dir='ltr'>nec</span> <span class='ocrx_word' id='word_1_279' title='bbox 1006 3937 1061 3998; x_wconf 90' lang='lat' dir='ltr'>alii</span> <span class='ocrx_word' id='word_1_280' title='bbox 1084 3953 1228 4015; x_wconf 86' lang='lat' dir='ltr'>unquam</span> <span class='ocrx_word' id='word_1_281' title='bbox 1249 3937 1281 3998; x_wconf 93' lang='lat' dir='ltr'>iu</span> <span class='ocrx_word' id='word_1_282' title='bbox 1304 3931 1437 3999; x_wconf 81' lang='lat' dir='ltr'>Ecclesia</span> 
     </span>
     <span class='ocr_line' id='line_1_37' title="bbox 337 4035 1438 4115; baseline -0.006 -16"><span class='ocrx_word' id='word_1_283' title='bbox 337 4035 475 4115; x_wconf 78' lang='lat' dir='ltr'>professi</span> <span class='ocrx_word' id='word_1_284' title='bbox 498 4037 637 4100; x_wconf 85' lang='lat' dir='ltr'>inerant.</span> <span class='ocrx_word' id='word_1_285' title='bbox 655 4035 750 4113; x_wconf 85' lang='lat' dir='ltr'>Quod</span> <span class='ocrx_word' id='word_1_286' title='bbox 772 4038 1027 4102; x_wconf 84' lang='lat' dir='ltr'>luculentissime</span> <span class='ocrx_word' id='word_1_287' title='bbox 1048 4038 1179 4100; x_wconf 90' lang='lat' dir='ltr'>eruitur</span> <span class='ocrx_word' id='word_1_288' title='bbox 1199 4037 1239 4100; x_wconf 78' lang='lat' dir='ltr'>acl</span> <span class='ocrx_word' id='word_1_289' title='bbox 1255 4035 1370 4100; x_wconf 85' lang='lat' dir='ltr'>eisdem</span> <span class='ocrx_word' id='word_1_290' title='bbox 1391 4043 1438 4094; x_wconf 86' lang='lat' dir='ltr'>te·</span> 
     </span>
     <span class='ocr_line' id='line_1_38' title="bbox 337 4138 1435 4218; baseline -0.005 -19"><span class='ocrx_word' id='word_1_291' title='bbox 337 4138 554 4215; x_wconf 82' lang='lat' dir='ltr'>curatoribus,</span> <span class='ocrx_word' id='word_1_292' title='bbox 577 4140 633 4218; x_wconf 82' lang='lat' dir='ltr'>qui</span> <span class='ocrx_word' id='word_1_293' title='bbox 656 4141 714 4200; x_wconf 88' lang='lat' dir='ltr'>etsi</span> <span class='ocrx_word' id='word_1_294' title='bbox 738 4139 832 4202; x_wconf 80' lang='lat' dir='ltr'>ualde</span> <span class='ocrx_word' id='word_1_295' title='bbox 860 4141 1002 4200; x_wconf 76' lang='lat' dir='ltr'>animose</span> <span class='ocrx_word' id='word_1_296' title='bbox 1023 4139 1203 4218; x_wconf 85' lang='lat' dir='ltr'>irruperint</span> <span class='ocrx_word' id='word_1_297' title='bbox 1223 4147 1332 4204; x_wconf 84' lang='lat' dir='ltr'>eontra</span> <span class='ocrx_word' id='word_1_298' title='bbox 1353 4148 1435 4214; x_wconf 87' lang='lat' dir='ltr'>prae·</span> 
     </span>
     <span class='ocr_line' id='line_1_39' title="bbox 338 4233 1433 4323; baseline -0.008 -23"><span class='ocrx_word' id='word_1_299' title='bbox 338 4239 440 4303; x_wconf 83' lang='lat' dir='ltr'>uictos</span> <span class='ocrx_word' id='word_1_300' title='bbox 473 4242 659 4320; x_wconf 85' lang='lat' dir='ltr'>monachus,</span> <span class='ocrx_word' id='word_1_301' title='bbox 682 4239 888 4306; x_wconf 86' lang='lat' dir='ltr'>nihilominus</span> <span class='ocrx_word' id='word_1_302' title='bbox 909 4243 939 4305; x_wconf 93' lang='lat' dir='ltr'>in</span> <span class='ocrx_word' id='word_1_303' title='bbox 964 4249 1078 4323; x_wconf 88' lang='lat' dir='ltr'>aperto</span> <span class='ocrx_word' id='word_1_304' title='bbox 1106 4241 1194 4307; x_wconf 83' lang='lat' dir='ltr'>haud</span> <span class='ocrx_word' id='word_1_305' title='bbox 1224 4241 1295 4305; x_wconf 88' lang='lat' dir='ltr'>ausi</span> <span class='ocrx_word' id='word_1_306' title='bbox 1315 4233 1433 4300; x_wconf 83' lang='lat' dir='ltr'>lucrant</span> 
     </span>
    </p>
   </div>
   <div class='ocr_carea' id='block_1_5' title="bbox 0 0 1541 4950">
    <p class='ocr_par' dir='ltr' id='par_1_8' title="bbox 0 0 1541 4950">
     <span class='ocr_line' id='line_1_40' title="bbox 0 0 1541 4950; baseline 0 0"><span class='ocrx_word' id='word_1_307' title='bbox 0 0 1541 4950; x_wconf 95' lang='lat' dir='ltr'> </span> 
     </span>
    </p>
   </div>
  </div>
 </body>
</html>
