2994 4938
55 457 131 542 apud
152 459 307 544 iibegiutn
327 459 409 530 iulii
428 479 464 530 se
482 479 518 530 se
540 463 672 546 recapit,
692 477 732 527 ιο
752 460 783 526 iu
804 457 999 528 monasterio
1024 455 1076 538 pir
1096 457 1152 525 dc·

56 561 171 626 iunctus
189 569 246 628 esi.
433 549 439 564 ⁸

123 660 241 739 Tertio,
262 663 410 747 Origauis
432 664 595 748 triumpho
610 663 742 732 tosoen
756 659 981 748 chrysostomi
1003 662 1150 730 restitero

55 779 141 840 quana
162 767 300 828 nostroe
323 767 527 842 vexationes,
551 766 790 842 detractiones,
822 764 957 830 exilium
978 781 1017 828 ac
1037 763 1151 828 deinde

55 882 143 928 nors.
164 863 228 942 Qui
252 869 328 930 itero
360 885 470 932 rerum
500 868 682 932 divinarum
707 868 854 948 peritus,
877 866 1060 947 priscorum
1091 861 1154 929 Pa·

55 971 131 1030 trum
153 966 359 1034 traditionum
382 969 705 1044 observantissimus,
733 967 912 1032 catholicae
934 966 1007 1030 fidei
1028 966 1099 1030 acio
1122 965 1155 1030 iu

56 1066 141 1130 domo
161 1065 218 1134 Dei
238 1071 492 1149 ardentissimus,
515 1071 684 1151 prudentia
700 1088 896 1150 moramque
916 1069 1078 1151 probitate
1099 1086 1158 1134 ea·

57 1169 164 1234 ceiieus
185 1169 215 1232 iu
238 1169 403 1236 Ecclesiae
423 1173 589 1252 regimine,
621 1189 660 1234 ae
679 1172 848 1236 sanctitate
868 1171 1074 1252 conspicuus,
1097 1169 1155 1251 qni

55 1269 184 1348 quidem,
201 1271 346 1351 iuquam,
368 1273 428 1338 etsi
455 1272 645 1338 instantibus
667 1247 830 1353 pluribus,
854 1272 1043 1352 pracsertim
1053 1267 1158 1334 Tbeo·
1191 1361 1199 1376 .

57 1369 126 1450 pbiii
146 1371 282 1448 ambitu,
303 1381 337 1436 ct
356 1375 497 1438 malari
517 1391 650 1455 queque
677 1374 819 1454 putentia
841 1389 1026 1454 oppressus,
1050 1369 1159 1436 renuit
1254 1401 1256 1409 v

57 1479 149 1538 tameo
169 1475 365 1540 anatbamati
384 1475 589 1542 subscribere
604 1475 763 1556 origenis,
786 1475 922 1555 eiusque
944 1472 1158 1538 dsmuacedi·

55 1571 131 1650 bros,
146 1590 244 1656 quam
260 1577 400 1641 maxime
420 1577 493 1640 ideo
508 1576 652 1640 insistens
671 1594 731 1658 pro
747 1575 891 1641 Conciiio
918 1575 1084 1656 generali3
1110 1574 1160 1640 uti

56 1674 133 1738 testis
152 1683 200 1740 eat
230 1674 380 1740 Socrates
402 1677 433 1738 in
458 1675 558 1742 Libro
579 1675 635 1764 iii.
656 1695 686 1742 ο.
710 1675 784 1766 xiii
797 1696 806 1740 c
821 1697 842 1738 e
858 1675 940 1742 Cum
963 1673 1104 1764 ioannes
1125 1675 1157 1738 td

57 1771 153 1838 iacere
173 1773 342 1852 diiierret,
363 1777 509 1859 nihilque
532 1785 652 1842 temere
672 1778 832 1858 agendum
853 1793 923 1842 esse
943 1775 1066 1840 diceret
1085 1783 1160 1840 aute

53 1871 174 1940 Consilii
202 1877 361 1958 generalis
382 1877 596 1944 definitionem
614 1899 657 1942 :e
681 1879 762 1960 quio
791 1878 831 1942 de
861 1877 977 1943 ceteris
1001 1877 1087 1942 baud
1111 1894 1162 1942 aa·

57 1977 90 2040 tis
108 1980 138 2042 io
158 1983 324 2062 proposito
347 1979 447 2046 branis
470 1981 568 2045 acrba
591 1981 728 2056 inciam,
749 2000 807 2045 seu
830 1980 861 2043 io
882 1981 1063 2060 cognitione
1085 1995 1163 2046 eatt-

53 2096 101 2142 sae
120 2082 228 2160 tardis,
247 2093 305 2147 aut
326 2083 433 2164 potins
448 2082 618 2153 haereseos
638 2091 748 2144 uotam
765 2080 886 2144 seritis.
908 2077 959 2142 Ex
983 2078 1032 2141 bis
1052 2080 1163 2159 itaque

52 2178 114 2242 aliis
132 2198 288 2262 supremo
308 2181 495 2248 cedentibus
518 2182 596 2259 iate,
619 2181 690 2247 aliis
712 2181 833 2256 timori,
856 2178 926 2244 aliis
948 2178 1067 2257 dubiis,
1087 2195 1164 2244 outa
1291 2191 1299 2202 “

53 2279 161 2344 eisdem
183 2301 317 2364 quoque
338 2281 473 2352 decessit
493 2301 591 2348 causa
606 2282 753 2364 Origeuis
768 2289 799 2346 et
815 2282 962 2346 victoria.

122 2380 287 2459 Proiecto,
304 2393 367 2448 tana
383 2385 509 2448 eximiis
523 2385 598 2448 airis
619 2383 806 2464 degentibus
820 2383 928 2448 adbuc
944 2382 976 2446 in
994 2381 1071 2456 sita,
1091 2397 1161 2444 reta

53 2481 139 2545 aliter
152 2487 347 2563 processisse
361 2486 564 2565 sponderem.
579 2483 631 2550 Ex
648 2483 765 2550 Ruffiui
782 2501 923 2564 namque
935 2489 967 2546 et
989 2482 1162 2546 munacian-

56 2608 119 2652 ruut
146 2602 179 2656 et
198 2593 421 2676 chrysostomi
444 2595 583 2658 maxima
607 2595 638 2657 io
659 2592 886 2674 investigandis
904 2589 1052 2672 Origeuis
1072 2589 1164 2654 libris

54 2693 201 2771 genuinis,
225 2702 324 2775 atque
345 2695 478 2760 sinceris
498 2712 613 2760 coruus
630 2695 776 2758 sensibus
799 2692 959 2768 sollertia,
974 2691 1069 2756 sicuti
1086 2697 1165 2756 tam·

54 2791 101 2854 diu
115 2794 198 2858 iuter
218 2814 274 2859 cus
289 2796 439 2875 cupierat
457 2793 619 2872 Ruffiuns,
640 2795 836 2876 sperandum
849 2802 921 2859 erat
942 2793 1002 2874 (nii
1023 2792 1164 2875 Epipha-

54 2895 112 2972 uio,
134 2897 283 2976 quamvis
297 2915 372 2960 sero
393 2897 598 2974 beoeaertit),
613 2917 723 2962 omnes
742 2896 842 2962 simoi
862 2896 1086 2960 couvenientes
1106 2911 1164 2958 cu·

55 2993 166 3078 jusque
179 3000 282 3079 partis
297 3009 462 3078 patronos,
477 3017 528 3073 ao,
540 3000 686 3078 sepositis
705 2998 888 3074 inimicitiis,
902 2997 1014 3060 animis
1029 2995 1161 3077 pacatis,

54 3113 166 3162 uorum
186 3099 334 3164 studium
348 3101 494 3164 incuntes
516 3103 549 3166 in
561 3097 710 3179 Omgsnis
729 3100 848 3180 scripta
861 3140 872 3174 ‚,
889 3097 994 3160 iideiia
1015 3115 1165 3177 perscru-

56 3204 131 3262 tatos
150 3201 365 3282 exemplaris,
386 3203 535 3282 dogmata
556 3201 656 3282 ipsius
675 3199 791 3265 sedulo
811 3199 1030 3274 discutientes,
1052 3197 1163 3261 arduis
1277 3277 1278 3280 Ἴ

56 3298 138 3365 iilius
150 3303 396 3382 emersionibus
410 3321 472 3384 pro
485 3323 534 3379 re,
550 3321 609 3382 pre
627 3311 784 3384 tenpore,
798 3319 837 3367 ac
857 3320 918 3382 pro
940 3300 1164 3380 pbilosopbiae

54 3401 296 3470 circumstantiis
309 3405 492 3483 illustratis,
507 3412 541 3470 et
553 3405 749 3488 quaudoque
764 3421 842 3470 uuus
858 3404 904 3468 uti
922 3402 1105 3476 historicus,
1120 3417 1162 3462 an

52 3509 86 3565 ut
103 3505 305 3586 dogmaticus
327 3509 360 3570 ia
382 3510 449 3574 anis
470 3509 666 3590 precesserit
680 3505 967 3588 disquisitionibus,
982 3510 1016 3567 et
1034 3503 1165 3582 insuper

52 3621 112 3684 qno
134 3613 243 3673 urimo
263 3611 418 3690 quasdam
440 3613 471 3676 iu
493 3611 653 3692 mysteriis
673 3609 747 3672 iidei
768 3609 960 3673 cbristiaoae
990 3603 1164 3668 tractandis
1277 3687 1281 3700 1

53 3709 223 3782 protulerit
235 3710 471 3788 similitudines,
483 3713 616 3792 suisque
630 3711 789 3791 sumserit
803 3705 1000 3788 argumentis
1012 3715 1074 3772 etc.
1088 3723 1163 3769 coo·

54 3805 210 3874 tiendum
232 3819 314 3889 crat,
336 3814 490 3894 inquam,
525 3831 636 3878 omnes
655 3813 687 3875 io
708 3830 810 3875 unum
832 3811 945 3886 iactos,
968 3827 1007 3872 ac
1028 3825 1096 3872 rena
1118 3809 1161 3870 ita

54 3915 253 3993 auspicatos,
285 3933 344 3979 nee
372 3915 511 3997 amplius
531 3916 679 3996 impium,
712 3933 770 3979 nec
790 3913 930 3994 amplius
951 3910 1161 3982 hoereticum,

56 4028 110 4078 acc
129 4017 272 4097 amptius
292 4035 311 4082 a
334 4020 470 4083 scritate
491 4018 621 4083 derium
656 4033 858 4094 nuncupasse
878 4012 1062 4092 origenem.
1085 4009 1165 4086 Qui·

56 4114 172 4182 uiuamc
193 4117 364 4183 audentius
385 4118 469 4196 dico,
491 4119 648 4183 damnatis
661 4135 797 4182 suorum
821 4116 981 4180 librorum
1004 4111 1164 4176 iuisatori·

53 4211 120 4294 bus,
136 4234 174 4284 ac
190 4217 291 4300 ipsius
310 4237 463 4286 sensuum
484 4219 745 4300 corruptoribus,
762 4216 894 4300 pristina
913 4215 985 4296 ejus
1006 4213 1163 4279 instaura·
