3048 4946
327 477 510 542 tenuimus:
534 482 567 540 ct
585 475 686 558 super
705 493 764 542 nos
782 473 888 541 ‘ettam
909 473 978 557 ipsa
998 473 1112 540 attaris
1133 473 1242 540 menta
1264 467 1436 548 ceciderit,

323 576 383 642 nisi
396 576 593 643 clericorum
610 585 799 648 nostrornm
815 577 930 643 inisset
950 577 1097 642 manibus
1111 583 1304 642 sustentata.
1328 571 1438 639 Postea

327 697 406 744 reru
426 679 504 743 dum
519 679 609 744 nobis
623 678 757 757 dicitur,
771 677 859 761 quod
876 678 1010 754 exinde,
1026 680 1085 742 nisi
1099 683 1305 743 sacramente
1323 673 1440 738 soluis-

325 793 434 844 remus
454 780 613 860 accipere,
634 779 696 844 sub
725 780 813 843 omni
837 779 991 844 violentia
1018 779 1237 854 traheremur,
1270 773 1441 839 memorati

321 879 450 962 judices
471 897 489 944 a
511 879 653 960 piissimo
676 877 882 960 Imperatore
902 879 1021 944 directi
1043 879 1220 943 voluisseut
1240 876 1337 941 uobis
1355 875 1442 958 jura·

324 988 431 1045 ruente
454 988 640 1061 praestem
661 979 847 1045 indiculum
868 980 1029 1057 dedimus,
1047 997 1107 1059 per
1127 979 1215 1061 quod
1238 977 1314 1040 dari
1334 993 1442 1058 perso·

324 1098 386 1146 une
400 1090 529 1146 nostrae
548 1083 670 1163 scripto
685 1082 859 1164 petivimus
877 1081 1111 1166 iusiurandum
1123 1103 1135 1146 s
1148 1079 1237 1162 qnod
1258 1077 1442 1144 elementis·

323 1183 424 1248 rimus
448 1180 599 1264 Princeps
613 1201 678 1248 uon
692 1183 791 1266 quate
812 1201 870 1249 nos
892 1184 1068 1260 voluimus,
1090 1182 1240 1265 praeberi
1263 1180 1440 1258 concessit3

324 1283 382 1350 red
402 1284 501 1368 quale
530 1285 596 1364 ipsi.
610 1285 746 1366 placuit,
769 1303 829 1367 per
844 1285 971 1368 indices
990 1303 1068 1350 suos
1088 1283 1229 1347 dandum
1250 1299 1325 1346 esse
1346 1279 1441 1343 dicta·

328 1385 377 1450 rit
391 1429 399 1447 .
414 1428 422 1449 .
437 1431 445 1448 .
458 1427 467 1448 .
482 1384 544 1450 Sed
571 1386 686 1466 nequis
708 1386 858 1463 forsitan,
882 1394 988 1451 otest
1014 1400 1248 1467 perversorum
1272 1383 1439 1447 bominum

326 1483 463 1560 malitia,
485 1484 526 1548 de
547 1484 789 1565 praedicatione
824 1493 935 1551 nostra
957 1485 1115 1568 religiosis
1144 1485 1257 1550 animis
1279 1481 1441 1549 aelirum

326 1585 524 1662 timentibus,
557 1586 669 1668 aliqua
695 1588 885 1666 mentietur,
913 1587 986 1652 ddei
1008 1596 1139 1653 nostrae
1167 1587 1439 1670 praedicationem

327 1686 407 1754 buic
427 1705 548 1770 parrae
563 1687 712 1752 rciatinai
727 1690 904 1768 matorum,
920 1707 1007 1772 quae
1020 1689 1230 1772 pertulimus,
1247 1687 1441 1752 credidimm

326 1789 628 1873 subjungendam.»
646 1789 760 1856 Postea
782 1790 941 1856 adsersus
962 1789 1173 1856 Theodorum
1193 1791 1380 1856 Caesareae
1398 1789 1440 1854 io

330 1899 441 1968 cutus,
457 1889 529 1956 idco
543 1891 623 1957 dicit
637 1890 774 1973 Principi
796 1893 1049 1969 commendasse,
1064 1911 1239 1973 suggerens
1257 1903 1292 1956 et
1308 1911 1440 1974 rogans:

330 2011 426 2076 «pro
446 2009 538 2076 prce,
560 2009 658 2078 quam
680 2009 739 2075 per
758 1993 911 2076 pietatem
944 2003 1033 2059 tuam
1055 1995 1179 2073 pridem
1201 1993 1292 2057 Deus
1314 1993 1441 2057 donavit

327 2092 510 2172 Ecclesiae,
531 2101 570 2159 ut
590 2112 662 2158 eam
684 2093 852 2160 nullorum
868 2095 1035 2159 bominum
1058 2094 1185 2156 turbari
1207 2094 1354 2174 amptius
1375 2093 1442 2156 iusi·

325 2197 482 2262 nuatione
497 2197 676 2276 permittam
696 2213 755 2260 nec
770 2203 938 2260 auctorem
955 2195 1054 2261 totins
1074 2195 1217 2262 scandali
1233 2191 1440 2257 Theodorou

329 2297 419 2363 ultra
442 2315 562 2364 vexare
590 2297 689 2364 ddem
710 2297 904 2364 catholicam
927 2297 1080 2378 patiarisa
1111 2299 1266 2379 quoniam
1290 2303 1367 2360 aute
1387 2313 1438 2359 sex

331 2418 456 2466 menaea
477 2419 497 2465 a
518 2401 609 2467 nobis
628 2401 714 2466 inter
733 2401 813 2466 aiios
840 2401 1070 2465 commuuione
1090 2417 1184 2464 sacra
1206 2400 1359 2481 privatus
1380 2405 1442 2476 est;

329 2511 363 2570 ot
383 2503 425 2566 ab
445 2504 633 2585 episcopatu
657 2521 719 2585 pro
739 2521 798 2568 sua
820 2505 981 2584 pravitate
1002 2501 1167 2582 depositus
1186 2511 1284 2566 etc.»

332 2607 344 2656 ’-
413 2603 494 2670 item
522 2602 561 2668 in
580 2603 772 2686 stagnante
800 2603 1015 2670 damantionis
1038 2602 1191 2668 ibsodori
1210 2601 1291 2668 dicit
1312 2599 1442 2684 Vig'iins

330 2725 367 2773 aa
386 2725 447 2789 pro
467 2704 622 2770 scandalo
643 2703 869 2780 rotraauando,
891 2722 930 2767 ac
950 2703 1167 2785 quorumdam
1188 2705 1304 2768 animis
1326 2711 1441 2782 tempe·

330 2807 452 2882 randis,
476 2823 559 2888 quos
580 2806 648 2887 ipse
661 2805 853 2870 Theodorus
875 2805 1126 2885 inquietissimus
1146 2802 1346 2880 incenderat,
1368 2821 1441 2866 ooo·

332 2909 424 2972 nulia
457 2925 516 2988 pro
539 2915 684 2988 tempore
715 2906 950 2973 medicinaliter
980 2908 1178 2972 existimasse
1205 2906 1383 2970 ordinanda
1404 2905 1439 2968 dc

333 3010 439 3075 tribus
460 3009 630 3092 Capitulis,
646 3009 749 3074 donec
770 3008 811 3072 ab
828 3008 951 3083 dirior,
969 3008 1102 3093 illyrico
1118 3018 1150 3074 et
1163 3005 1279 3074 Galliis
1303 3009 1442 3074 venirent

331 3109 672 3192 episcopatusnono
695 3109 903 3176 scsuasttzatt
927 3109 1100 3174 increuit«
1115 3107 1201 3174 iliud
1224 3126 1361 3191 quoquc
1382 3125 1441 3170 ma·

333 3229 475 3294 guopere
490 3212 581 3276 uobis
594 3229 669 3276 cum
684 3211 936 3276 clementissimo
954 3209 1112 3292 Principe,
1128 3213 1336 3292 presentibus
1350 3213 1440 3276 etiru

335 3313 453 3379 Menoe
466 3315 831 3396 constantinopolitanae
852 3313 1005 3390 civitatis,
1022 3322 1055 3378 et
1076 3313 1177 3378 iiacio
1199 3313 1440 3378 mediolanensis

332 3415 423 3480 urbis
437 3416 589 3492 antistite,
606 3416 744 3496 aliisque
756 3424 824 3481 tum
840 3416 965 3497 graecis
980 3423 1049 3481 tum
1061 3416 1170 3480 iatinis
1183 3417 1357 3496 episcopis,
1373 3433 1440 3479 cun

334 3518 454 3599 quibos
474 3518 623 3584 omnibus
645 3521 742 3583 ettam
764 3523 800 3582 to
821 3516 995 3582 Tbeodore
1015 3519 1118 3583 irater
1138 3516 1282 3592 adfuisti,
1305 3535 1365 3581 neo
1385 3533 1440 3578 noa

333 3626 368 3684 et
387 3620 612 3701 praesentibus
630 3618 795 3701 judicibus
819 3626 851 3683 et
873 3619 1078 3699 proceribus,
1095 3619 1317 3699 universoque
1336 3622 1441 3681 senatu

334 3721 497 3796 convenit,
512 3737 552 3783 ue
563 3737 668 3800 usum
681 3721 721 3783 ad
735 3725 948 3784 memoratam
963 3718 1097 3785 Conciiii
1112 3719 1343 3795 definitionem,
1356 3715 1441 3800 quid·

334 3839 433 3903 quam
455 3821 496 3886 de
512 3822 668 3901 praetatis
688 3821 847 3901 Capitulis
867 3821 1035 3904 abaliquo
1056 3822 1126 3886 deri
1147 3822 1407 3886 intentaretur.»

417 3919 574 4002 Deinceps
592 3921 703 3985 subdit
718 3919 854 4003 Vigiiius
881 3920 922 3985 de
940 3920 1127 4000 Theodoro,
1143 3927 1258 3986 contra
1278 3919 1367 4002 quod
1385 3924 1441 3982 sta·

337 4031 445 4088 totum
458 4023 579 4098 iuerat,
595 4022 715 4086 tibrum
732 4022 949 4088 coutinentem
965 4023 1063 4088 trium
1078 4022 1305 4106 capitulorum
1320 4020 1440 4084 daura·

336 4125 469 4200 tionem,
482 4125 552 4204 ipso
567 4123 720 4188 incitante
731 4122 891 4189 retectum
905 4124 1005 4188 inisse
1022 4141 1134 4188 coram
1152 4121 1346 4205 quibusdam
1358 4135 1439 4201 gras-

335 4223 381 4292 cir
394 4223 566 4308 episcopis,
582 4222 667 4290 uude
689 4223 837 4292 iaroram
857 4225 1019 4308 erigebat,
1035 4229 1068 4291 at
1083 4223 1168 4292 uude
1188 4221 1338 4292 scandata
1352 4233 1436 4286 asor
