3048 4946
330 469 535 552 praepollere
554 473 649 536 visos.
671 474 822 540 Attamen
837 471 935 554 paulo
970 479 1041 555 post
1055 469 1150 536 ambo
1166 477 1230 535 um
1243 469 1363 551 psridi,
1379 477 1435 532 tsu

328 569 447 636 infirmi
469 571 501 634 iu
520 574 676 636 sententia
699 575 845 654 proprie,
867 582 933 638 tam
954 573 1071 656 adlecti
1093 570 1358 636 insimulantora
1380 567 1434 632 p„

331 672 449 748 cundo,
467 680 504 736 nt
524 691 609 737 unns
631 673 713 739 idest
732 673 864 750 Petrus,
882 691 957 738 cnm
978 689 1089 738 coram
1105 673 1267 736 monachis
1279 670 1435 751 jnraverit

329 791 364 838 se
385 792 549 854 nunqnam
579 793 813 839 consensurum
843 776 976 838 decreto
1006 772 1164 838 sdverses
1196 772 1256 836 tris
1279 771 1434 851 capitula,

331 881 440 956 postea
463 876 619 956 periurus
647 877 693 940 bis
707 876 935 958 subscripserit
948 876 1080 941 decreto
1094 875 1331 956 anathematiu
1349 883 1383 938 et
1395 873 1436 935 sl·

330 981 381 1038 ter
403 971 631 1054 Ephraomios,
645 995 719 1040 cnm
746 975 837 1056 prius
857 976 1062 1040 subscribere
1084 975 1252 1048 noluisset,
1274 973 1435 1038 nihilomi-

329 1091 390 1138 nus
412 1085 582 1156 postquam
612 1076 836 1140 denuntiatum
860 1085 908 1140 est
928 1079 970 1153 ci,
992 1075 1080 1157 quod
1101 1073 1326 1140 excludendus
1347 1081 1435 1148 esset,

331 1175 390 1238 nisi
412 1174 547 1252 iaceret,
567 1178 619 1240 soi
641 1179 752 1258 potins
774 1178 920 1254 honoris,
941 1195 1040 1259 quam
1062 1177 1219 1252 veritatis,
1238 1175 1379 1238 dilector·
1398 1173 1438 1236 in·

332 1285 458 1351 ventus,
476 1284 598 1342 mutate
615 1280 784 1352 sententia,
803 1278 1029 1360 Capitulorum
1044 1277 1238 1342 damnationi
1250 1275 1435 1340 adhaeserit

412 1374 525 1452 Sexto,
546 1385 716 1458 postquam
738 1397 798 1461 per
817 1389 988 1444 consuetos
1017 1379 1249 1460 paralogismos
1270 1373 1437 1440 Facundus

333 1480 380 1541 sti
396 1479 568 1558 acephalos
582 1481 691 1560 inique
705 1489 737 1546 et
752 1481 872 1546 trustra
888 1483 1087 1561 nuncuparit
1103 1481 1201 1544 trium
1215 1477 1436 1560 Capitulorau

335 1578 551 1655 damnatores,
572 1596 611 1643 ac
633 1578 746 1660 vigilii·
764 1580 975 1662 exprobravit
994 1581 1247 1655 simulationem,
1273 1583 1309 1643 et
1325 1579 1439 1658 episoc-
1521 1647 1522 1672 χ

332 1695 450 1757 porum
473 1680 725 1758 instabilitatem,
743 1691 776 1746 et
791 1683 864 1770 irinc
886 1681 958 1746 lidei
980 1681 1242 1747 chalcedonensia
1259 1679 1437 1761 abnegatio·
1521 1675 1522 1748 i

335 1795 420 1854 nem,
437 1797 496 1844 nec
520 1789 570 1846 est
587 1783 718 1863 quidem
740 1783 1016 1864 praetereundum
1030 1781 1118 1864 qnod
1138 1782 1180 1846 ab
1201 1782 1294 1846 initio
1315 1782 1347 1844 iu
1366 1779 1435 1842 Pro
1521 1767 1522 1774 '

332 1880 408 1960 logo
430 1879 503 1944 xlt.
519 1880 693 1948 Librorum
715 1884 805 1959 dicit,
822 1903 857 1948 se
874 1885 941 1966 jam
957 1882 1233 1964 Constsntinopoli
1249 1881 1383 1962 degisse,
1396 1887 1436 1943 at·

333 1999 398 2060 que
412 1981 519 2046 adhuc
532 1984 565 2046 in
580 1981 689 2064 Opere
703 1985 743 2048 de
759 1985 862 2048 tribus
876 1984 1035 2065 Capitulis
1060 1983 1259 2048 elaborando
1274 1983 1432 2052 insensum,
1522 2053 1523 2078 χ

332 2081 463 2159 qnando
478 2101 517 2146 eo
531 2082 691 2150 adductus
707 2094 757 2150 est
775 2102 923 2149 summus
939 2083 1101 2149 Pontiies.
1120 2082 1198 2160 Qui,
1215 2099 1363 2162 eousque
1375 2081 1434 2160 ipso
1522 2143 1523 2168 ff

243 2167 249 2182 ⁹
334 2179 490 2248 Facundo
504 2192 537 2248 et
556 2184 627 2248 aliis
648 2186 806 2267 episcopis
819 2186 860 2251 de
881 2205 918 2250 re
939 2185 1205 2266 disceptantibus,
1217 2185 1291 2248 sins
1306 2181 1434 2247 mdia·
1522 2171 1523 2198 *

334 2289 367 2346 te
389 2283 553 2362 condictu,
579 2293 650 2350 scta
678 2286 847 2358 iuter-itti
868 2288 1043 2368 mandavit,
1065 2296 1166 2367 atque
1188 2285 1229 2348 ad
1248 2297 1435 2364 unoquoque

335 2385 529 2460 antistitum,
544 2387 601 2465 qui
616 2387 751 2452 ederant
770 2390 996 2469 expetissent
1015 2389 1136 2468 scripto
1156 2388 1298 2466 quisque
1318 2398 1436 2464 roepon·

333 2483 426 2550 deret
446 2487 581 2566 quidde
602 2488 651 2552 his
664 2487 823 2570 espttntts
836 2493 981 2554 sentiret.
1005 2487 1096 2554 Hanc
1114 2487 1222 2569 vigilii
1246 2485 1434 2568 petitionem,

333 2585 469 2667 singulte
489 2589 562 2652 dots
588 2589 678 2653 venis
700 2598 854 2656 accurate
876 2591 1086 2672 investigandi
1109 2608 1193 2663 rem,
1209 2595 1389 2668 acceptasse
1406 2601 1435 2648 ss

334 2687 412 2752 dicit
434 2687 619 2764 Facundus,
641 2692 681 2754 de
703 2692 795 2759 brevi
818 2693 1043 2758 tantummode
1065 2699 1210 2772 tempore
1232 2707 1294 2772 pro
1316 2703 1435 2770 respon

332 2790 422 2857 tione
442 2801 653 2872 conquestus.

337 2925 341 2933 ·
413 2889 465 2956 lls
480 2892 624 2973 praelata
639 2895 766 2960 interim
781 2895 966 2961 elocutione
987 2902 1087 2977 patet,
1105 2893 1259 2976 vigilium
1274 2894 1434 2972 tuomque

334 3007 394 3055 nec
414 2993 592 3070 damnasse,
615 3012 674 3059 nee
695 2995 873 3062 defendisse
894 2997 955 3060 tria
977 2994 1151 3077 Capitale:
1174 3013 1234 3058 nec
1254 2993 1329 3058 ideo
1349 2991 1434 3054 meri·

336 3099 370 3155 to
392 3100 485 3156 sntea
509 3093 659 3160 llennnm
690 3103 883 3178 ceterosque
913 3097 1080 3180 episcopos
1107 3096 1274 3177 corripere
1306 3092 1435 3175 potuisse

334 3209 393 3256 nee
415 3196 502 3274 quod
526 3197 586 3262 trie
609 3197 760 3280 Capitale
782 3199 998 3274 damnassent,
1027 3215 1133 3280 neque
1164 3215 1239 3262 cnm
1267 3197 1318 3260 lais
1345 3191 1436 3274 Syrn-

335 3293 412 3358 dum
428 3296 713 3366 chalcedonensem
730 3301 964 3382 repudiasseots
980 3301 1077 3366 alites
1089 3315 1150 3364 occ
1164 3307 1241 3364 tunc
1256 3297 1332 3378 ipsis
1343 3295 1436 3360 litters

335 3398 500 3477 propriant
526 3403 716 3466 seutentiam
738 3403 888 3485 prolerre
916 3404 1106 3467 mandasset.
1134 3399 1287 3466 Proiecto
1308 3415 1370 3462 noo
1388 3411 1437 3474 pa·

336 3498 451 3563 tuisset
472 3497 608 3578 vigilius
628 3504 813 3582 quempiam
836 3520 854 3565 a
875 3502 1102 3569 communione
1123 3500 1322 3581 suspendere
1344 3495 1385 3560 ub
1402 3490 1437 3554 il·

333 3594 409 3673 iud,
424 3598 464 3662 de
485 3617 553 3681 quo
568 3601 635 3681 ipse
655 3603 765 3668 adhuc
779 3603 922 3668 incertos
944 3610 1026 3666 orat.
1051 3600 1188 3674 idcirco,
1203 3604 1338 3680 accepto
1357 3589 1435 3675 qood

195 3705 200 3708 “
335 3699 382 3760 ait
405 3696 578 3766 Facundus
599 3704 639 3768 de
659 3701 778 3768 Meuna
798 3719 858 3786 per
880 3702 1034 3782 vigilium
1065 3702 1277 3783 reprehenso,
1301 3697 1352 3762 ret
1371 3699 1437 3756 ants

336 3799 390 3862 rel
410 3809 482 3879 post
513 3803 690 3869 adrentum
709 3822 807 3870 snum
829 3807 861 3868 in
892 3803 1013 3872 Urbem
1041 3806 1178 3884 regiam,
1200 3801 1286 3866 istud
1314 3814 1376 3864 nea
1393 3797 1437 3858 eti

335 3899 593 3984 intelligendum,
616 3907 676 3970 nisi
695 3906 738 3970 ad
767 3921 931 3972 summum
953 3907 1041 3988 qnod
1063 3903 1260 3970 anathemati
1281 3895 1436 3981 Capitale·

332 4019 411 4068 rum
442 4005 670 4087 subscripserit
690 4005 837 4081 llennss,
869 4009 1060 4090 priusquam
1083 4005 1233 4072 Pontifex
1264 4001 1433 4070 accederet·

332 4101 472 4185 ipsoque
504 4103 589 4186 l’npa
612 4106 774 4186 inandito;
797 4124 961 4188 nunquam
986 4125 1064 4172 vcro
1088 4106 1177 4189 quod
1198 4123 1236 4172 ea
1264 4109 1331 4184 ipsa
1351 4095 1433 4176 wt-

336 4203 405 4267 tuta
429 4205 758 4294 reiutnrttaSpuodo
778 4209 1023 4278 chalcedonensi
1046 4207 1195 4290 probate,
1212 4213 1248 4274 nt
1268 4193 1432 4288 praesumit
