2994 4938
129 501 281 570 Sedullus
296 501 465 588 presbyter
475 502 590 568 sollcrs
604 499 769 564 doctrines
784 497 930 577 Petrum,
946 502 1001 580 qut
1023 499 1051 562 ci
1075 517 1165 578 pree·

56 621 188 681 cessere,
212 606 422 685 investigator
452 604 537 669 circu
560 619 610 666 ue.
631 598 703 674 tati.
727 603 758 665 ln
779 599 924 680 Epistola
946 601 986 664 nd
1008 621 1034 664 s.
1059 599 1165 664 liece-

56 704 198 783 donium,
221 707 276 770 cul
297 706 416 770 obtulit
437 697 529 786 Opus*
542 703 694 770 Pescbois
714 723 756 770 ex
777 703 953 784 Scripturis
967 703 1074 782 soluta
1094 721 1168 768 ore·

57 809 139 872 tiene
157 809 388 885 eleboratum,
411 816 600 874 eumentes
622 807 765 871 carmine
789 807 978 886 dispositum
1000 803 1081 868 illud
1104 805 1169 868 cdi·

56 908 160 986 disset,
181 909 341 975 udrersns
361 911 694 982 obtrectatoressucs
716 907 841 992 inquits
859 927 875 968 u
890 904 973 971 Num
994 906 1021 970 si
1043 907 1169 970 secula·
1299 941 1302 948 «

57 1010 251 1075 res'litterus
272 1013 434 1088 assecuti,
458 1017 517 1078 sut
537 1011 651 1096 diuinis
672 1010 871 1082 ridebuntur
890 1009 984 1074 libris
1005 1009 1166 1084 instructi,

56 1107 166 1174 debent
185 1112 338 1193 exemplu
361 1120 508 1178 veterum
529 1129 721 1188 recensere,
750 1129 790 1176 ne
810 1111 927 1178 similia
947 1111 1094 1174 lacerare
1114 1128 1168 1176 co·

57 1219 168 1274 eeutnr
187 1211 319 1294 injuste.
342 1212 542 1294 cognemsnt
562 1211 857 1293 Hermogeniennm
882 1210 1102 1278 doctissimum
1121 1213 1169 1276 lc-

57 1310 237 1390 gislutorem
267 1319 334 1378 tres
356 1313 521 1380 Editicees
541 1311 658 1395 Operis
685 1313 736 1378 sui
764 1312 949 1378 confecisse.
969 1311 1170 1392 cognoscent

59 1414 283 1494 peritissimum
297 1414 424 1480 diuinae
443 1417 523 1496 legis
542 1414 715 1496 Origenem
740 1414 842 1480 tribus
863 1414 1070 1479 nibilominus
1094 1412 1168 1478 Edi·

60 1514 192 1580 tionibus
213 1533 318 1596 prope
338 1523 466 1593 cuncte,
488 1534 573 1598 quae
593 1515 757 1592 disseruit,
779 1517 948 1597 aptavisse.
964 1514 1168 1582 tusscorum

60 1618 227 1698 qnisquam
258 1618 429 1683 luceretur
451 1617 611 1682 merducis
640 1619 770 1698 linguae
791 1617 910 1700 injurie
922 1637 934 1697 3
966 1636 1040 1682 cum
1062 1617 1169 1697 potius

61 1717 126 1782 inde
145 1719 254 1785 laudis
275 1729 516 1802 consequentur
533 1731 743 1801 argumente,
758 1719 846 1802 quod
862 1719 1071 1800 proventibus
1093 1719 1170 1783 ube·

60 1819 147 1886 rioris
161 1821 282 1901 ingenii
303 1821 488 1901 diligentiae
512 1831 660 1902 posteros
681 1821 743 1886 tide
757 1821 937 1886 noscendae
958 1821 1102 1884 ueritatis
1125 1821 1171 1882 in·

61 1929 253 1986 struxerunt.
268 1941 288 1981 u
303 1921 455 1988 Proiecto
470 1925 496 1989 si
511 1923 667 2005 Origenes
682 1930 759 1988 tuuc
774 1923 950 1988 universim
968 1923 1011 1984 ub
1023 1921 1169 1988 Heelesiu

62 2023 248 2100 reprobatus
271 2022 385 2100 inisset
404 2033 442 2088 nt
462 2025 671 2102 haereticus,
696 2025 802 2090 nescio
824 2040 890 2105 qus
910 2023 1092 2088 temeritate
1112 2020 1168 2086 Se·
1193 2027 1197 2036 '

62 2119 164 2187 delius
184 2123 293 2204 ipsum
314 2127 362 2189 uti
382 2123 550 2190 doctrinae
570 2143 667 2190 sanus
688 2131 802 2207 typum
825 2123 1084 2204 repraesenteris

134 2223 256 2289 Sollius
280 2222 478 2304 Apollinaris
492 2223 665 2311 Spioniae,
683 2223 805 2290 Doctor
817 2224 957 2304 insignis,
975 2231 1011 2288 ut
1028 2225 1074 2287 sit
1086 2220 1170 2288 Gen·

62 2324 178 2402 nudius,
199 2325 290 2390 circu
312 2327 394 2394 illud
411 2336 537 2408 tempus
558 2327 590 2392 in
606 2325 749 2408 Epistola
764 2325 795 2390 H.
811 2324 900 2390 Libri
914 2323 970 2390 tx.
987 2325 1027 2388 ud
1051 2323 1172 2390 Huiro·

64 2423 145 2488 niem
164 2426 231 2490 uit:
249 2447 268 2488 u
283 2423 399 2509 Neque
412 2429 496 2492 enim
511 2445 586 2492 enm
607 2425 827 2509 Hieronymus
839 2428 1014 2508 interpres,
1027 2425 1170 2496 dialecti·

64 2539 115 2588 eus
135 2526 349 2608 Augustinus,
371 2529 567 2608 allegoricus
586 2527 748 2608 Origenes
774 2525 923 2608 pras-idus
945 2526 1000 2590 tibi
1021 2527 1173 2608 spiritua·

65 2623 138 2688 lium
150 2645 306 2694 sensuum
326 2631 430 2711 opicus
443 2628 609 2696 doetrinae
622 2629 762 2696 salebris
776 2647 877 2696 messe
892 2629 1087 2710 parturiunt,
1109 2647 1172 2694 nou

65 2727 179 2792 seilicet
194 2729 252 2793 tibi
274 2725 420 2810 pertibus
435 2731 513 2797 meis
527 2732 618 2794 arida
636 2731 811 2812 §ducentis
824 2729 955 2810 linguan
967 2729 1086 2809 stipula
1102 2748 1172 2794 cre·

64 2826 227 2906 pitabitlu
251 2827 301 2894 ltu
322 2831 609 2914 lecuteSpdouie,
630 2831 803 2912 origenem
824 2828 1024 2914 Hieronymo
1052 2840 1085 2894 et
1105 2830 1174 2895 An·
1209 2873 1212 2878 ·

65 2933 184 3007 pustino
212 2942 422 3012 comparente
441 2933 474 2998 in
495 2935 590 3015 spicis
611 2933 812 3015 proterendis
831 2931 972 2997 salubris
993 2934 1171 3008 doctrinae,

67 3031 135 3095 sutis
147 3032 280 3113 quidem
300 3021 360 3106 est,
373 3040 411 3098 ut
426 3033 466 3098 eb
482 3035 692 3100 anathematis
705 3036 772 3100 ictu
787 3035 1006 3100 excluduntur
1020 3041 1085 3099 tam
1100 3053 1173 3116 per·

65 3145 134 3194 seua
155 3141 221 3197 tam
241 3135 342 3215 ipsius
361 3134 448 3198 libri.

137 3233 296 3300 Similiter
315 3235 357 3299 ab
376 3237 489 3300 eodem
511 3233 677 3317 Scriptore
696 3235 862 3314 educitur,
877 3236 1000 3300 nullius
1021 3238 1173 3301 momenti

67 3336 135 3398 tune
154 3335 258 3402 nesus
279 3334 469 3419 Hieronymi
490 3338 649 3402 clamores
670 3337 713 3401 ob
734 3341 973 3418 praesumptam
996 3337 1173 3400 damnatio·

67 3451 132 3500 uem
151 3438 309 3504 udrersus
328 3436 477 3519 Origeniu
496 3439 612 3517 libros,
633 3457 815 3520 eorumque
842 3439 1049 3517 interpretem
1073 3437 1173 3502 llelll·

68 3551 155 3616 unm,
175 3541 309 3621 quando
330 3541 362 3604 lu
382 3539 527 3622 Epistola
551 3537 607 3604 lX.
640 3539 728 3605 Libri
751 3539 793 3604 ll.
814 3539 853 3603 ad
877 3538 1061 3615 Decidium,
1083 3559 1118 3603 se
1137 3559 1172 3604 se

68 3637 202 3704 reterens
222 3640 262 3704 ud
279 3641 482 3707 Athenaeum
503 3639 699 3720 Romanum,
716 3642 883 3722 praecluus
901 3640 1025 3716 scribit,
1043 3657 1083 3704 eo
1104 3641 1172 3721 ipse

66 3742 201 3820 tempore
230 3742 274 3804 ibi
294 3743 359 3824 legi
386 3744 472 3806 inter
498 3745 673 3824 scriptores
697 3761 807 3808 sacres
828 3742 1061 3823 Augustinoru,
1086 3740 1168 3805 Pru·

68 3835 214 3920 dentium,
238 3842 413 3925 Origenem
437 3862 569 3925 qnoque
588 3843 686 3908 letius
710 3855 883 3908 versum'a
908 3842 1049 3907 Hulllno.
1066 3842 1173 3924 lnquit

68 3940 163 4007 seim:
190 3943 310 4011 «Num
334 3945 447 4010 similis
475 3945 629 4010 scientiae
650 3945 733 4023 viri,
756 3946 832 4010 bine
855 3944 1078 4025 Augustinus,
1101 3945 1174 4010 binc

69 4035 179 4120 Verre,
193 4046 269 4110 binc
287 4045 456 4122 Horatius,
473 4047 546 4112 luinc
556 4045 752 4112 Prudentius
765 4046 1005 4110 lectitabantur.
1024 4045 1114 4123 Quos
1129 4049 1176 4111 in·
1208 4107 1218 4120 ,

71 4145 116 4204 ter
134 4142 346 4212 Adamantius
360 4146 516 4228 Origenes
531 4145 693 4213 Turranio
708 4145 841 4212 Rultlno
861 4147 1105 4227 interpretetus,
1117 4165 1175 4211 se·

71 4237 142 4312 dulc
152 4243 224 4314 utet
235 4253 365 4315 uostree
375 4248 553 4316 lectoribus
564 4247 804 4329 inspiciebatur.
819 4246 945 4314 Pariter
956 4254 989 4314 ct
1002 4256 1102 4328 prout
1111 4250 1175 4313 sin·
