3138 4950
1181 340 1244 414 343

126 452 257 535 quitor,
286 469 361 518 eom
389 451 492 533 pium,
520 449 655 516 tratrem
675 464 786 525 sunm,
810 463 851 512 ac
876 448 1084 514 veneratione
1111 448 1245 532 dignum

127 572 261 628 vocans,
285 554 474 633 praesertim
496 552 528 614 iu
550 551 686 633 epistole
710 547 783 613 Vll.
806 547 894 614 Libri
916 547 943 612 1.
1007 613 1010 618 .

183 711 187 718 .
209 652 296 718 Dum
324 662 435 718 antem
457 652 538 717 baec
569 650 784 735 expendimus
804 649 844 716 de
865 647 1027 715 Eustathii
1057 650 1246 718 narratione

124 756 215 820 circa
237 753 395 818 haeresim
417 751 590 817 lastiniani
619 759 654 816 ot
674 751 832 827 aliorum,
854 750 937 814 idest
957 748 1090 816 Ioannis
1111 751 1245 819 Schola·

125 853 200 919 stioi
222 862 255 919 et
275 853 427 934 Gregorii
457 853 653 928 antiocheni,
675 852 734 932 qni
761 850 983 932 subscripsere
1012 852 1118 918 edicto
1140 854 1175 917 de
1195 851 1248 917 irs·

123 950 395 1034 corruptibilitate
414 952 559 1034 corporis
590 949 709 1017 Christi
728 959 803 1016 onte
823 949 1095 1029 resurrectionem,
1117 964 1151 1018 et
1170 973 1247 1022 cnm

127 1054 334 1133 anashtos,
359 1063 396 1120 ot
417 1055 570 1130 vidimus,
593 1054 690 1119 aliter
710 1055 809 1120 sensit
829 1062 863 1120 et
882 1055 1012 1135 scripsit
1031 1055 1071 1119 de
1094 1057 1250 1136 praetatis

128 1158 221 1234 siris,
244 1177 342 1240 quam
365 1157 405 1220 sb
427 1155 574 1231 historia,
591 1163 651 1219 eta
667 1174 691 1220 u.
709 1153 1055 1240 Gregoriospeciatim
1076 1159 1247 1236 statuitnrp

126 1277 189 1325 nec
211 1258 294 1324 istud
327 1258 603 1340 praetereundum
626 1261 688 1344 est,
710 1257 811 1337 ipsius
843 1255 1005 1322 Eoslathii
1027 1258 1247 1321 testimonium

129 1358 228 1424 ualde
247 1369 436 1440 suspectum
457 1376 551 1436 esse3
574 1375 677 1439 quum
699 1357 730 1420 in
751 1376 812 1422 suo
831 1374 981 1422 sermone
1001 1359 1129 1440 pesitus
1151 1357 1250 1422 mani·

130 1461 271 1526 testetur
290 1461 392 1524 hostis
413 1459 602 1525 auctoritati
624 1476 651 1521 s.
670 1455 825 1537 Gregorii
848 1457 971 1539 Papae,
990 1466 1028 1523 nt
1049 1457 1249 1543 Eutychiani

131 1561 296 1626 delendat.
319 1560 367 1624 sic
382 1561 456 1624 ideo
481 1560 545 1623 alia
566 1561 700 1635 omittit,
716 1560 779 1623 alia
802 1561 1007 1638 contradicit,
1019 1579 1104 1642 qnae
1124 1561 1250 1630 sincere
1341 1547 1344 1555 ’

131 1661 307 1746 adiaoono
337 1659 463 1724 loanoe
484 1661 666 1724 recitantur
697 1660 785 1724 circa
805 1660 1070 1741 disceptationem
1102 1661 1249 1744 eiusdem

133 1761 288 1848 Eutychii
304 1779 377 1844 cnm
399 1781 426 1826 s.
443 1759 610 1838 Pontifice,
628 1769 706 1836 tnnc,
725 1760 1001 1842 Constantinopoli
1016 1761 1251 1844 apocrisiarioq

132 1845 279 1943 nihilque
298 1861 431 1944 subjicit
458 1861 498 1926 de
519 1863 619 1944 ipsios
640 1859 793 1947 Eutychii
816 1863 1046 1930 retractatione
1075 1869 1151 1926 ante
1181 1861 1251 1932 obis

133 1975 204 2030 tum
225 1965 267 2028 oh
297 1963 495 2040 illusionem,
517 1981 616 2044 qnam
639 1982 753 2045 passus
784 1970 834 2026 est
854 1963 893 2028 dc
914 1962 1035 2029 Christi
1056 1980 1197 2046 corporo
1218 1969 1252 2028 st

133 2069 209 2132 hino
230 2073 341 2154 nostro
361 2064 562 2147 impalpabili
584 2074 657 2147 post
678 2065 964 2130 resurrectionem.

97 2207 103 2216 -
216 2166 264 2232 lta
286 2185 426 2248 namque
458 2167 556 2250 hujus
577 2167 776 2245 quaestionis
805 2165 975 2229 historiam
997 2167 1079 2230 texit
1107 2164 1253 2230 loannes

132 2268 289 2334 diaeonus
310 2268 340 2331 io
363 2267 461 2332 Libro
484 2268 509 2332 l.
534 2265 627 2330 Vitae
647 2286 673 2331 s.
688 2265 841 2347 Gregorii
857 2266 963 2349 Papae
984 2285 1015 2332 n.
1036 2264 1099 2332 28:
1117 2287 1134 2328 n
1150 2265 1250 2330 Prae·

134 2378 225 2436 terea
249 2369 440 2436 venerahilis
464 2369 563 2433 levita
580 2367 759 2448 Gregorius
782 2371 814 2433 io
835 2368 947 2435 eadem
962 2367 1050 2434 Urbe
1073 2371 1160 2450 rogia
1176 2386 1250 2432 con·

132 2470 280 2549 stitutus,
303 2482 483 2536 nascentem
504 2488 621 2534 noram
642 2470 802 2534 haeresim
818 2468 858 2534 dc
877 2477 966 2536 statu
987 2478 1117 2535 nostrae
1139 2488 1251 2534 resur-

135 2573 290 2638 rectionis
307 2591 381 2636 cnm
404 2572 486 2651 ipso,
517 2590 583 2653 qno
607 2579 679 2635 orta
700 2578 761 2646 est,
784 2571 889 2648 initio,
916 2571 1052 2654 invente
1073 2573 1174 2653 gratia
1197 2592 1255 2638 no·

134 2675 195 2740 stri
215 2671 395 2761 Salrmmis
415 2673 549 2736 attrivit.
572 2671 737 2753 Siquidem
761 2671 945 2757 Eutychins
965 2676 1111 2756 ejusdem
1138 2675 1252 2745 cirilt·

137 2777 178 2840 tia
199 2778 381 2856 episcopus,
398 2776 482 2840 libro
496 2773 540 2838 De
553 2773 780 2838 resurrectione
793 2785 988 2839 mortuorum
1004 2777 1164 2852 conlecto,
1177 2778 1255 2859 dog·

137 2877 313 2942 matiaabat
344 2889 468 2956 corpus·
487 2884 636 2942 nostrum
662 2877 693 2939 in
714 2875 772 2940 illa
806 2877 1050 2942 resurrectionis
1082 2878 1185 2958 gioria
1209 2877 1257 2942 lo·

137 2997 174 3042 re
189 2977 409 3061 impalpabile,
432 2979 536 3043 sentis
552 2994 696 3058 aereque
710 2977 863 3052 subtilius
877 2997 947 3044 esse
971 2979 1133 3044 loturum.
1158 2977 1256 3054 Quod

138 3079 319 3162 Gregorius
333 3080 481 3156 audiens,
499 3086 532 3144 et
551 3080 677 3144 ratione
692 3079 838 3144 veritatis
859 3085 892 3143 et
905 3079 1057 3160 exemplo
1072 3079 1252 3146 dominicas

138 3181 387 3247 recorrectionis
404 3180 557 3262 probarit
577 3181 639 3245 hnc
655 3179 771 3261 dogma
787 3180 992 3254 orthodoxae
1006 3179 1079 3244 ddci
1100 3183 1258 3248 omnimo.

138 3281 180 3346 de
200 3301 270 3346 esse
291 3283 504 3346 contrarium.
522 3279 691 3346 Gatholica
706 3283 790 3346 enim
812 3281 890 3344 tides
905 3281 1014 3356 hahet,
1030 3279 1118 3362 qnod
1135 3298 1257 3363 corpus

138 3393 285 3447 nostrum
302 3386 332 3448 io
349 3383 406 3446 iila
420 3383 675 3446 immortalitatis
691 3383 795 3462 gloria
810 3381 1034 3452 sublimatum,
1049 3381 1170 3446 subtile
1184 3381 1257 3463 qoi-

139 3483 213 3548 dem
233 3484 276 3549 sil
297 3502 357 3566 per
376 3483 528 3549 effectum
545 3483 725 3565 spiritualis
745 3482 919 3565 potentiae,
935 3481 989 3544 sed
1014 3481 1176 3563 palpabile
1198 3497 1258 3564 per

139 3585 310 3650 ueritatem
326 3592 462 3650 naturae
473 3583 568 3665 iuxta
586 3585 775 3664 exemplum
791 3582 941 3648 dominici
959 3582 1120 3663 corporisg
1135 3583 1259 3664 dequo

138 3672 318 3750 amortuis
340 3687 532 3750 resuscitato
555 3686 632 3749 dicit
654 3686 721 3764 ipsc
744 3684 930 3767 discipulis:
949 3684 1079 3764 palpate
1099 3692 1127 3748 et
1146 3683 1257 3762 videte,

139 3787 218 3868 quia
237 3785 373 3868 spiritns
393 3804 519 3852 carnem
540 3793 567 3848 et
580 3805 652 3850 osso
678 3804 743 3850 non
763 3785 886 3863 babent,
908 3784 991 3848 sicut
1011 3804 1057 3850 me
1077 3777 1191 3851 uidetis
1204 3786 1260 3850 bo·

139 3889 218 3953 bere.

222 3990 399 4082 «Cumque
415 3991 477 4056 hoc
501 3990 708 4072 erengoiicaa
732 3989 879 4054 raritatis
900 3987 1261 4068 testimoniumGrngo·

144 4092 211 4155 rins
232 4092 434 4172 protulisset,
457 4091 643 4176 Eutychius
657 4093 713 4156 alt:
737 4090 862 4156 ldcircc
879 4092 941 4156 hcc
962 4089 1117 4155 Dominus
1135 4089 1210 4154 lecit
1224 4094 1261 4154 nt

140 4193 373 4256 dubitationem
402 4191 650 4257 resurrectionis
680 4208 760 4256 snae
782 4192 1080 4275 de·discipulorum
1107 4191 1260 4258 cordibus
