3028 4942
1143 409 1184 478 itt

68 509 250 597 praesules.
276 513 363 580 iuter
390 515 518 580 eosdem
539 531 701 596 namque,
733 513 946 596 praecipuum
965 513 1075 579 locum
1098 520 1184 578 tenet

66 637 93 680 s.
116 617 340 697 Augustinus:
373 614 425 681 Hx
446 617 544 698 bajus
566 619 746 682 testimonio
776 617 934 680 neminem
954 617 1085 681 eruitur
1105 631 1181 680 con·

66 728 118 779 tra
139 718 315 797 Origeueru
336 725 429 781 antea
451 735 509 782 nee
523 717 687 797 scripsisse
700 735 759 781 nec
772 717 948 798 quidquam
965 717 1134 782 baereeeos
1149 717 1183 780 in

66 837 105 882 co
125 822 328 898 suspicatum
349 837 417 883 esse
438 818 591 882 iudicium
601 837 614 896 3
636 825 669 880 et
684 817 769 882 istud
784 835 826 882 ex
840 817 970 895 praevia
988 817 1077 882 iilius
1093 816 1182 882 docti

68 920 130 982 riri
153 919 251 994 tama,
275 920 376 999 patria
393 918 563 983 traditione
578 918 741 982 roborata.
758 916 883 997 Heapse
897 917 964 996 ipse
976 916 1181 995 angustians

65 1019 107 1080 ad
128 1016 366 1102 Hieronymum
387 1019 528 1082 scribens
548 1017 610 1082 snb
630 1036 680 1080 an.
701 1014 774 1084 394.
796 1035 937 1099 eumque
952 1032 1068 1095 rogans
1084 1026 1121 1080 ut
1134 1014 1183 1080 la·

67 1121 136 1182 tina
150 1137 343 1201 gnecmum
361 1119 493 1184 Patrum
507 1120 671 1184 solumina
686 1127 719 1182 et
730 1121 919 1199 praesertim
933 1117 1081 1197 origen·
1094 1123 1182 1182 tran-

66 1220 191 1282 sierat:
215 1217 392 1284 «Petimus
413 1239 504 1300 ergo,
525 1222 583 1297 ait,
605 1229 637 1284 et
657 1220 824 1283 nobiscum
844 1220 924 1300 petit
944 1211 1046 1282 omnis
1062 1217 1179 1282 atrica-

68 1337 189 1384 aarum
211 1322 420 1386 ecclesiarum
441 1324 598 1397 societas,
621 1329 659 1386 nt
678 1322 710 1384 iu
731 1321 976 1401 interpretandis
1005 1337 1120 1384 eorum
1143 1318 1184 1382 li·

69 1423 161 1499 bris,
183 1424 241 1502 qui
262 1443 376 1504 graece
397 1425 580 1505 Scripturas
610 1441 740 1498 sacras,
762 1441 860 1502 quam
884 1423 1004 1503 optime
1025 1428 1185 1486 tractate·

70 1525 157 1598 riut,
180 1541 294 1588 coram
315 1533 414 1604 atque
442 1542 575 1605 operam
603 1523 788 1603 impendere
809 1539 872 1586 nou
900 1524 1056 1604 graveris.
1087 1520 1183 1586 Putes

73 1627 153 1688 enim
172 1624 322 1701 efficere,
345 1635 382 1689 ut
402 1645 459 1690 nos
480 1609 809 1707 quoque'babeamus
835 1625 908 1689 illos
940 1625 1018 1688 talea
1043 1624 1130 1688 siros
1151 1628 1184 1690 et

75 1743 170 1788 noum
193 1728 393 1805 potissimum
415 1726 610 1806 (origenem)
629 1744 726 1806 quem
753 1733 789 1790 tn
808 1725 972 1792 lubentius
992 1728 1024 1790 in
1043 1727 1107 1790 tnis
1130 1724 1183 1789 tit·

75 1829 150 1890 teris
167 1845 264 1890 sonas
278 1826 295 1890 t
308 1847 326 1884 a

153 1925 235 1990 item
258 1929 289 1990 io
309 1927 372 1990 alia
394 1927 538 2008 ejusdem
560 1927 730 2008 Augustini
752 1924 896 2001 Epistola
917 1927 1014 2008 (quac
1033 1925 1127 1992 sicuti
1150 1931 1183 1992 et

73 2029 175 2107 prima
197 2031 316 2091 inserta
340 2048 366 2091 s.
389 2026 578 2112 Hieronymi
607 2031 761 2110 epistolis,
783 2028 915 2108 iegitur)
936 2029 997 2091 sub
1018 2045 1069 2090 an.
1098 2024 1182 2094 dtis

72 2129 153 2193 «De
171 2128 335 2208 Origene,
356 2129 481 2210 inquit,
504 2136 613 2194 autem
631 2131 720 2210 quod
749 2129 928 2194 rescribere
956 2129 1104 2209 dignatus
1125 2145 1182 2204 ea,
1256 2197 1264 2208 ,

69 2230 136 2312 jam
157 2232 296 2296 sciebam
318 2249 380 2294 neu
402 2239 525 2296 motum
548 2233 578 2294 io
599 2232 821 2296 ecelesiasticis
840 2231 969 2306 litteris,
983 2231 1038 2297 sed
1063 2230 1095 2292 in
1113 2248 1183 2294 om·

71 2333 166 2395 nibus
187 2339 275 2394 recta
296 2337 330 2394 et
351 2349 440 2407 vera,
461 2349 545 2412 quae
559 2332 787 2406 invenerimus,
803 2331 985 2412 approbare
998 2338 1096 2412 atquc
1110 2330 1183 2394 lan·

72 2431 150 2494 dare
160 2452 173 2512 3
196 2431 276 2496 talea
298 2450 377 2496 sero
398 2443 431 2496 et
451 2451 551 2513 prava
572 2450 675 2514 aeque
696 2433 944 2514 reprehendere.
966 2430 1026 2496 Sed
1043 2430 1124 2494 illud
1143 2430 1185 2494 de

71 2531 256 2610 prudentia,
268 2532 479 2614 doctrinaque
494 2544 548 2596 tua
564 2533 796 2611 desiderabam,
808 2542 842 2596 et
855 2533 962 2595 adbuc
975 2531 1134 2605 desidero,
1147 2536 1185 2597 nt

72 2641 147 2696 nota
169 2634 260 2696 nobis
282 2634 379 2698 tactas
400 2653 437 2698 ea
459 2638 526 2716 ipsa
547 2636 757 2715 eiuserrata,
778 2636 895 2715 quibus
915 2652 934 2698 a
956 2634 1018 2696 tide
1040 2632 1184 2696 veritatis
1254 2662 1259 2670 ·

73 2734 130 2800 ille
153 2738 204 2798 vir
224 2743 331 2800 tantus
352 2737 518 2800 recessisse
538 2739 787 2801 convincitur.»
809 2735 900 2800 Unde
924 2735 999 2800 satis
1015 2741 1114 2814 patet,
1128 2751 1184 2798 oe·

73 2837 170 2900 scisse
190 2854 337 2916 eousque
357 2837 598 2916 angustinum,
621 2839 678 2919 qni
699 2838 830 2918 Origeni
851 2840 882 2902 in
908 2856 986 2901 suae
1016 2836 1088 2900 fidei
1109 2853 1184 2915 pru·

76 2935 212 3000 ieasione
232 2938 488 3019 objiciebantur,
510 2958 662 3018 errores3
683 2941 738 3004 sed
761 2940 952 3020 etamplius
972 2957 1014 3003 ex
1038 2938 1184 3020 ejusdem

75 3057 100 3101 s.
122 3036 271 3102 Hectoris
292 3056 351 3102 cre
371 3039 521 3104 firmatur
543 3043 673 3120 vulgata
695 3043 838 3122 undique
858 3040 1069 3105 ecclesiarum
1099 3039 1184 3102 tama

76 3139 116 3203 de
130 3143 304 3220 praestanti
319 3143 418 3221 ipsius
430 3139 577 3222 Origeuis
590 3145 733 3207 doctriua
748 3145 815 3208 nita
827 3143 948 3223 absque
958 3141 1082 3206 erroris
1092 3149 1183 3216 nota,

78 3241 158 3308 adeo
177 3249 216 3306 nt
235 3243 328 3306 iilum
351 3247 476 3307 accerst
494 3253 618 3308 tautum
638 3244 754 3308 virum.

155 3341 362 3424 Quapropter
379 3344 452 3425 jure
473 3347 683 3425 consequitur
705 3339 787 3426 duae
809 3350 919 3427 postea
939 3344 1051 3410 scribit
1063 3362 1090 3408 a.
1119 3339 1185 3406 Do-

78 3452 150 3508 ctor
169 3446 199 3506 iu
219 3443 323 3508 Libris
345 3443 390 3508 ns
410 3444 535 3508 civitate
555 3443 616 3510 Dct'
634 3447 695 3510 snb
717 3465 767 3510 an.
788 3441 849 3516 413
869 3447 910 3510 de
934 3445 1126 3511 daemonnm
1145 3461 1185 3510 aa

80 3547 291 3625 reproborum
314 3549 422 3626 poenis
443 3548 475 3610 in
496 3547 610 3612 tuturo
630 3549 741 3612 seculo
762 3546 938 3612 desinendis
959 3565 1001 3610 ex
1023 3563 1187 3628 praesum·

79 3652 134 3724 pta
152 3645 297 3726 Origeuis
317 3649 494 3727 seutentia3
517 3655 549 3712 et
573 3666 658 3727 quae
680 3649 755 3711 item
769 3647 877 3712 snbdit
890 3647 951 3712 snb
966 3664 1016 3708 au.
1031 3643 1091 3716 s15
1104 3646 1186 3718 atips

81 3746 176 3824 ipsius
193 3747 378 3812 Adamantii
399 3731 567 3814 contutans
588 3767 739 3814 arroresz
762 3757 796 3813 et
815 3767 900 3828 qnae
915 3749 1044 3816 demum
1059 3749 1187 3827 scripsit

84 3845 118 3908 iu
135 3844 227 3912 Libro
248 3847 294 3911 Dc
314 3846 503 3913 Hocrcsibus
522 3852 583 3914 sub
603 3868 654 3913 an.
676 3849 746 3920 tat.
769 3852 932 3929 vulgatam
950 3851 1017 3931 jam
1031 3867 1185 3915 errorum

85 3947 337 4028 origenianorum
358 3951 541 4030 rapsodiam
563 3958 686 4028 notans,
710 3953 789 4016 baec
810 3952 916 4016 omnia
937 3959 1030 4014 antea
1044 3951 1186 4016 nesciens

86 4045 290 4128 Augustiana,
306 4069 381 4114 oum
395 4053 474 4114 nibil
489 4053 553 4117 tale
567 4072 609 4116 ex
627 4053 912 4133 praedecessorum
925 4069 1061 4116 suornm
1075 4052 1186 4116 schola

87 4143 249 4228 didicisset,
272 4157 382 4230 postea
396 4152 436 4215 ab
450 4151 649 4236 Hieronymo
662 4153 831 4233 accipiens,
848 4152 1027 4232 posteritati
1042 4152 1184 4228 tradidit,

88 4251 122 4308 et
136 4250 165 4312 iu
184 4251 421 4318 baereticorum
436 4251 582 4318 'numero
612 4273 741 4318 censens
771 4254 900 4328 airum,
923 4270 962 4317 eo
983 4271 1088 4334 usqne
1112 4269 1131 4316 a
1151 4269 1187 4316 re

89 4353 123 4409 ct
139 4350 174 4414 sb
194 4353 263 4432 ipso
284 4352 483 4440 Hieronymo
505 4356 655 4420 encomiis
676 4357 886 4420 celebratum.

207 4451 268 4519 Vct.
293 4453 358 4520 111.
1050 4455 1070 4524 7
