3066 4950
314 405 376 572 iem
383 518 414 570 et
435 509 576 590 amplias
597 509 716 574 addens
734 508 916 589 Apapetnm
937 467 1102 588 suscipere
1123 512 1265 588 primurn
1286 508 1421 574 noluisse

316 607 563 687 imperatorem,
590 631 630 674 ac
643 611 724 690 'dein
745 612 935 690 suscepisse.
950 608 991 673 iit
1011 612 1176 690 quomodo
1198 612 1261 674 itoc
1282 611 1351 674 fieri
1371 629 1423 691 po·
1520 689 1521 692 Ἴ

314 713 417 774 tuerit
437 714 467 772 in
487 713 646 792 agapeto,
669 712 766 793 cuins
780 730 842 774 non
866 720 989 775 tantum
1011 713 1109 775 animi
1130 712 1252 776 ciarnit
1270 714 1420 786 suavitas,
1520 695 1521 722 ¹

312 815 431 879 iliaristi
453 813 625 894 exemplar
644 814 845 894 praeiacens,
876 813 931 876 sed
953 824 986 877 et
1006 816 1139 895 insuper
1169 812 1272 876 relate
1294 813 1333 874 ad
1355 815 1423 876 mis·

313 917 411 978 sionis
432 935 511 978 suae
526 935 672 994 scopum,
691 933 795 995 quare
817 916 855 978 sd
872 916 1043 979 Caesarem
1067 913 1179 978 senil?
1193 913 1266 992 Qus
1292 916 1423 990 ratione,

315 1017 461 1094 inquam,
483 1017 712 1096 suspicandum
734 1017 809 1089 crit,
832 1019 874 1078 its
896 1035 930 1080 se
952 1017 1086 1096 gessisse
1102 1015 1289 1080 Pontificem
1311 1014 1424 1078 Boma-

313 1137 389 1180 nnm
412 1135 488 1198 erga
514 1119 762 1198 imperatorem,
786 1119 816 1181 in
839 1118 996 1184 Theodoti
1016 1121 1113 1201 jussis
1143 1117 1325 1200 explendis,
1353 1135 1424 1182 enm
1520 1167 1521 1204 ,

314 1231 346 1281 ot
367 1217 528 1283 Gudelirti
550 1221 693 1282 scribens
714 1221 754 1281 ed
782 1219 987 1283 Theodoram
1010 1231 1180 1302 augustam
1203 1229 1236 1282 et
1257 1219 1297 1282 eri
1319 1220 1423 1282 ‘risun
1520 1205 1521 1226 ¹

311 1339 421 1394 suum,
445 1330 610 1398 precatura
627 1319 834 1399 familiariter
852 1341 917 1394 eos,
934 1326 990 1394 ait,
1012 1333 1040 1387 st
1059 1323 1354 1404 frequenteroidset
1373 1321 1424 1382 is·
1520 1343 1521 1348 ¹

313 1439 384 1483 rem
398 1419 734 1502 pieriiterldpnpetns)
748 1441 839 1504 poem
859 1423 977 1485 direci:
999 1437 1156 1502 quotenus
1175 1425 1315 1505 effaetum
1331 1423 1424 1502 possit

314 1523 443 1585 celerem
462 1521 648 1602 promerere}
661 1521 718 1602 pai
738 1525 782 1587 ud
797 1536 1035 1606 praesumptam
1054 1525 1193 1606 pretium
1214 1525 1305 1587 oissss
1325 1533 1368 1586 est
1381 1525 1426 1585 ds·

312 1623 429 1686 stinnri
440 1623 458 1686 'l
472 1622 623 1688 Proiecto
639 1643 701 1686 non
723 1643 784 1705 pro
805 1628 1032 1689 intercedendo
1054 1631 1170 1708 gratia,
1187 1626 1242 1690 sed
1264 1644 1325 1707 pro
1339 1629 1425 1688 anit·

313 1725 404 1789 tenda
439 1727 449 1803 l
457 1725 564 1806 siquid
592 1727 700 1788 adnue
720 1731 787 1806 spei
807 1729 1015 1806 superesset)
1047 1727 1131 1791 istud
1161 1727 1343 1791 admisisset
1369 1725 1424 1788 Pa·

311 1846 365 1906 pa,
388 1837 421 1889 et
452 1835 622 1906 susceptae
641 1845 722 1890 sutae
751 1831 1003 1892 contravenisset
1033 1831 1198 1908 legationi.
1232 1827 1420 1894 Geternma

312 1931 485 1992 sanctitate
503 1929 563 1991 viri
585 1931 767 1992 omnimode
788 1933 891 1994 absint
908 1931 1093 2013 hujusmodi
1115 1932 1281 1995 simulatio
1303 1939 1335 2022 et
1354 1947 1423 1992 eon-

312 2042 478 2110 temptus5
494 2050 532 2096 ac
546 2034 652 2096 soleam
675 2034 844 2104 melodico,
859 2045 894 2096 et
910 2036 1054 2098 mendaci
1069 2031 1211 2098 liberati
1226 2035 1354 2097 calamo
1373 2035 1424 2095 ad·
1520 2051 1521 2056 ¹

273 2182 280 2199 .
310 2135 508 2197 scribantur.
537 2131 597 2198 Cui
626 2147 655 2198 et
680 2137 760 2196 illud
785 2148 899 2214 parurn
922 2137 1091 2216 probabile
1119 2135 1358 2200 tesertnendon
1379 2143 1423 2197 est

313 2235 400 2316 qnod
423 2238 468 2299 ait
489 2237 529 2300 de
549 2238 688 2298 silverio
714 2235 899 2299 Hormisdoe
918 2237 1077 2318 qnondam
1099 2237 1205 2317 Papus
1225 2237 1306 2317 filio.

393 2335 530 2402 Domum
554 2340 658 2402 nalitus
681 2337 854 2402 historicae
870 2341 998 2402 veritati
1018 2347 1194 2402 consonant
1211 2348 1374 2418 postrema
1395 2355 1424 2398 e·

310 2440 438 2520 jusdem
462 2439 601 2503 Liberati
617 2441 700 2501 dicta
718 2439 772 2502 ubi
789 2440 845 2501 alt:
863 2459 878 2498 n
900 2437 1084 2502 Potentibus
1100 2439 1300 2518 prtoctptnus
1312 2447 1349 2502 nt
1365 2439 1422 2500 dn·

314 2544 451 2603 titinium
475 2541 559 2620 Papa
583 2543 613 2603 in
636 2543 834 2605 salutatione
855 2551 887 2602 et
908 2545 1136 2604 communione
1155 2544 1351 2620 susciperet,
1372 2541 1421 2604 ilie
1520 2551 1521 2600 t

315 2643 398 2716 lieri,
422 2645 537 2722 inquit,
562 2663 653 2723 posse
670 2645 695 2703 si
716 2663 750 2705 se
773 2643 885 2706 liltelio
903 2645 1057 2722 probaret
1077 2645 1315 2718 orthodoxum,
1337 2651 1369 2707 el
1386 2643 1421 2706 ad

312 2745 506 2810 cathedram
522 2761 613 2806 suant
637 2753 870 2808 reverteretur.
894 2743 1092 2824 impossibile
1114 2747 1197 2809 enim
1218 2763 1290 2808 esse
1310 2747 1420 2825 ajaltat,

316 2845 545 2908 translatitium
562 2847 722 2907 hominem
741 2847 769 2906 in
793 2847 848 2907 illa
870 2845 952 2908 sote
982 2863 1182 2923 permanere.
1201 2845 1348 2925 Angusta
1376 2865 1421 2906 re·

317 2963 354 3007 ro
376 2947 459 3007 ciam
483 2947 691 3024 promittente
714 2961 846 3010 munera
870 2941 985 3017 melta,
1009 2953 1041 3008 et
1062 2963 1178 3010 remus
1201 2942 1309 3026 Papae
1331 2951 1420 3008 minas

313 3050 502 3118 intentante,
524 3047 560 3108 in
578 3047 641 3108 iton
658 3045 740 3125 Papa
764 3047 905 3125 perstitit
926 3065 964 3109 ne
985 3048 1056 3128 ejus
1078 3048 1208 3112 sutilret
1228 3049 1419 3127 petitionem.

312 3147 488 3210 ansuinus
513 3165 591 3208 rere
613 3141 723 3209 uideris
744 3167 777 3208 se
792 3145 874 3210 sede
895 3149 1083 3226 expulsum,
1107 3149 1243 3226 pallium
1266 3147 1352 3229 qunti
1374 3149 1422 3207 lsa-

320 3249 402 3322 buit‚
422 3246 613 3328 imperatori
632 3247 771 3313 reddidit
787 3256 819 3310 et
834 3249 979 3314 discessit
994 3251 1047 3312 nbi
1063 3268 1137 3314 euna
1155 3253 1303 3331 linguata
1327 3263 1423 3314 tuere·

269 3383 274 3393 ·
321 3346 501 3414 turrinus
523 3351 609 3430 Papa
633 3351 790 3431 Principis
812 3351 925 3416 lavore
956 3353 1106 3417 Mennam
1128 3371 1188 3432 pro
1210 3372 1249 3417 eo
1270 3353 1422 3416 ordinarit

316 3452 503 3527 anstistitem,
522 3467 713 3515 consecrans
734 3469 809 3516 eunt
826 3471 924 3516 mann
938 3471 996 3517 sua
1013 3456 1044 3516 in
1067 3455 1197 3516 basilica
1220 3463 1350 3518 sanctae
1362 3451 1423 3516 iis·

322 3555 400 3615 riae.
417 3571 433 3610 n
451 3549 539 3616 liaeo
559 3562 668 3616 antem
697 3551 837 3616 liberati
864 3555 962 3618 rerba
989 3561 1203 3635 praesumunt
1228 3555 1420 3624 Antinimnn,

316 3657 509 3736 priusquam
527 3657 691 3737 agapetus
713 3648 1022 3736 Constantinopolim
1038 3645 1175 3732 renlrit,
1200 3658 1329 3722 luisses
1345 3657 1421 3721 salu·

318 3761 438 3820 tattone
458 3767 491 3821 et
513 3759 740 3821 enarmonione
762 3756 929 3822 Ecclesiae
948 3767 1108 3835 amotam,
1130 3761 1200 3822 sire
1221 3759 1421 3830 damnatum
1520 3785 1521 3790 κ

316 3875 354 3921 ac
375 3845 519 3938 insuper,
541 3860 691 3940 quamuis
710 3859 779 3938 lpse
800 3861 1003 3924 anathemate
1030 3862 1113 3924 lctus
1135 3869 1231 3935 esset,
1254 3860 1419 3938 Principes,
1520 3863 1521 3884 .

315 3961 405 4022 uuila
429 3962 468 4023 ait
485 3961 639 4025 Antinirno
662 3962 837 4040 praemissa
861 3963 1103 4040 retractatione,
1118 3961 1259 4044 fideique
1280 3959 1421 4026 orthodo-

317 4081 378 4124 xae
401 4063 612 4141 proiesslone,
629 4062 779 4126 institisse
800 4052 885 4143 apud
911 4065 1106 4144 agapetum,
1124 4055 1421 4129 ot'in'communio·

316 4181 389 4226 neus
413 4167 626 4245 reciperetur.
652 4163 724 4228 lico
745 4175 854 4230 autem
876 4165 902 4228 si
923 4167 966 4230 de
986 4163 1157 4230 Theodora
1179 4169 1254 4249 quis
1274 4161 1418 4244 suspiomi

316 4261 408 4362 solit,
432 4281 494 4330 non
515 4265 675 4347 dittitear3
698 4266 739 4332 de
759 4263 943 4334 lustiniauo
964 4285 1045 4336 sero
1065 4270 1176 4350 poian
1197 4279 1337 4335 renuens.
