3138 4950
1165 407 1226 480 llll

110 523 297 605 exemplam
319 521 473 586 lieentia:
496 519 556 586 Sed
575 517 611 583 in
631 517 776 583 omnibus
803 515 1002 581 exhibeamus
1022 513 1225 596 nosmetipsos

109 628 192 692 sicut
216 623 273 690 Dei
292 622 457 687 ministros
478 622 513 686 in
533 622 634 684 multa
651 617 822 702 patientia,
839 618 874 682 in
895 615 1168 694 tribulationibus,
1190 615 1226 680 in

113 724 360 800 nscessitatibus,
382 722 417 785 in
438 719 606 802 anqustiis,
628 722 665 784 in
681 719 802 802 plapis,
823 720 859 784 in
879 715 1069 793 carceribus,
1092 717 1128 780 in
1146 716 1228 780 sedi·

1 873 11 916 ς
113 829 264 903 tionibus,
286 826 321 890 in
341 825 510 902 laboribus,
533 825 570 888 in
589 821 721 904 oipiliis‚
743 826 779 886 in
793 821 942 905 jejuniis,
956 821 992 884 in
1011 817 1167 897 castitate,
1187 818 1226 884 in

111 929 257 1003 scientia,
277 931 313 995 in
333 927 584 1008 lonpanirnitate,
599 925 636 989 in
655 924 823 1002 suavitate,
845 923 882 988 in
894 920 1019 1004 Spiritu
1039 920 1167 998 Sancto,
1189 923 1227 984 in

108 1031 266 1096 claritate
283 1047 349 1093 non
368 1030 454 1108 ficta,
484 1027 519 1090 in
539 1026 629 1091 aerbo
649 1025 805 1102 ueritatis,
825 1024 862 1089 in
881 1024 999 1090 virtute
1019 1023 1078 1088 Dei
1094 1043 1153 1104 per
1173 1042 1228 1087 ar·

1 1189 11 1217 ,
109 1153 164 1197 nso
179 1129 358 1213 iustitiaea
378 1129 499 1193 deutris
519 1138 547 1192 et
567 1148 588 1191 a
610 1127 752 1193 sinistris
755 1149 773 1204 ;
791 1147 849 1209 per
868 1125 1006 1208 plocium
1032 1135 1062 1188 et
1081 1124 1230 1204 ipnobili·

108 1245 219 1307 totern,
236 1251 294 1316 per
315 1230 483 1314 infamiam
504 1241 533 1294 et
552 1229 666 1295 bonam
686 1232 826 1313 samam
841 1239 879 1294 ut
896 1231 1071 1295 seductores
1091 1237 1119 1291 et
1139 1245 1230 1290 osra-

1 1416 11 1431 ,
110 1357 174 1412 cca,
194 1333 277 1398 sicut
296 1332 357 1414 qui
374 1332 477 1413 ipnoti
496 1343 523 1396 et
543 1333 682 1413 capuiti;
706 1331 800 1415 quasi
819 1337 993 1409 morientes,
1016 1339 1043 1392 et
1064 1347 1128 1392 ecce
1148 1326 1231 1391 oioi·

1 1479 11 1533 ς
110 1457 202 1512 rnus‚·
220 1448 256 1500 ut
276 1436 423 1515 castipati
442 1444 470 1497 st
483 1453 548 1498 non
566 1435 751 1514 mortificati
761 1454 772 1494 .·
788 1431 885 1514 quasi
903 1433 1020 1508 tristes,
1036 1449 1152 1511 semper
1171 1448 1231 1495 au·

1 1597 7 1621 ,
111 1552 174 1603 tent
193 1539 362 1619 pandentes
366 1555 382 1610 ‚·
397 1536 477 1599 sicut
491 1545 623 1616 rpentes,
645 1535 761 1598 multos
781 1543 885 1598 autem
900 1533 1136 1614 locupletantes,
1157 1539 1231 1594 tan·

1 1621 7 1724 J
110 1659 210 1720 quam
230 1637 314 1702 nibil
334 1637 491 1712 babentes,
510 1647 539 1700 st
558 1635 666 1700 omnia
683 1633 885 1716 possidentes.

194 1737 235 1802 Et
257 1739 336 1800 hacc
363 1739 469 1800 omnia
491 1737 522 1799 iu
549 1736 653 1799 Paulo
682 1737 854 1800 meditatus
884 1735 1052 1816 Origenes,
1082 1731 1230 1797 eamdem

1 1835 6 1844 '
110 1839 259 1904 semitam
276 1855 470 1918 percurrere
492 1837 631 1914 studuit,
647 1836 871 1900 admirabilem
891 1855 961 1900 sese
976 1836 1123 1916 Apostoli
1139 1833 1231 1898 exhi·

1 2006 8 2032 F
110 1940 190 2004 heus
210 1947 415 2004 sectatorem.
437 1937 480 2002 Et
500 1939 531 2000 iu
554 1939 664 2018 primis
685 1939 807 2001 cernite
827 1937 1001 2019 Origenem
1021 1938 1054 1999 iu
1074 1937 1123 1998 his
1144 1951 1231 2015 quae

113 2039 362 2120 apostatasset:
379 2037 575 2101 eabibsomus
589 2037 790 2118 nosmetipsos
809 2037 893 2102 sicut
907 2036 966 2101 Dei
986 2023 1147 2098 ministros
1166 2041 1229 2098 eta.

1 2125 3 2139 ’
109 2140 200 2222 quud
222 2141 434 2203 ministerium
456 2156 633 2219 numquam
655 2141 788 2202 remisit.
814 2137 854 2202 Et
881 2139 924 2201 ub
945 2139 1007 2202 hnc
1026 2136 1168 2200 scribens
1189 2135 1231 2196 ad

1 2233 2 2252 ³
112 2241 246 2306 Galatas
260 2261 289 2306 e.
306 2241 328 2304 l.
346 2243 459 2321 inquit:
487 2237 563 2303 Cum
584 2249 689 2304 autern
705 2240 832 2321 placuit
851 2239 891 2316 ei,
914 2237 972 2320 qui
991 2256 1037 2300 nte
1056 2234 1234 2317 seprepaoit

110 2363 152 2404 sa
172 2353 260 2407 utero
276 2341 496 2416 maturusne,
518 2350 554 2403 ut
575 2341 823 2421 evangelizarem
850 2341 944 2404 illurn
964 2338 1121 2420 pentibus,
1135 2335 1234 2402 conti·

113 2461 179 2506 nuo
199 2461 264 2506 non
285 2441 427 2524 acquievi
447 2440 542 2506 carni
561 2450 589 2505 st
612 2440 777 2522 sanauini.
803 2440 844 2505 Et
865 2442 927 2506 hnc
952 2441 1034 2505 idem
1063 2457 1234 2522 aggressus

114 2553 165 2609 est
195 2542 406 2608 Adamantius
438 2563 535 2608 asna
568 2545 754 2627 pubertate,
779 2544 920 2607 viriliter
946 2550 1101 2624 operatus
1132 2549 1181 2606 eet
1201 2543 1235 2605 iu

1 2624 4 2663 i
111 2647 300 2728 iuventute,
322 2647 466 2727 explevit
487 2648 518 2707 in
538 2653 717 2720 senectute,
739 2650 976 2722 consummarit
1001 2647 1032 2708 in
1052 2653 1167 2710 morte.
1188 2643 1234 2710 Et

1 2736 2 2746 ¹
113 2749 188 2812 ibeo
210 2746 351 2812 llomilia
373 2745 461 2810 XVl.
478 2745 514 2808 in
533 2744 653 2811 Lucam
675 2746 794 2827 ajebat:
812 2746 915 2828 «Ego
941 2765 1032 2824 vero,
1057 2747 1134 2829 quis
1155 2756 1234 2828 opto

113 2869 184 2913 esse
196 2850 444 2924 ecclesiasticas,
464 2857 495 2913 et
509 2867 572 2912 noa
594 2850 634 2911 ab
656 2849 883 2914 haeresiarcha
897 2851 1022 2930 atiquo,
1037 2849 1092 2914 sed
1106 2866 1125 2913 a
1140 2848 1234 2918 Chri·

1 2935 2 2972 ³
114 2952 155 3015 sti
178 2950 336 3015 vocabalo
358 2950 539 3030 nuncupari
560 2955 592 3012 et
612 2967 727 3014 nomeu
750 2950 883 3027 habere,
911 2950 999 3030 qnod
1022 2949 1232 3014 benedicetur

1 3039 2 3054 ¹
114 3071 216 3135 anper
247 3063 387 3131 terram,
410 3053 507 3133 ennio
529 3059 593 3116 tam
615 3067 715 3132 opere
735 3068 834 3131 quam
854 3069 952 3119 sensu
977 3057 1010 3116 et
1040 3069 1110 3116 esse
1134 3058 1167 3116 et
1188 3051 1237 3114 di·

116 3155 145 3220 ci
167 3156 404 3220 christianus.»

198 3255 238 3320 Et
257 3257 530 3336 quemadmodum
548 3257 726 3338 Apostolus
746 3257 827 3320 nihil
843 3257 966 3321 veritus
982 3261 1134 3334 mortem,
1150 3273 1238 3320 mar·

118 3359 261 3439 tyriique
276 3359 415 3440 bagrano
437 3361 572 3436 ardore,
588 3378 699 3424 eoram
725 3360 841 3441 Ephesi
865 3360 1013 3424 fidelibus
1037 3360 1238 3439 loquebatur

116 3459 218 3538 (Act.
242 3462 354 3540 apost.
376 3459 513 3538 mxx.)
536 3461 687 3543 quoniam
711 3459 846 3524 vinculo
872 3470 901 3523 et
920 3460 1137 3526 tribulationes
1163 3459 1240 3526 Hie·

115 3562 282 3641 rosolpneis
305 3583 350 3626 nse
370 3573 505 3627 manent.
525 3559 584 3626 Sed
604 3562 687 3626 nibil
707 3564 821 3626 borum
842 3581 960 3640 vereor,
984 3581 1040 3625 nee
1058 3561 1144 3644 [acio
1169 3561 1243 3627 ani·

115 3680 202 3724 mam
216 3681 313 3726 meant
329 3664 546 3744 pretiosiorem
563 3683 658 3744 quam
680 3682 738 3740 me,
753 3664 920 3726 dummodo
941 3681 1151 3727 consumment
1166 3681 1241 3728 cur·

114 3782 186 3824 essm
208 3781 325 3838 mcum,
345 3774 372 3849 ορ
392 3764 607 3828 ministerium
627 3765 727 3837 verbi,
748 3765 833 3846 quod
859 3763 965 3846 accepi
985 3785 1006 3828 a
1027 3762 1162 3828 Domino
1182 3773 1237 3827 ete.

114 3863 267 3926 similiter
294 3865 507 3942 profitebatur
528 3865 685 3945 Origenes
716 3885 756 3929 ex
779 3864 921 3930 Humilia
945 3864 986 3930 X.
1019 3867 1055 3929 in
1085 3864 1239 3930 Numeros

117 3983 149 4024 n.
165 3966 198 4026 ‘la
215 3985 233 4024 n
250 3963 317 4027 Scit
343 3967 426 4028 euim
449 3945 599 4030 diabolus
614 3969 690 4047 quia
706 3968 731 4029 ai
747 3969 786 4028 ad
808 3985 898 4046 rages
913 3974 945 4031 et
961 3967 1124 4046 praesides
1139 3966 1239 4030 addu-

118 4081 235 4126 camur
255 4074 388 4145 propter
404 4065 523 4130 Christi
541 4085 656 4130 nomen
679 4067 717 4130 ad
743 4067 960 4132 testimoninm
973 4067 1101 4147 judaeis
1116 4077 1147 4130 et
1163 4085 1239 4147 gau-

119 4165 218 4238 tibus,
246 4167 398 4244 gandium
428 4167 844 4248 nobieetexultutiosi13
873 4171 950 4250 quin
978 4187 1101 4233 merces
1127 4181 1237 4235 nostra

119 4267 223 4331 multa
247 4276 295 4330 ast
315 4269 345 4330 in
367 4269 501 4333 coelo.»
529 4267 571 4334 Et
593 4270 634 4334 oh
658 4271 731 4348 hoc,
754 4291 828 4338 cam
851 4269 921 4350 rjus
951 4277 1044 4350 pater
1074 4272 1242 4336 tormentis
