3138 4950
325 364 388 434 388

325 466 604 551 phioloquentiae
624 468 715 548 satis,
728 467 881 534 licentiae
901 469 1008 547 nimis,
1024 468 1213 534 insolentiae
1233 469 1308 549 plns
1329 467 1438 544 nimio,

322 573 466 639 multum
487 571 614 648 livoris,
636 571 709 651 plns
731 571 810 647 otti,
832 571 1013 652 plurimum
1035 571 1192 647 inscitiae,
1215 589 1331 650 parum
1352 571 1438 635 cril-

321 675 384 753 nis,
407 674 512 737 minus
533 671 715 748 facundiae,
739 673 906 738 minimum
925 672 1054 755 judicii,
1078 671 1157 736 nihil
1180 671 1369 747 memoriae,
1384 673 1442 734 rni-
1553 713 1554 766 }

320 793 384 840 nus
404 775 507 839 nihilo
520 775 724 840 sinceritatis.
749 772 900 852 Quorum
922 780 1030 839 temen
1049 773 1219 839 criminum
1242 790 1307 837 non
1328 789 1443 836 censen
1553 773 1554 776 ’

323 875 525 958 Procopium
541 884 661 941 temere
681 876 969 941 condemnandum.
993 874 1080 941 Fieri
1102 876 1186 940 enim
1208 878 1327 955 potuit,
1344 883 1383 939 ut
1405 875 1444 936 ab

324 977 438 1060 aliquo
458 996 523 1043 non
543 978 643 1060 hujus
661 980 776 1043 aetatis
798 978 960 1043 nehnlone
982 978 1273 1043 Pseudo-coerceto
1294 978 1351 1040 illa
1377 977 1445 1068 luc·

324 1080 393 1145 rint
412 1079 561 1158 conficta,
584 1087 621 1144 nt
651 1099 709 1145 nos
729 1079 919 1160 aliquando,
941 1081 1043 1160 spissa
1064 1079 1203 1161 quadum
1224 1079 1363 1158 caligine
1383 1078 1445 1141 cir·
1553 1139 1554 1146 ,

324 1183 479 1260 cnmlusi,
501 1201 561 1264 pro
585 1181 716 1247 lunone
744 1198 885 1247 crassam
911 1181 1064 1246 nebulam
1094 1181 1340 1262 amplectentes,
1363 1180 1446 1242 inter

322 1285 503 1350 nebulones
524 1303 599 1348 cum
621 1285 690 1364 ipso
712 1282 836 1365 pariter
856 1282 956 1366 hujus
976 1283 1198 1364 sycophantiae
1217 1289 1445 1347 constructore

325 1404 541 1452 numeremur
562 1394 626 1450 etc.
642 1404 658 1445 n

403 1485 462 1551 His
482 1487 646 1564 discussis,
668 1493 701 1550 et
722 1487 787 1556 hnc
807 1487 948 1568 amplius
969 1486 1131 1568 repetitis,
1152 1501 1238 1566 qnae
1259 1484 1291 1548 in
1313 1501 1446 1566 praece·

324 1587 475 1654 dentibus
496 1605 637 1670 expensa
651 1598 726 1663 sunt
748 1589 787 1652 de
807 1587 1005 1666 iustiniano,
1023 1588 1206 1668 incipiendo
1229 1605 1246 1650 a
1270 1587 1370 1650 trium
1385 1583 1444 1651 Ca·

323 1691 510 1772 pitnlnrnm
531 1691 733 1772 quaestione,
766 1691 797 1754 in
819 1708 883 1772 qna
905 1692 1082 1772 scriptores
1103 1689 1236 1769 quidam
1266 1689 1356 1752 illusi
1378 1689 1444 1754 exi·

325 1794 512 1870 stimarnnt,
534 1793 628 1856 illum
659 1809 784 1857 morem
819 1793 952 1873 gessisse
973 1792 1149 1871 acephalis,
1171 1792 1267 1856 sicuti
1288 1793 1321 1854 in
1342 1791 1445 1855 altera

325 1893 367 1958 de
387 1896 696 1976 incorruptibilitate
727 1897 875 1975 corporis
906 1894 1026 1960 Christi
1048 1903 1123 1958 ente
1145 1895 1441 1972 resurrectionem

327 2004 362 2061 et
381 1997 424 2060 ob
445 1995 632 2080 hujusmodi
653 1997 858 2077 quaestiones
880 1994 1036 2077 Vigilium
1058 2003 1090 2059 et
1125 1994 1292 2076 Pelagium
1314 1993 1446 2059 Pontifi-

327 2117 382 2163 ces
402 2106 435 2162 et
455 2099 536 2164 alios
557 2099 724 2180 episcopos
738 2097 913 2180 subiecisse
933 2099 1052 2178 iniquia
1066 2106 1099 2162 ct
1117 2099 1284 2178 sacrilegis
1301 2098 1445 2162 vexatio·

279 2265 286 2278 ,
327 2200 445 2264 nihusr
467 2218 506 2264 ac
526 2201 698 2264 novissime
718 2200 867 2264 absurdis
888 2201 1050 2264 rectitatis
1071 2199 1222 2281 Procopii
1248 2200 1445 2266 criminatio·
1553 2177 1554 2212 ³

327 2303 437 2368 nihns'
454 2303 487 2366 in
509 2304 660 2368 annnam
681 2302 805 2385 pertice
832 2303 1029 2383 elaboratis3
1051 2305 1078 2367 si
1109 2305 1264 2367 nonnulla
1286 2305 1447 2367 donentur

329 2401 527 2481 inclinium,
551 2406 606 2470 ubi
628 2417 666 2471 ut
687 2406 784 2471 homo
805 2406 969 2471 offendere
991 2408 1097 2487 potuit
1116 2408 1148 2469 in
1177 2415 1241 2469 tam
1263 2405 1368 2470 ardna
1390 2405 1446 2468 im·

330 2509 413 2587 perii
436 2508 631 2586 conditione,
650 2527 735 2590 qnae
757 2517 862 2575 temen
877 2509 1071 2574 delitescunt
1090 2510 1152 2573 sub
1174 2508 1374 2573 mirabilium
1395 2521 1447 2587 ge·
1553 2511 1554 2516 ’

330 2617 457 2673 storum
479 2608 614 2673 cumulo
635 2609 679 2688 (in
697 2609 816 2690 quibus
831 2609 914 2674 illud
933 2607 1112 2689 singulare,
1127 2607 1287 2689 nulloque
1302 2626 1445 2689 uuquam

329 2721 478 2791 tempore
498 2711 627 2776 silentio
649 2714 923 2792 praetereundum
945 2714 1045 2791 ipsius
1066 2713 1212 2776 studium
1235 2713 1266 2774 ln
1289 2729 1446 2793 propaga·
1553 2711 1554 2800 ξ

329 2811 418 2876 tione
433 2813 569 2876 nominis
584 2814 763 2890 christiani,
776 2813 916 2898 fideique
931 2815 1062 2878 unitatis
1077 2832 1136 2894 per
1150 2816 1341 2877 universum
1357 2831 1446 2877 urnu-
1553 2879 1554 2886 p

332 2914 410 2977 cum
432 2922 585 2996 eiusque
605 2915 644 2979 ad
668 2916 822 2980 barbaras
844 2919 974 2997 gentes)
990 2916 1070 2979 nihil
1091 2915 1180 2979 aliun
1202 2924 1367 2996 superest,
1390 2917 1445 2978 nisi
1553 2887 1554 2924 i

332 3016 522 3098 hujusmodi
550 3017 729 3082 conclusio.
752 3015 956 3082 iustinianns
986 3020 1159 3099 imperinm
1192 3019 1382 3097 auspicatus
1402 3025 1447 3082 sss

332 3119 517 3184 catholicus
524 3140 536 3200 3
552 3119 746 3185 catholicum
767 3120 947 3184 doctrinam
969 3123 1001 3185 in
1017 3123 1202 3202 principatu
1224 3119 1368 3200 gerendo
1382 3121 1446 3181 als·
1553 3141 1554 3196 ς

333 3223 435 3286 criter
455 3225 692 3303 propugnavit:
710 3223 897 3290 Catholicae
919 3221 1085 3287 Ecclesiae
1103 3224 1219 3286 unitati
1240 3238 1445 3303 summopere
1553 3209 1554 3214 ’

333 3323 459 3388 studuit
467 3343 479 3403 ;
501 3332 534 3387 et
554 3326 586 3386 in
607 3323 736 3389 Unitate
757 3321 926 3390 Catholica
948 3326 1088 3404 piissimo
1109 3323 1286 3388 defunctus
1307 3333 1380 3400 cst,
1403 3325 1442 3385 ita

336 3427 473 3504 posteris
487 3425 617 3490 illustre
632 3426 820 3507 relinquens
835 3428 1069 3508 imperantibus
1084 3428 1272 3510 exemplum
1288 3428 1319 3489 in
1335 3425 1445 3490 hnma-

332 3527 567 3590 consocietatis
589 3527 754 3606 regimine.
774 3525 927 3603 Quorum
941 3531 1086 3592 omnium
1110 3534 1206 3591 testea
1228 3528 1269 3590 ab
1286 3527 1447 3590 initloim·

335 3625 416 3704 perii
431 3644 535 3707 usqne
550 3627 589 3688 ad
605 3627 676 3707 ejus
695 3627 821 3691 ohitnm
836 3636 869 3692 et
883 3628 985 3703 nitra,
1009 3628 1199 3705 fidelissimi,
1215 3626 1396 3692 honorandi
1415 3633 1446 3688 et

333 3726 522 3792 sanctissimi
536 3735 702 3809 praestant
716 3727 888 3794 Pontifices
900 3730 1036 3794 Romani
1052 3729 1240 3808 hormista,
1252 3728 1394 3795 loannes
1406 3723 1444 3787 ΙΙ.

335 3823 514 3907 Agapetns,
536 3826 688 3908 vigilius,
718 3827 869 3909 Pelagius
891 3830 917 3893 l.
941 3829 1094 3912 Pelagius
1114 3829 1156 3894 ll.
1178 3829 1359 3910 Gregorius
1378 3823 1445 3890 lla·
1553 3831 1554 3838 ’

333 3944 427 4007 gnus,
449 3928 846 4012 speciosissimorum
868 3931 1001 4013 plurimi
1023 3933 1111 3998 orbis
1132 3931 1298 3999 christiani
1319 3927 1442 4012 probati
1553 4019 1554 4034 χ

332 4031 501 4097 antistites.

666 4276 1121 4335 *mu
