2982 4934
1086 361 1144 438 ttt

58 459 147 523 tandit
165 461 204 524 ad
224 469 351 528 coetum
372 475 406 530 et
424 481 538 546 aquen
559 465 703 532 solitarie
723 466 927 547 renaudum,
947 469 1017 534 alre
1037 485 1147 534 mona·

56 565 204 644 eborum,
225 585 291 647 quo
311 569 384 633 lone
404 587 484 634 auae
503 569 737 634 adolescentiae
756 571 1030 636 conversationem
1052 590 1146 636 exer·

56 677 174 748 cuemt5
190 677 221 731 et
242 671 273 732 in
286 687 346 735 sua
361 670 481 734 cellula
502 669 655 734 consedit.
671 667 879 750 Supplicabat
899 668 968 736 Deo
988 681 1026 734 ut
1044 671 1146 754 adipi·

54 770 91 832 aci
110 779 347 849 promereretur
368 771 466 852 ipsius
485 771 698 851 longanimem
721 771 934 835 clementiam.

122 867 308 934 «Sedenim
330 879 406 935 tuuc
424 889 573 936 romanos
594 880 642 935 tot
662 879 832 952 tantaeque
852 871 1018 936 molestiae
1031 890 1146 956 appre-

56 967 228 1046 benderant,
252 983 289 1036 ut
309 975 351 1048 ii,
382 992 524 1054 quornm
545 973 619 1037 ddci
640 974 822 1038 concredita
845 982 915 1038 erat
938 975 1146 1041 sacerdotalis

56 1068 187 1150 dignitas,
202 1073 344 1137 consutis
357 1073 439 1138 dolis
451 1092 486 1136 ao
501 1071 692 1136 colliderent
704 1073 736 1140 in
757 1072 985 1137 contumeliam
1000 1075 1146 1138 cbristia-

55 1187 103 1232 ore
121 1171 292 1253 religionis.
314 1171 383 1238 Nec
404 1175 473 1238 nlla
493 1175 619 1237 ratione
639 1174 681 1237 ab
701 1175 749 1238 bia
768 1173 827 1239 sibi
843 1175 1073 1252 temperabant.
1097 1175 1146 1242 tto

54 1271 123 1332 edm
144 1279 289 1353 tempore
309 1275 493 1340 sacerdotes
513 1275 602 1340 allud
623 1275 726 1350 nibil,
750 1293 849 1356 qnam
869 1285 1091 1341 contumacem
1112 1285 1146 1340 et

55 1372 253 1449 praefractam
276 1375 483 1442 rebellionem
504 1378 589 1440 inter
607 1393 643 1440 se
663 1377 876 1453 exercebant,
897 1395 936 1442 ao
953 1377 1025 1459 lupi
1046 1379 1144 1444 medi·

56 1473 157 1539 tatione
176 1476 407 1542 moliebantur.
441 1476 476 1540 ld
507 1477 584 1542 mali
606 1478 762 1559 originem
793 1479 893 1542 traxit
922 1478 964 1542 ab
984 1479 1142 1563 Aegypto.

57 1569 132 1639 initio
145 1578 278 1656 quidem
295 1581 359 1642 risa
380 1589 428 1644 eat
447 1579 530 1644 levia
544 1595 613 1644 osae
628 1578 779 1644 momenti
800 1579 879 1642 baec
893 1581 1060 1659 quaesitos
1076 1598 1141 1660 qua

58 1679 269 1756 quaerebatur,
292 1678 378 1746 Deus
400 1699 439 1744 ue
459 1697 580 1762 corpur
600 1687 696 1757 esset,
716 1689 750 1744 et
770 1680 897 1745 babitus
916 1698 955 1744 ac
975 1679 1078 1763 ligura
1100 1684 1147 1746 iu·

55 1773 205 1856 lormatus,
223 1800 264 1844 au
285 1782 507 1862 incorporeus,
531 1791 632 1863 utque
651 1779 752 1845 semel
766 1780 882 1859 dicam,
897 1781 937 1844 ab
952 1784 1037 1847 omni
1053 1801 1145 1865 pror-

53 1895 95 1940 sus
112 1881 280 1948 absolutus
301 1884 440 1948 bumana
470 1883 573 1964 edlpie
592 1893 625 1947 et
646 1883 859 1963 descriptione
886 1885 1061 1964 corporali.
1083 1883 1148 1951 Oc-

54 1981 161 2045 casione
173 1984 370 2048 decldendae
384 1985 476 2049 istiue
496 1983 703 2065 quaestionis,
719 2002 736 2046 ι
752 2001 816 2048 nou
836 1987 947 2065 paucio
961 1986 1145 2050 excitaban-

55 2087 97 2144 tur
114 2083 361 2150 conflictationes
376 2087 586 2166 perniciosae,
601 2096 635 2150 et
646 2087 834 2150 ambitiosae
855 2090 1083 2152 contentiones.
1102 2087 1145 2153 Et

52 2179 90 2243 illi
101 2187 228 2264 quidem
250 2188 531 2269 rdettpntanantur
544 2187 707 2254 Ecclesiae
727 2187 884 2266 dogmati,
897 2187 953 2251 alii
972 2195 1084 2253 contra
1100 2189 1145 2269 (in

52 2284 153 2363 quibua
172 2298 268 2353 amnt
287 2292 410 2371 quique
430 2289 643 2371 simpliciorea
663 2289 830 2367 monaebll
852 2291 1068 2370 patrocinium
1087 2290 1144 2356 de·

51 2382 180 2452 larebant
200 2391 230 2453 ei
250 2394 448 2468 sententiae,
477 2409 562 2472 qnae
584 2389 686 2456 Deum
712 2391 875 2471 praedicat
895 2407 1092 2472 corporeum
1112 2398 1146 2456 et

52 2483 174 2553 bumana
191 2490 297 2571 albgis
315 2492 523 2556 delineatum.
539 2489 667 2556 Horum
684 2499 788 2556 tamen
810 2492 954 2573 plurimi,
976 2499 1014 2555 ut
1032 2492 1146 2562 cordu-

53 2585 135 2652 tiorer
147 2600 180 2655 et
199 2610 295 2656 sensu
310 2593 559 2674 perspicaciorea
580 2591 685 2656 Deum
705 2611 772 2655 esee
793 2591 1033 2672 incorporeum,
1055 2600 1089 2654 et
1103 2593 1145 2656 ab

51 2692 123 2753 omui
151 2709 286 2774 prorsus
307 2693 486 2758 lormarum
507 2695 664 2774 qualitate
684 2693 865 2776 sejunctum
894 2703 1142 2762 asmrerarunts

51 2807 177 2870 quornm
198 2797 375 2861 sententiae
404 2814 549 2861 assensus
569 2805 619 2861 eat
638 2804 671 2860 et
701 2794 899 2875 Tbeopbilus
920 2796 1146 2862 alexandrino·

51 2911 112 2956 rum
131 2899 310 2977 epiecopus.
333 2897 375 2962 Et
396 2899 509 2975 edixit,
532 2907 568 2960 ut
588 2899 744 2962 adversus
757 2897 909 2962 ecclesias
929 2905 1146 2962 excurrerent

52 2998 212 3076 populares
227 3000 354 3076 turbae,
370 3019 456 3081 quae
474 3017 593 3064 numen
607 2998 688 3064 illud
710 2999 918 3063 iulormatum
940 2999 1077 3063 bumana
1099 2999 1146 3064 el-

51 3092 111 3175 lipia
130 3102 373 3180 praedicabant:
391 3102 618 3183 incorporeum
641 3118 719 3164 sero
739 3119 808 3164 ease
828 3098 1047 3164 decernerent

115 3201 199 3265 «tto
221 3221 298 3266 mox
318 3203 448 3279 auditis,
468 3204 613 3268 mooaobi
635 3203 786 3285 aegyptii,
803 3201 921 3266 relictis
943 3202 1143 3265 monasteriis

52 3295 263 3366 Alexandriam
279 3321 383 3384 usque
404 3307 607 3383 perveniunt,
623 3315 656 3367 et
673 3311 758 3366 mota
777 3303 932 3366 seditione
952 3304 1147 3366 coorientur
1265 3304 1267 3309 ’

52 3397 192 3468 tdrerrus
211 3402 451 3487 Theophilum,
473 3407 565 3485 qnasi
585 3404 681 3484 impie
701 3412 733 3466 et
754 3403 961 3466 inclementer
981 3409 1139 3482 agentem.

55 3494 81 3560 Ν
98 3523 194 3583 quum
207 3501 390 3571 macirismt
410 3505 622 3588 Tbeopbilus,
635 3504 674 3568 ad
697 3507 782 3568 buno
803 3503 988 3566 obeundum
1009 3519 1144 3580 agonem

53 3619 81 3664 tc
98 3609 263 3689 procingit,
284 3619 317 3673 et
331 3610 477 3689 gnariter
496 3615 631 3689 apparat
643 3628 653 3670 ι
667 3607 786 3670 artilex
809 3605 1043 3669 ralramentum
1058 3601 1145 3680 apud

54 3719 82 3766 tc
98 3710 359 3785 comminiscitur,
373 3728 439 3790 qno
459 3729 493 3774 se
514 3710 635 3774 eximat
648 3709 821 3772 intentatae
842 3705 949 3770 morti.
973 3703 1008 3768 ln
1028 3719 1143 3768 eornm

54 3803 139 3883 ip'tur
158 3819 363 3892 prospectum
385 3818 423 3875 ut
444 3813 550 3886 venit,
572 3809 730 3872 blandiori
751 3807 903 3872 illecebra
925 3805 1081 3870 sermonis
1102 3804 1149 3867 ri·

57 3921 99 3974 tor
116 3911 146 3973 in
164 3930 256 3976 anam
281 3913 426 3976 traduxit
444 3913 644 3987 seutentiam,
666 3912 708 3974 ita
730 3911 909 3991 loquutusr
925 3906 973 3971 rie
991 3923 1044 3968 cor
1065 3904 1144 3979 nidi,

55 4006 94 4069 nti
109 4021 149 4074 art
170 4011 228 4076 be
247 4013 364 4076 notter.
395 4006 467 4076 Hoc
488 4011 662 4076 verborum
683 4011 842 4076 lenocinio
862 4027 880 4071 a
902 4013 1054 4085 concepta
1076 4006 1144 4070 ani·
1253 4065 1263 4088 ,

58 4123 169 4176 uorum
189 4115 399 4196 impressione
419 4114 591 4178 monachos
611 4113 684 4176 lllor
704 4111 828 4176 sedarit
842 4119 875 4172 et
890 4105 1038 4171 mollivit.
1060 4103 1146 4181 Quin

55 4217 81 4272 et
95 4212 183 4280 illum
206 4235 282 4281 sera
310 4216 419 4282 dicere
439 4217 693 4297 responderunt:
722 4211 876 4295 siqnidem
897 4207 955 4273 oet
974 4203 1069 4288 sociat
1091 4223 1147 4268 ao-
