2994 4938
68 425 269 503 depravarint,
291 425 394 490 eidem
414 425 632 492 adscribentes
653 443 736 506 ec,a
756 426 874 509 quibua
896 442 1031 508 promus
1051 323 1172 492 able?

67 529 136 590 ruit.

136 625 350 704 Quamobrem
372 629 495 694 certior
515 630 632 706 tuctus,
655 627 742 710 qnod
766 627 930 710 usquead
953 627 1077 694 Gallias
1098 645 1171 709 pcr-

66 727 211 790 seoissent
229 729 489 795 obtrectatorem
511 730 655 810 linguae,
672 732 764 810 quasi
787 733 929 810 ipseper
948 729 968 794 J
973 729 1171 804 udiestuma

64 834 194 904 quatuor
212 825 417 910 synodorum
436 829 565 894 statutis
587 831 780 906 recessisset,
802 829 842 892 ad
865 828 1080 893 Aurelianum
1102 830 1171 907 epi·

63 945 185 1006 scopum
205 928 438 1004 arelatensem,
459 946 556 993 sunm
578 931 610 991 in
631 946 668 992 eu
691 930 821 1010 regione
844 927 1022 1002 Vieariom,
1043 929 1169 1004 scribit,

64 1047 130 1092 eum
150 1029 342 1094 confirmans
364 1031 483 1093 desua
505 1031 688 1094 omnimoda
703 1049 779 1095 eom
801 1038 946 1111 quatuor
967 1028 1118 1096 Conciliis
1139 1031 1172 1096 iu

63 1129 117 1192 ide
136 1131 317 1194 concordia.
340 1127 383 1195 Et
401 1130 540 1211 amplius
560 1149 636 1195 eum
660 1142 764 1214 rogat,
787 1140 825 1196 ut
845 1131 959 1204 ceteri,
974 1149 1014 1194 eo
1029 1131 1172 1196 median·

65 1239 102 1309 te,
121 1233 218 1296 sciant
240 1231 407 1313 episcopi,
438 1249 539 1311 seque
560 1240 698 1298 careant
728 1233 924 1324 altiliorum
951 1230 1070 1294 insidiis
1078 1251 1090 1311 ;
1113 1250 1173 1298 nco

62 1332 148 1396 alitor
169 1333 256 1396 loisis
276 1333 417 1412 scriptis,
439 1341 498 1396 aut
520 1334 729 1398 mendacibus
745 1333 864 1415 verbis,
889 1333 940 1396 sel
961 1333 1080 1398 nuntiis
1103 1345 1173 1398 tnr-

62 1432 179 1498 deutur.
200 1427 297 1511 Qaa'od
319 1433 450 1514 quidem
484 1442 547 1497 tana
572 1434 708 1498 ddentor
730 1435 816 1498 haud
838 1433 1002 1514 scripisset
1022 1431 1173 1512 vigilius,

61 1535 83 1596 si
101 1537 163 1616 ipse
183 1536 222 1598 de
242 1535 294 1598 sui
315 1535 411 1599 animi
432 1534 619 1600 infirmitate
640 1537 813 1610 conscius,
834 1541 872 1606 ut
892 1535 987 1598 illum
1010 1535 1174 1598 existima·

62 1644 130 1699 runt
148 1635 326 1699 adversarii
356 1635 415 1714 (ct
433 1654 539 1716 usquo
570 1636 666 1700 modo
687 1636 819 1718 quidam
839 1634 1065 1712 arbitrantur)
1086 1653 1173 1700 nnnc

62 1735 287 1810 defensoribus,
300 1753 385 1800 nnuc
399 1738 682 1816 expugnatoribus
699 1739 797 1800 trium
812 1734 1039 1814 capitulorum
1054 1736 1172 1799 adluan-

62 1837 143 1898 sisset
151 1857 163 1916 3
193 1847 227 1900 et
249 1837 345 1900 modo
365 1837 523 1912 istorum,
547 1837 645 1900 ruodo
666 1836 800 1901 lllorurn
831 1835 978 1900 cessisset
996 1833 1174 1898 exactioni·

63 1935 127 2013 ltus,
143 1945 328 2018 temporum
346 1937 582 2002 conditionibus
596 1947 627 2002 et
645 1938 789 2018 personis
803 1937 946 2000 serviens
961 1939 1061 2016 magis
1073 1955 1174 2017 quana

64 2039 191 2103 ueritati.
214 2039 258 2104 Et
279 2041 359 2104 hacc
391 2039 521 2102 interim
542 2039 705 2104 scribebat
731 2038 774 2101 nd
797 2037 1013 2111 Aurelianum
1036 2035 1173 2119 vigilius

61 2141 137 2202 circa
151 2159 201 2204 an.
223 2139 297 2206 551.
313 2158 353 2204 :r
374 2139 512 2205 Necesse
532 2149 581 2203 est
595 2158 674 2219 ergo
694 2139 785 2204 nobis
799 2139 941 2203 caritatis
964 2146 1090 2205 rostrae
1108 2139 1174 2204 ael·

60 2237 248 2306 licitndinem
271 2243 361 2306 breui
384 2243 533 2316 interim,
557 2246 715 2321 quantum
747 2258 808 2319 pro
833 2240 984 2318 temporis
1014 2240 1174 2320 qualitate

61 2343 228 2418 potuimus,
253 2341 401 2405 revelare
422 2341 601 2423 colloquio:
626 2349 786 2421 qnatenus
808 2340 909 2404 modis
930 2340 1078 2403 omnibus
1098 2357 1176 2404 con·

62 2438 167 2520 ddatis,
188 2443 270 2505 niluil
290 2460 347 2508 nos
368 2443 495 2525 penites
515 2443 692 2518 admisisse,
709 2441 796 2520 quod
818 2441 1023 2504 decessorum
1046 2448 1173 2508 oestro·

63 2557 127 2606 rum
147 2541 342 2619 constitistis,
366 2541 417 2607 vol
436 2549 590 2622 sanetae,
613 2561 698 2624 qnae
719 2560 783 2606 una
814 2541 992 2621 eademque
1013 2549 1073 2616 eat,
1095 2539 1169 2606 ddai

61 2651 193 2721 quatuor
213 2643 432 2730 synodorum,
455 2644 537 2706 idest
557 2643 720 2718 nicaenae,
742 2641 1117 2722 constantinopolitanae,
1139 2659 1173 2706 c·

62 2743 202 2822 plesioac
223 2747 347 2828 primae
367 2753 465 2826 atque
487 2742 747 2808 enateedonensis
767 2743 952 2806 inveniatur
976 2742 1074 2820 (quod
1096 2759 1174 2808 sane

61 2843 157 2926 absit)
178 2847 392 2922 contrarium,
415 2855 475 2910 ant
494 2844 581 2925 qnod
602 2846 642 2907 ad
665 2861 877 2925 personarum
899 2843 1051 2925 injuriam
1073 2843 1174 2922 perti·

62 2953 128 3009 neat
138 2967 151 3024 3
185 2966 272 3029 quae
293 2946 467 3011 definitioni
488 2946 633 3028 ejusdem
654 2952 782 3008 sanctas
804 2943 877 3008 lidei
897 2943 1172 3024 subscripserunt,

63 3045 107 3108 sel
125 3060 312 3112 sanctorum
342 3048 625 3128 praedecessorum
648 3054 834 3108 nostrorum
855 3042 1039 3117 Caelestini,
1061 3039 1169 3125 Xysti,
1254 3065 1257 3072 ·

62 3143 180 3227 Leonis,
202 3150 411 3230 aliorumque
433 3148 696 3229 praecedentium
716 3155 814 3226 uinus
834 3145 1039 3226 sequentium
1061 3142 1172 3206 delini·

60 3249 94 3312 tis
113 3253 296 3332 reperiatur
314 3250 578 3329 adsersum;,aed
598 3266 617 3312 a
638 3247 729 3311 nobis
749 3245 897 3310 omnibus
920 3243 1089 3324 praedietis
1111 3241 1170 3325 Sy·

60 3353 261 3420 undisonam
284 3353 536 3430 uenerationem,
553 3367 717 3433 unamque
738 3347 813 3412 fidei
833 3346 1057 3412 credulitatem
1079 3345 1173 3410 indu·

61 3449 230 3519 litabiliter
250 3453 409 3518 exhiberi.

131 3555 207 3619 «Et
221 3575 277 3620 eos
298 3555 354 3636 qni
375 3571 485 3618 omnes
499 3551 735 3635 suprascriptas
750 3557 896 3632 quotuor
907 3547 1051 3636 synodos
1069 3549 1100 3612 in
1123 3565 1172 3612 re·

61 3656 209 3722 etitndiue
233 3657 307 3721 iidci
327 3675 389 3722 non
409 3663 605 3737 sequuntur,
630 3654 680 3719 sel
706 3671 856 3718 nnamex
877 3653 964 3732 ipsis,
987 3654 1039 3716 uel
1061 3668 1170 3716 omnes

62 3753 167 3821 iulide
190 3764 376 3839 repravant,
398 3766 456 3822 aut
478 3756 668 3836 reprobare,
684 3763 742 3819 aut
762 3755 932 3836 iniuriare,
950 3754 1000 3818 uel
1024 3751 1172 3833 'repudia-

61 3873 92 3918 ro
112 3860 274 3936 nituntur,
295 3857 475 3940 abjicimus.
506 3855 569 3922 Sed
590 3864 623 3920 et
643 3873 694 3932 oa,
715 3873 801 3935 quae
821 3855 853 3918 io
874 3852 1018 3936 ejusdem
1039 3859 1170 3916 sanctae

62 3954 129 4021 diei
150 3960 303 4044 injuriam
322 3959 423 4024 aerbo
444 3959 528 4024 dicta
551 3958 603 4024 sel
623 3957 833 4038 reperientur
845 3955 976 4036 scripta,
988 3953 1173 4018 anathema·

61 4057 197 4142 lisanda,
227 4061 473 4140 execrandaque
490 4057 720 4140 judicavimus,
735 4063 769 4120 et
783 4057 1006 4120 constituimus
1023 4053 1169 4135 iudican-

61 4153 117 4224 da:
138 4161 236 4227 simili
258 4177 360 4241 poena
378 4159 553 4242 plectentes
574 4159 670 4224 etiarn
692 4177 759 4236 eos,
776 4157 832 4238 qui
853 4155 947 4222 tidem
963 4155 1047 4222 besti
1067 4152 1173 4236 Cyrit-
1259 4203 1262 4210 ,
