3042 4940
85 447 212 528 proseaa'
221 448 373 530 danaim
386 446 569 532 (Orientale)
583 449 700 516 tiemo
711 449 879 516 domnedio
891 462 977 516 aetla
993 347 1204 536 Ιῑουιιαοιέἰθ·

88 550 130 612 eit
149 547 319 616 liberatae
339 552 372 614 in
392 549 574 628 dirimendo,
592 569 749 618 aeaerenaa
765 571 782 613 a
797 553 928 634 jubente
949 551 1133 619 inatlnlano
1153 555 1201 620 dl·

87 657 200 714 elatam
215 669 283 716 eoae
298 653 509 718 anathematis
525 652 773 731 damnationem,
785 671 825 718 ae
843 653 1060 736 aubaoriptam
1074 671 1093 718 a
1108 652 1200 720 Meu-

88 769 124 814 na
144 752 388 834 archiepiscopo
408 754 754 835 mmnntinonotlteno
781 773 856 819 eum
877 755 950 820 allia
969 757 1002 820 in
1025 754 1137 820 eadem
1159 755 1203 820 ei·

87 855 182 916 vitale
203 855 352 936 munatio,
379 872 419 920 aa
439 856 554 920 deinde
584 856 740 920 directam
760 854 801 919 ad
834 855 986 939 vigilium
1017 855 1202 924 Romanum

85 951 291 1037 linimentum,
313 962 346 1020 et
365 957 405 1020 ad
421 954 547 1022 Zoilum
568 963 608 1034 et,
624 956 857 1040 Ephaaemum,
872 965 906 1022 et
927 958 1062 1024 Petrum
1082 960 1205 1041 episeo-

86 1071 152 1134 μοι.
165 1073 183 1112 a
197 1053 250 1120 lia
271 1056 321 1121 lna
350 1075 451 1138 norro
472 1058 660 1124 teatimouiie
689 1059 856 1125 mauiieete
886 1066 974 1142 patet
993 1059 1034 1125 de
1054 1058 1202 1142 Origeula

84 1157 285 1222 anathemate
304 1165 413 1224 aetum
434 1177 503 1224 eaeo
523 1160 643 1224 iterum
664 1162 759 1238 (eam
780 1166 873 1224 autea
894 1160 927 1224 iu
940 1159 1070 1243 synodo
1100 1160 1203 1245 nynia·

84 1273 119 1321 aa
135 1265 310 1324 tractatum
324 1258 438 1337 inerit,
459 1267 499 1324 ut
517 1257 601 1338 inira
621 1257 761 1337 dicetur)
774 1257 1051 1340 Constantinopoli
1074 1258 1202 1324 vivente

83 1357 188 1424 adhue
207 1357 342 1438 dianna,
362 1361 419 1441 qul
440 1377 625 1441 eupremam
655 1359 740 1424 diem
760 1360 840 1424 obiit
858 1376 943 1424 auno
969 1356 1041 1428 552
1063 1375 1103 1423 an
1124 1367 1200 1424 ante

84 1457 163 1522 illud
187 1466 316 1542 mannua
337 1461 489 1526 dietatem
502 1461 600 1526 lniaaa
620 1459 792 1528 luatiuiaui
813 1458 1004 1543 Remmiam,
1019 1467 1053 1527 et
1069 1461 1202 1543 quidem

84 1566 157 1622 ante
176 1557 357 1642 synodum.

158 1656 392 1725 Verumtamen
409 1679 471 1726 nun
493 1667 616 1727 tentum
637 1677 689 1726 me
709 1669 819 1728 movet
832 1661 931 1745 hujua
947 1660 1113 1744 Epietolue
1131 1661 1203 1728 aive

85 1754 255 1826 Taaetatne
274 1762 435 1827 dictamen
448 1762 605 1827 advemue
624 1761 811 1844 minanam,
825 1769 949 1844 quanto
969 1763 1069 1844 magle
1090 1768 1203 1846 ntupu-

84 1860 127 1924 τί(
148 1862 181 1925 in
201 1880 256 1926 me
278 1865 443 1928 excitatur
462 1863 505 1926 oli
523 1864 701 1942 silentium,
728 1863 815 1944 quod
838 1864 988 1944 deineena
1007 1869 1201 1929 manatura

4 2021 5 2048 Ξ
82 1956 264 2026 luatiaiano
285 1960 325 2026 de
344 1961 488 2044 ejuadem
509 1961 657 2042 Origenia
678 1971 711 2029 at
724 1965 911 2045 dogmatum
931 1983 1068 2031 anorum
1089 1965 1204 2030 haere·

86 2060 223 2126 ticenum
238 2063 454 2138 anathemate,
466 2064 497 2126 in
511 2063 717 2130 Conieeaioue
728 2065 801 2132 lidei
813 2084 873 2148 uro
883 2065 1087 2130 damnatione
1100 2065 1201 2130 trium

4 2219 5 2232 ,
84 2158 321 2244 Capituloaum.
336 2161 432 2238 Quod
453 2165 596 2245 quidem,
612 2166 714 2244 poeita
736 2165 836 2247 hujua
852 2163 1017 2246 Epistulae
1036 2165 1202 2230 aluueaita·

85 2267 127 2338 te,
156 2262 274 2345 reique
295 2273 470 2342 momento,
498 2267 677 2332 nullimode
697 2268 829 2332 eratali
858 2269 929 2350 ineo
943 2265 1199 2348 vtramigeudum.
1317 2253 1323 2262 ⁸

84 2360 236 2427 Attamen
256 2381 361 2445 neque
377 2366 409 2427 iu
430 2365 490 2430 laao
511 2366 585 2430 iidei
600 2365 818 2442 Conieeaioue,
840 2384 899 2432 neo
912 2367 944 2430 in
965 2367 1093 2441 litlerla,
1115 2382 1202 2447 qnae

82 2464 263 2530 aueoeaaive
276 2464 318 2528 ab
337 2465 406 2546 iuno
421 2463 621 2547 imperatore
642 2467 756 2533 misane
768 2474 845 2532 aunt
858 2466 898 2531 ad
920 2468 1076 2549 qnoedam
1091 2465 1201 2531 adhue

84 2566 311 2630 oecumenicae
340 2565 515 2632 daduitioni
544 2569 746 2645 obeieteulea,
776 2569 953 2650 quidquam
976 2567 1140 2650 reperitur
1159 2566 1201 2632 de

83 2669 284 2746 quaeatioue,
299 2673 358 2730 aut
374 2667 608 2749 proscriptione
623 2670 821 2750 origeniana.
835 2667 1020 2746 Quinimmo
1034 2669 1115 2734 liaeo
1133 2667 1201 2734 duo

84 2773 244 2844 poetaema
266 2766 457 2832 documenta
479 2768 580 2848 probe
599 2787 753 2850 exponen,
768 2776 857 2836 reeta
879 2769 1042 2833 contraire
1062 2766 1201 2849 proban·

83 2873 136 2930 tur
153 2867 302 2932 aeneibna
324 2868 459 2948 praelati
481 2866 652 2934 Traetatua
666 2866 849 2934 duetiniano
870 2869 1014 2950 imeaipti
1029 2868 1069 2932 de
1083 2866 1200 2950 Orige-

85 2969 130 3030 nia
150 2968 337 3047 erroribus,
357 2969 401 3032 ila
424 2975 460 3034 ut
480 2969 565 3032 lutea
584 2969 789 3054 apocryphon
807 2968 983 3034 nemeudua
1002 2969 1056 3033 eit.

161 3067 292 3148 Reauae
312 3070 344 3132 iu
364 3069 498 3151 epistola
520 3069 677 3134 advenam
697 3069 882 3149 nonnullos,
897 3070 953 3150 qui
974 3071 1124 3134 reatilene
1144 3067 1201 3134 de·

85 3165 217 3234 finitioni
241 3169 376 3236 Concilii
391 3169 427 3234 V.
444 3170 476 3233 iu
496 3168 732 3237 damnationum
753 3171 851 3234 laium
867 3169 1107 3251 capitulorum,
1121 3176 1155 3235 et
1167 3169 1200 3233 in

83 3289 144 3350 qua
165 3273 267 3336 inatat
286 3289 384 3352 quam
405 3272 558 3349 maxime,
580 3278 614 3336 et
634 3272 676 3334 alt
695 3273 857 3354 exemplis
876 3271 1028 3350 ostendit,
1049 3272 1146 3337 etiam
1165 3271 1200 3336 iu

81 3389 194 3436 errore
216 3371 386 3437 deluentes
407 3379 479 3454 poet
508 3379 647 3438 mortem
669 3372 767 3438 lniaee
787 3373 991 3438 anathemate
1010 3389 1196 3454 perouaaoa,

82 3474 207 3538 mitit:
225 3470 370 3537 «linitio
389 3480 500 3538 antean
521 3473 552 3536 id
567 3475 673 3554 ipsum
693 3473 877 3540 oeulirmeri
899 3479 1007 3558 puteat
1025 3475 1198 3556 exemplia,

82 3570 262 3639 haereticos
282 3573 446 3652 videlieet,
472 3573 527 3655 qui
550 3575 628 3637 dnm
650 3575 798 3641 viverent
816 3574 856 3639 ad
883 3575 1051 3640 amitalem
1073 3577 1198 3642 reveni

81 3689 142 3736 uon
162 3683 252 3750 aunt,
274 3682 506 3756 postmortem
532 3675 630 3742 luiaee
654 3677 891 3743 condemnatos.
914 3675 1095 3741 Eunomiua
1114 3678 1198 3742 enlm

81 3779 113 3836 et
133 3775 358 3858 Apollinemne
376 3783 410 3840 et
429 3773 590 3855 Bonnam,
612 3796 650 3842 ae
669 3778 893 3861 aupdrionilnue
915 3776 1114 3859 temporibue
1136 3774 1200 3840 Va·

80 3869 234 3952 lentinua,
257 3873 423 3952 Beailidea,
456 3875 602 3942 llaaeiun
624 3886 658 3941 et
675 3875 849 3944 Corinthea
877 3876 998 3958 allique
1028 3874 1198 3957 permulti,

81 3973 135 4051 qui
156 3975 429 4055 anathematum,
444 3975 521 4042 dnm
544 3977 701 4054 viverent,
724 3977 862 4059 audienti
878 3995 941 4042 uon
962 3975 1105 4053 luerent,
1126 3981 1200 4058 poet

79 4081 218 4138 meatem
238 4075 378 4142 damnati
397 4086 482 4142 aunt.
515 4078 622 4159 Atque
642 4078 683 4140 ale
711 4076 855 4142 Ecclesia
877 4076 1043 4142 calholica
1064 4076 1196 4140 anathe-

79 4175 291 4260 matizantur,
311 4187 484 4263 propterea
501 4179 588 4264 quod
603 4179 635 4243 in
648 4178 714 4245 auia
729 4177 897 4248 erroribus
912 4180 978 4246 nita
992 4176 1093 4244 iuneti
1107 4183 1195 4260 aunt3
