3028 4942
332 504 390 584 qui
411 501 452 565 dc
472 519 530 568 sua
552 499 616 564 fldo
645 499 685 564 ad
708 499 875 584 Pelagium
909 499 1028 583 Papam
1051 505 1136 568 misit
1161 501 1286 566 litteras
1292 521 1305 582 ;
1327 503 1437 583 quique

333 603 490 668 adversus
506 620 618 666 omnes
639 604 789 668 haereses
805 605 906 668 libros
920 611 996 670 octo
1011 605 1153 684 scripsit,
1167 612 1201 668 et
1213 604 1372 670 adversos
1384 603 1437 668 lie·

332 705 469 768 storiam
484 703 587 769 libros
601 723 672 778 sex,
687 723 725 770 ac
745 711 809 769 tres
826 706 927 770 libros
949 707 1123 772 adversum
1141 703 1341 786 Pelagianos.
1360 704 1438 768 ideo

333 824 410 886 que,
427 824 490 869 nou
506 807 657 871 ridentur
670 806 869 880 admittenda
884 810 1026 888 quaesit
1040 829 1065 876 e·
1082 807 1303 892 Hieronymus
1319 809 1358 872 de
1370 807 1439 872 Rul-

335 906 413 982 line,
437 907 522 970 hunc
544 907 744 972 haereticum
759 915 792 972 ot
808 901 1016 990 Pelagianom
1034 926 1163 975 iocans.
1187 907 1260 974 Nou
1285 910 1438 972 animiam

332 1015 447 1088 aperto
467 1025 616 1072 sermone
638 1005 823 1074 Gennadius
849 1009 984 1076 dixisset
1004 1008 1171 1076 Bullinum
1197 1027 1264 1072 neu
1283 1007 1438 1074 minianu

333 1107 433 1187 luisse
458 1118 582 1192 purtem
613 1107 785 1173 Doctorum
807 1108 985 1178 Ecclesium
1019 1130 1078 1176 uec
1099 1112 1204 1176 mulio
1225 1111 1332 1174 minos
1353 1111 1440 1190 ipsius

333 1210 528 1276 celebrasset
547 1211 580 1274 io
600 1209 778 1291 deoium
799 1211 1016 1293 apostolicum
1035 1215 1284 1294 expositionem,
1307 1213 1386 1276 adeo
1410 1219 1439 1274 ut

333 1329 451 1388 nemo,
473 1313 540 1388 ait,
563 1314 667 1376 eidem
689 1317 720 1378 io
743 1315 804 1378 hoc
825 1315 934 1396 Opere
958 1316 1059 1380 veluti
1081 1315 1236 1378 divinitus
1257 1315 1388 1395 expleto
1406 1314 1439 1375 sii

335 1414 608 1493 aequiparandas,
629 1415 656 1477 si
671 1434 785 1497 reapse
806 1415 1134 1494 Rudionserrnsse13
1150 1417 1175 1479 si
1198 1433 1315 1478 revera
1340 1417 1441 1478 haere·

335 1514 394 1576 sim
417 1514 805 1595 professosesse13siex
826 1518 934 1580 auimo
955 1517 1112 1583 adversus
1136 1516 1334 1580 calholicam
1356 1515 1439 1578 iidem

336 1614 519 1678 dimicasset
527 1635 541 1692 5
555 1623 588 1678 et
603 1616 628 1680 ei
644 1615 783 1696 denique
804 1627 1041 1698 cousequenter
1061 1626 1119 1680 aut
1139 1638 1180 1680 ex
1194 1617 1286 1680 libris
1309 1621 1376 1681 suis
1397 1617 1440 1679 sci

335 1731 377 1776 ex
395 1714 478 1776 lama
493 1714 706 1779 ecclesiarum
722 1734 837 1780 nomen
857 1735 954 1782 sunm
976 1721 1007 1780 in
1023 1717 1167 1782 iidelium
1190 1719 1275 1782 male
1295 1719 1440 1782 insonuis-

335 1821 386 1876 set
399 1813 605 1912 poribus-Et
620 1814 650 1876 id
672 1833 747 1880 saue
768 1817 859 1882 nobis
881 1815 985 1897 majos
1007 1825 1149 1897 praesint
1163 1817 1317 1881 iodicium
1339 1819 1377 1882 dc
1396 1836 1440 1880 oo

338 1916 490 1980 tircdoxis
513 1915 634 1980 Rudini
654 1917 823 1995 sensibus,
845 1917 1059 2000 ejusdemque
1079 1919 1266 1996 sanctitate,
1288 1939 1353 2000 qua
1375 1927 1440 1984 tnnc

341 2019 373 2080 in
395 2018 475 2081 orbe
496 2018 673 2082 christiano
696 2018 836 2082 refulsit.
1134 2099 1140 2114 Β

420 2117 593 2183 Praeterea
623 2121 653 2183 iu
688 2121 749 2182 hac
775 2121 816 2184 de
850 2120 973 2186 Ruliiui
1010 2121 1072 2186 lide
1104 2123 1292 2202 quaestione
1321 2122 1441 2186 satisfiat

341 2220 496 2284 senteoiia
512 2217 690 2285 Cardioalis
706 2219 839 2300 Norisiij
856 2223 912 2302 qui
927 2223 958 2286 iu
973 2220 1071 2286 Libro
1087 2221 1112 2285 l.
1129 2219 1293 2286 Historiae
1309 2221 1441 2303 Pelopia

341 2340 401 2384 noc
414 2337 442 2384 c.
459 2318 517 2382 lli.
541 2320 666 2400 iuquit:
685 2343 701 2381 u
717 2321 869 2386 Rniiinos
885 2341 947 2386 oon
963 2323 1026 2386 luit
1041 2325 1236 2402 haereticus,
1252 2324 1365 2388 liceis.
1376 2321 1440 2387 llic

343 2440 499 2505 rouymus
513 2423 662 2485 cumdem
686 2423 855 2487 haereticis
876 2431 1080 2488 annumeret.
1097 2421 1213 2505 Neque
1234 2425 1317 2488 enim
1331 2444 1357 2488 s.
1370 2425 1441 2488 Pan

341 2523 429 2587 lions
452 2532 516 2586 tam
538 2517 720 2603 religiosa'm
743 2542 817 2586 cnm
840 2523 951 2587 eodem
974 2526 1146 2590 amicitiam
1167 2525 1322 2605 aluisset3
1349 2541 1441 2605 neque

344 2621 495 2689 Pinianus
515 2632 548 2687 ei
570 2633 710 2706 utraque
731 2623 870 2688 Melania
901 2626 996 2689 ilium
1024 2645 1086 2688 uua
1117 2645 1227 2690 secum
1255 2629 1286 2689 iu
1313 2623 1440 2690 Siciliam

226 2807 236 2822 ἱ
340 2722 574 2796 adduxissent,
590 2733 622 2787 et
643 2727 673 2786 iu
687 2724 875 2790 suburbano
900 2725 1002 2789 Pineti
1018 2729 1213 2789 monnsierio
1224 2727 1319 2807 juxis
1337 2727 1439 2790 urbem

341 2823 461 2903 degere
480 2841 544 2886 uou
566 2825 735 2904 poluissei‚
757 2827 782 2888 si
806 2826 911 2904 palam
934 2828 1059 2890 haeresi
1081 2826 1219 2890 iniectus
1241 2826 1364 2891 luisset.
1378 2846 1392 2884 s
1407 2822 1441 2887 lli

340 2925 404 2987 hoo
423 2943 556 3005 qnoque
575 2929 674 2990 sensit
696 2924 893 2990 Fontaniuus
914 2927 945 2988 io
966 2925 1108 2990 Historia
1131 2924 1303 2990 Litteraria
1321 2924 1440 3007 aquile

340 3023 405 3105 jae,
422 3025 476 3086 obi
494 3024 661 3088 Bullinum
676 3027 716 3088 ab
731 3027 857 3089 haeresi
880 3027 1032 3104 vindicat,
1048 3046 1255 3108 summopere
1270 3028 1369 3107 ipsius
1381 3042 1441 3088 sao

340 3125 483 3188 ctiiatem
505 3127 671 3188 celebrans
693 3125 856 3207 iidemque
876 3123 1047 3191 sinceram.

418 3223 500 3288 Gom
522 3227 632 3306 itaque
654 3228 743 3290 uuile
767 3228 889 3292 malitia
910 3230 951 3291 sit
972 3232 1003 3292 iu
1026 3226 1155 3291 liuiiloo
1176 3227 1382 3302 admittenda,
1396 3243 1439 3286 re

339 3326 400 3388 luti
423 3345 464 3389 ex
487 3327 639 3406 praelatis
661 3329 854 3391 multimode
876 3330 1074 3392 ostendimus
1088 3372 1109 3419 ,Ι
1129 3331 1226 3392 sicuti
1248 3348 1305 3392 uec
1328 3327 1439 3392 talisi·

339 3429 408 3504 ipso
423 3428 723 3508 comprehendenda
745 3431 786 3492 sit
800 3431 994 3509 ignorantia,
1011 3437 1048 3492 ui
1062 3449 1125 3492 ooo
1142 3429 1352 3504 intellexerit,
1368 3443 1440 3507 quac

339 3546 379 3588 ex
391 3527 539 3608 Origeois
553 3531 649 3594 variis
665 3532 855 3594 tractatibus
869 3533 1099 3610 interpretatus
1110 3539 1170 3603 esi,
1180 3531 1272 3610 qnasi
1285 3530 1313 3591 ci
1326 3525 1438 3608 exposi-

339 3635 410 3692 tore
425 3647 505 3708 opus
528 3629 641 3692 luisset
661 3632 700 3692 ad
726 3649 841 3694 eurum
862 3650 991 3696 sensum
1008 3630 1221 3709 capicudnm3
1244 3647 1302 3691 nec
1330 3629 1440 3691 nescius

339 3728 370 3788 io
385 3729 483 3791 rebus
504 3729 729 3794 ecclesiasticis
747 3731 908 3804 videatur,
929 3737 979 3808 ut,
996 3749 1081 3810 quae
1097 3738 1228 3814 tyrones
1243 3748 1261 3790 a
1282 3719 1384 3791 tenera
1399 3744 1442 3786 ae·

228 3839 232 3848 ¹
337 3833 403 3888 tate
424 3827 552 3890 discunt
572 3829 603 3890 in
623 3828 823 3893 scholasticis
845 3829 1121 3902 institutionibus,
1144 3837 1249 3891 aetate
1271 3835 1304 3890 ei
1323 3825 1439 3890 aciculis

338 3935 513 4004 provectus
535 3927 601 4005 ipse
624 3929 789 4006 ignoraret
810 3927 971 4004 Rudinus,
995 3938 1027 3991 et
1046 3930 1222 3991 summarie
1248 3925 1361 3999 dicam,
1382 3929 1441 4003 posi

337 4026 484 4089 sedulam
497 4027 657 4090 librorum
673 4027 821 4107 Origenis
835 4027 1020 4103 lectionem,
1033 4027 1161 4092 uullum
1178 4045 1219 4091 ex
1237 4035 1284 4089 tot
1297 4025 1441 4124 sphalma·

338 4128 422 4191 tibus
436 4128 716 4200 animadverterit,
732 4138 765 4191 et
778 4128 1036 4192 animadvertens
1051 4147 1115 4192 nun
1132 4129 1303 4206 reiuierii;
1319 4126 1440 4202 ideoque

338 4246 414 4292 cum
437 4229 530 4295 nullo
543 4230 619 4309 jore
641 4232 813 4296 haereseos
837 4231 887 4294 vel
909 4231 1035 4332 erroris
1053 4230 1234 4312 culpandus
1256 4231 1309 4306 sit,
1324 4225 1374 4291 sed
1387 4223 1439 4286 sio·
1504 4319 1505 4324 ἵ
