<?xml version="1.0" encoding="UTF-8"?>
<!DOCTYPE html PUBLIC "-//W3C//DTD XHTML 1.0 Transitional//EN"
    "http://www.w3.org/TR/xhtml1/DTD/xhtml1-transitional.dtd">
<html xmlns="http://www.w3.org/1999/xhtml" xml:lang="en" lang="en">
 <head>
  <title>
</title>
<meta http-equiv="Content-Type" content="text/html;charset=utf-8" />
  <meta name='ocr-system' content='tesseract 3.04.00' />
  <meta name='ocr-capabilities' content='ocr_page ocr_carea ocr_par ocr_line ocrx_word'/>
</head>
<body>
  <div class='ocr_page' id='page_1' title='image "./insgregoriinyss01vincgoog/insgregoriinyss01vincgoog_0220.png"; bbox 0 0 2982 4934; ppageno 0'>
   <div class='ocr_carea' id='block_1_1' title="bbox 63 339 1198 528">
    <p class='ocr_par' dir='ltr' id='par_1_1' title="bbox 63 339 1198 528">
     <span class='ocr_line' id='line_1_1' title="bbox 63 339 1198 528; baseline -0.004 -14"><span class='ocrx_word' id='word_1_1' title='bbox 63 446 230 526; x_wconf 76' lang='lat' dir='ltr'>exarsit3</span> <span class='ocrx_word' id='word_1_2' title='bbox 250 458 349 528; x_wconf 79' lang='lat' dir='ltr'>seque</span> <span class='ocrx_word' id='word_1_3' title='bbox 369 443 448 510; x_wconf 87' lang='lat' dir='ltr'>nihil</span> <span class='ocrx_word' id='word_1_4' title='bbox 467 463 530 510; x_wconf 93' lang='lat' dir='ltr'>nnn</span> <span class='ocrx_word' id='word_1_5' title='bbox 551 444 714 510; x_wconf 87' lang='lat' dir='ltr'>malorum</span> <span class='ocrx_word' id='word_1_6' title='bbox 735 451 952 512; x_wconf 72' lang='lat' dir='ltr'>executurum</span> <span class='ocrx_word' id='word_1_7' title='bbox 974 339 1198 526; x_wconf 53' lang='lat' dir='ltr'>texecoruffl</span> 
     </span>
    </p>
   </div>
   <div class='ocr_carea' id='block_1_2' title="bbox 67 548 1264 1343">
    <p class='ocr_par' dir='ltr' id='par_1_2' title="bbox 67 548 1264 1343">
     <span class='ocr_line' id='line_1_2' title="bbox 67 548 1196 616; baseline -0.003 0"><span class='ocrx_word' id='word_1_8' title='bbox 67 552 310 616; x_wconf 83' lang='lat' dir='ltr'>interminatus</span> <span class='ocrx_word' id='word_1_9' title='bbox 329 558 378 613; x_wconf 90' lang='lat' dir='ltr'>est</span> <span class='ocrx_word' id='word_1_10' title='bbox 391 549 546 612; x_wconf 82' lang='lat' dir='ltr'>adsersus</span> <span class='ocrx_word' id='word_1_11' title='bbox 566 565 632 612; x_wconf 88' lang='lat' dir='ltr'>eos.</span> <span class='ocrx_word' id='word_1_12' title='bbox 645 548 750 613; x_wconf 86' lang='lat' dir='ltr'>Porro</span> <span class='ocrx_word' id='word_1_13' title='bbox 769 548 862 614; x_wconf 83' lang='lat' dir='ltr'>istius</span> <span class='ocrx_word' id='word_1_14' title='bbox 879 548 1132 613; x_wconf 88' lang='lat' dir='ltr'>comminutionis</span> <span class='ocrx_word' id='word_1_15' title='bbox 1148 548 1196 613; x_wconf 89' lang='lat' dir='ltr'>lc·</span> 
     </span>
     <span class='ocr_line' id='line_1_3' title="bbox 71 649 1196 732; baseline 0.002 -20"><span class='ocrx_word' id='word_1_16' title='bbox 71 653 128 716; x_wconf 83' lang='lat' dir='ltr'>vis</span> <span class='ocrx_word' id='word_1_17' title='bbox 150 652 327 718; x_wconf 86' lang='lat' dir='ltr'>admodum</span> <span class='ocrx_word' id='word_1_18' title='bbox 351 652 448 715; x_wconf 94' lang='lat' dir='ltr'>timor</span> <span class='ocrx_word' id='word_1_19' title='bbox 468 651 604 730; x_wconf 74' lang='lat' dir='ltr'>urgebat</span> <span class='ocrx_word' id='word_1_20' title='bbox 624 669 691 726; x_wconf 83' lang='lat' dir='ltr'>eos,</span> <span class='ocrx_word' id='word_1_21' title='bbox 713 651 768 732; x_wconf 88' lang='lat' dir='ltr'>qui</span> <span class='ocrx_word' id='word_1_22' title='bbox 787 649 854 731; x_wconf 87' lang='lat' dir='ltr'>jum</span> <span class='ocrx_word' id='word_1_23' title='bbox 875 659 1071 714; x_wconf 87' lang='lat' dir='ltr'>secesserunt</span> <span class='ocrx_word' id='word_1_24' title='bbox 1093 651 1124 713; x_wconf 92' lang='lat' dir='ltr'>in</span> <span class='ocrx_word' id='word_1_25' title='bbox 1144 669 1196 714; x_wconf 87' lang='lat' dir='ltr'>so·</span> 
     </span>
     <span class='ocr_line' id='line_1_4' title="bbox 71 739 1196 834; baseline 0.001 -19"><span class='ocrx_word' id='word_1_26' title='bbox 71 753 265 818; x_wconf 90' lang='lat' dir='ltr'>litrsdinem.</span> <span class='ocrx_word' id='word_1_27' title='bbox 280 752 332 818; x_wconf 87' lang='lat' dir='ltr'>Sic</span> <span class='ocrx_word' id='word_1_28' title='bbox 353 755 399 817; x_wconf 88' lang='lat' dir='ltr'>ira</span> <span class='ocrx_word' id='word_1_29' title='bbox 414 771 567 817; x_wconf 86' lang='lat' dir='ltr'>accensus</span> <span class='ocrx_word' id='word_1_30' title='bbox 583 749 794 834; x_wconf 78' lang='lat' dir='ltr'>Theophilus,</span> <span class='ocrx_word' id='word_1_31' title='bbox 812 751 983 814; x_wconf 84' lang='lat' dir='ltr'>ridebatur</span> <span class='ocrx_word' id='word_1_32' title='bbox 997 769 1060 814; x_wconf 90' lang='lat' dir='ltr'>nou</span> <span class='ocrx_word' id='word_1_33' title='bbox 1074 739 1196 817; x_wconf 75' lang='lat' dir='ltr'>medio·</span> 
     </span>
     <span class='ocr_line' id='line_1_5' title="bbox 68 849 1197 920; baseline -0.004 0"><span class='ocrx_word' id='word_1_34' title='bbox 68 875 172 920; x_wconf 84' lang='lat' dir='ltr'>crem</span> <span class='ocrx_word' id='word_1_35' title='bbox 188 857 343 920; x_wconf 79' lang='lat' dir='ltr'>adversos</span> <span class='ocrx_word' id='word_1_36' title='bbox 363 874 419 919; x_wconf 89' lang='lat' dir='ltr'>eos</span> <span class='ocrx_word' id='word_1_37' title='bbox 439 855 617 919; x_wconf 89' lang='lat' dir='ltr'>tumultum</span> <span class='ocrx_word' id='word_1_38' title='bbox 643 855 823 918; x_wconf 76' lang='lat' dir='ltr'>eruiturus.</span> <span class='ocrx_word' id='word_1_39' title='bbox 847 849 1005 916; x_wconf 88' lang='lat' dir='ltr'>Omnibus</span> <span class='ocrx_word' id='word_1_40' title='bbox 1025 854 1108 916; x_wconf 88' lang='lat' dir='ltr'>euim</span> <span class='ocrx_word' id='word_1_41' title='bbox 1131 872 1197 918; x_wconf 89' lang='lat' dir='ltr'>ma-</span> 
     </span>
     <span class='ocr_line' id='line_1_6' title="bbox 70 952 1264 1038; baseline -0.002 -18"><span class='ocrx_word' id='word_1_42' title='bbox 70 958 185 1020; x_wconf 85' lang='lat' dir='ltr'>chinis</span> <span class='ocrx_word' id='word_1_43' title='bbox 205 957 411 1021; x_wconf 66' lang='lat' dir='ltr'>adnitebatur</span> <span class='ocrx_word' id='word_1_44' title='bbox 432 957 518 1020; x_wconf 82' lang='lat' dir='ltr'>siros</span> <span class='ocrx_word' id='word_1_45' title='bbox 548 957 621 1020; x_wconf 94' lang='lat' dir='ltr'>illos</span> <span class='ocrx_word' id='word_1_46' title='bbox 642 956 774 1019; x_wconf 78' lang='lat' dir='ltr'>adoriri.</span> <span class='ocrx_word' id='word_1_47' title='bbox 801 952 887 1031; x_wconf 89' lang='lat' dir='ltr'>Quin</span> <span class='ocrx_word' id='word_1_48' title='bbox 909 956 1005 1017; x_wconf 83' lang='lat' dir='ltr'>etiem</span> <span class='ocrx_word' id='word_1_49' title='bbox 1027 955 1057 1017; x_wconf 91' lang='lat' dir='ltr'>iu</span> <span class='ocrx_word' id='word_1_50' title='bbox 1081 956 1191 1021; x_wconf 91' lang='lat' dir='ltr'>odium</span> <span class='ocrx_word' id='word_1_51' title='bbox 1263 1033 1264 1038; x_wconf 5' lang='grc' dir='ltr'>ἵ</span> 
     </span>
     <span class='ocr_line' id='line_1_7' title="bbox 74 1055 1207 1139; baseline 0 -19"><span class='ocrx_word' id='word_1_52' title='bbox 74 1059 196 1122; x_wconf 75' lang='lat' dir='ltr'>fratris</span> <span class='ocrx_word' id='word_1_53' title='bbox 210 1059 352 1139; x_wconf 86' lang='lat' dir='ltr'>ipsorum</span> <span class='ocrx_word' id='word_1_54' title='bbox 375 1057 524 1123; x_wconf 79' lang='lat' dir='ltr'>Dioscuri</span> <span class='ocrx_word' id='word_1_55' title='bbox 546 1055 777 1138; x_wconf 82' lang='lat' dir='ltr'>Hermepoleos</span> <span class='ocrx_word' id='word_1_56' title='bbox 792 1055 933 1136; x_wconf 89' lang='lat' dir='ltr'>episcopi</span> <span class='ocrx_word' id='word_1_57' title='bbox 952 1056 1075 1118; x_wconf 79' lang='lat' dir='ltr'>exarsit</span> <span class='ocrx_word' id='word_1_58' title='bbox 1095 1058 1207 1121; x_wconf 78' lang='lat' dir='ltr'>conti·</span> 
     </span>
     <span class='ocr_line' id='line_1_8' title="bbox 70 1157 1193 1243; baseline -0.002 -19"><span class='ocrx_word' id='word_1_59' title='bbox 70 1181 157 1224; x_wconf 91' lang='lat' dir='ltr'>nuo.</span> <span class='ocrx_word' id='word_1_60' title='bbox 175 1161 291 1226; x_wconf 74' lang='lat' dir='ltr'>Animo</span> <span class='ocrx_word' id='word_1_61' title='bbox 312 1164 395 1226; x_wconf 88' lang='lat' dir='ltr'>euim</span> <span class='ocrx_word' id='word_1_62' title='bbox 411 1160 482 1243; x_wconf 84' lang='lat' dir='ltr'>ejus</span> <span class='ocrx_word' id='word_1_63' title='bbox 503 1157 588 1224; x_wconf 80' lang='lat' dir='ltr'>hand</span> <span class='ocrx_word' id='word_1_64' title='bbox 611 1160 805 1224; x_wconf 90' lang='lat' dir='ltr'>mediocrem</span> <span class='ocrx_word' id='word_1_65' title='bbox 827 1158 982 1220; x_wconf 84' lang='lat' dir='ltr'>intulerat</span> <span class='ocrx_word' id='word_1_66' title='bbox 998 1175 1193 1236; x_wconf 87' lang='lat' dir='ltr'>moerorem,</span> 
     </span>
     <span class='ocr_line' id='line_1_9' title="bbox 69 1257 1195 1343; baseline -0.001 -18"><span class='ocrx_word' id='word_1_67' title='bbox 69 1263 221 1343; x_wconf 80' lang='lat' dir='ltr'>quodsi</span> <span class='ocrx_word' id='word_1_68' title='bbox 250 1262 466 1328; x_wconf 69' lang='lat' dir='ltr'>adhaesissent</span> <span class='ocrx_word' id='word_1_69' title='bbox 498 1260 691 1324; x_wconf 80' lang='lat' dir='ltr'>monasticae</span> <span class='ocrx_word' id='word_1_70' title='bbox 722 1257 964 1323; x_wconf 82' lang='lat' dir='ltr'>exercitationis</span> <span class='ocrx_word' id='word_1_71' title='bbox 987 1259 1071 1336; x_wconf 85' lang='lat' dir='ltr'>riri,</span> <span class='ocrx_word' id='word_1_72' title='bbox 1099 1260 1195 1342; x_wconf 85' lang='lat' dir='ltr'>eique</span> 
     </span>
    </p>
   </div>
   <div class='ocr_carea' id='block_1_3' title="bbox 75 1359 1301 1428">
    <p class='ocr_par' dir='ltr' id='par_1_3' title="bbox 75 1359 1301 1428">
     <span class='ocr_line' id='line_1_10' title="bbox 75 1359 1301 1428; baseline 0 -2"><span class='ocrx_word' id='word_1_73' title='bbox 75 1363 405 1428; x_wconf 86' lang='lat' dir='ltr'>multnmdelerreot</span> <span class='ocrx_word' id='word_1_74' title='bbox 419 1363 630 1426; x_wconf 81' lang='lat' dir='ltr'>reverentino.</span> <span class='ocrx_word' id='word_1_75' title='bbox 653 1359 751 1424; x_wconf 85' lang='lat' dir='ltr'>Plane</span> <span class='ocrx_word' id='word_1_76' title='bbox 772 1369 908 1424; x_wconf 79' lang='lat' dir='ltr'>noceret</span> <span class='ocrx_word' id='word_1_77' title='bbox 922 1359 1001 1424; x_wconf 91' lang='lat' dir='ltr'>nihil</span> <span class='ocrx_word' id='word_1_78' title='bbox 1022 1379 1056 1423; x_wconf 90' lang='lat' dir='ltr'>se</span> <span class='ocrx_word' id='word_1_79' title='bbox 1076 1361 1196 1426; x_wconf 87' lang='lat' dir='ltr'>allatu·</span> <span class='ocrx_word' id='word_1_80' title='bbox 1300 1387 1301 1392; x_wconf 43' lang='lat'>¹</span> 
     </span>
    </p>
   </div>
   <div class='ocr_carea' id='block_1_4' title="bbox 74 1460 1193 1630">
    <p class='ocr_par' dir='ltr' id='par_1_4' title="bbox 74 1460 1193 1630">
     <span class='ocr_line' id='line_1_11' title="bbox 74 1460 1193 1545; baseline 0.002 -17"><span class='ocrx_word' id='word_1_81' title='bbox 74 1483 157 1528; x_wconf 89' lang='lat' dir='ltr'>rum</span> <span class='ocrx_word' id='word_1_82' title='bbox 179 1465 359 1530; x_wconf 83' lang='lat' dir='ltr'>detrimenti</span> <span class='ocrx_word' id='word_1_83' title='bbox 377 1466 453 1530; x_wconf 82' lang='lat' dir='ltr'>ciris</span> <span class='ocrx_word' id='word_1_84' title='bbox 468 1465 662 1530; x_wconf 82' lang='lat' dir='ltr'>monasticae</span> <span class='ocrx_word' id='word_1_85' title='bbox 682 1460 882 1545; x_wconf 86' lang='lat' dir='ltr'>disciplinae,</span> <span class='ocrx_word' id='word_1_86' title='bbox 897 1463 956 1526; x_wconf 88' lang='lat' dir='ltr'>uisi</span> <span class='ocrx_word' id='word_1_87' title='bbox 977 1465 1193 1545; x_wconf 74' lang='lat' dir='ltr'>oppugnando</span> 
     </span>
     <span class='ocr_line' id='line_1_12' title="bbox 77 1565 317 1630; baseline 0 -4"><span class='ocrx_word' id='word_1_88' title='bbox 77 1567 147 1628; x_wconf 83' lang='lat' dir='ltr'>rim</span> <span class='ocrx_word' id='word_1_89' title='bbox 171 1565 317 1630; x_wconf 82' lang='lat' dir='ltr'>interret.</span> 
     </span>
    </p>
   </div>
   <div class='ocr_carea' id='block_1_5' title="bbox 76 1665 1302 2054">
    <p class='ocr_par' dir='ltr' id='par_1_5' title="bbox 76 1665 1302 2054">
     <span class='ocr_line' id='line_1_13' title="bbox 162 1665 1194 1748; baseline 0.006 -22"><span class='ocrx_word' id='word_1_90' title='bbox 162 1687 180 1726; x_wconf 82' lang='lat' dir='ltr'>r</span> <span class='ocrx_word' id='word_1_91' title='bbox 197 1665 270 1732; x_wconf 90' lang='lat' dir='ltr'>lloc</span> <span class='ocrx_word' id='word_1_92' title='bbox 289 1668 389 1748; x_wconf 73' lang='lat' dir='ltr'>tgttm</span> <span class='ocrx_word' id='word_1_93' title='bbox 408 1666 546 1732; x_wconf 76' lang='lat' dir='ltr'>artificio</span> <span class='ocrx_word' id='word_1_94' title='bbox 562 1667 677 1742; x_wconf 88' lang='lat' dir='ltr'>utitor,</span> <span class='ocrx_word' id='word_1_95' title='bbox 694 1672 726 1730; x_wconf 88' lang='lat' dir='ltr'>ct</span> <span class='ocrx_word' id='word_1_96' title='bbox 741 1665 871 1746; x_wconf 88' lang='lat' dir='ltr'>quidem</span> <span class='ocrx_word' id='word_1_97' title='bbox 886 1669 1029 1748; x_wconf 82' lang='lat' dir='ltr'>opposite</span> <span class='ocrx_word' id='word_1_98' title='bbox 1043 1668 1082 1731; x_wconf 90' lang='lat' dir='ltr'>ad</span> <span class='ocrx_word' id='word_1_99' title='bbox 1097 1687 1194 1734; x_wconf 83' lang='lat' dir='ltr'>suurn</span> 
     </span>
     <span class='ocr_line' id='line_1_14' title="bbox 79 1767 1193 1849; baseline 0.005 -21"><span class='ocrx_word' id='word_1_100' title='bbox 79 1767 279 1844; x_wconf 84' lang='lat' dir='ltr'>institutum,</span> <span class='ocrx_word' id='word_1_101' title='bbox 298 1769 456 1849; x_wconf 82' lang='lat' dir='ltr'>persuasit</span> <span class='ocrx_word' id='word_1_102' title='bbox 477 1776 515 1834; x_wconf 89' lang='lat' dir='ltr'>ut</span> <span class='ocrx_word' id='word_1_103' title='bbox 526 1767 661 1832; x_wconf 87' lang='lat' dir='ltr'>subinde</span> <span class='ocrx_word' id='word_1_104' title='bbox 674 1785 784 1832; x_wconf 90' lang='lat' dir='ltr'>secum</span> <span class='ocrx_word' id='word_1_105' title='bbox 799 1785 923 1832; x_wconf 89' lang='lat' dir='ltr'>moram</span> <span class='ocrx_word' id='word_1_106' title='bbox 940 1769 1105 1834; x_wconf 86' lang='lat' dir='ltr'>traherent</span> <span class='ocrx_word' id='word_1_107' title='bbox 1119 1771 1193 1846; x_wconf 83' lang='lat' dir='ltr'>viri,</span> 
     </span>
     <span class='ocr_line' id='line_1_15' title="bbox 76 1867 1302 1951; baseline 0.005 -20"><span class='ocrx_word' id='word_1_108' title='bbox 76 1871 138 1950; x_wconf 79' lang='lat' dir='ltr'>qui</span> <span class='ocrx_word' id='word_1_109' title='bbox 156 1878 304 1934; x_wconf 80' lang='lat' dir='ltr'>texerent</span> <span class='ocrx_word' id='word_1_110' title='bbox 316 1888 496 1935; x_wconf 84' lang='lat' dir='ltr'>sermonem</span> <span class='ocrx_word' id='word_1_111' title='bbox 510 1869 551 1933; x_wconf 90' lang='lat' dir='ltr'>de</span> <span class='ocrx_word' id='word_1_112' title='bbox 572 1867 654 1947; x_wconf 83' lang='lat' dir='ltr'>beo,</span> <span class='ocrx_word' id='word_1_113' title='bbox 669 1872 744 1949; x_wconf 86' lang='lat' dir='ltr'>quia</span> <span class='ocrx_word' id='word_1_114' title='bbox 768 1869 854 1935; x_wconf 84' lang='lat' dir='ltr'>Deos</span> <span class='ocrx_word' id='word_1_115' title='bbox 874 1879 958 1934; x_wconf 88' lang='lat' dir='ltr'>esset</span> <span class='ocrx_word' id='word_1_116' title='bbox 970 1872 1194 1951; x_wconf 85' lang='lat' dir='ltr'>incorporeos,</span> <span class='ocrx_word' id='word_1_117' title='bbox 1300 1895 1302 1900; x_wconf 88' lang='lat'><em>·</em></span> 
     </span>
     <span class='ocr_line' id='line_1_16' title="bbox 78 1968 1194 2054; baseline 0.002 -20"><span class='ocrx_word' id='word_1_118' title='bbox 78 1989 141 2034; x_wconf 88' lang='lat' dir='ltr'>uec</span> <span class='ocrx_word' id='word_1_119' title='bbox 165 1971 352 2036; x_wconf 89' lang='lat' dir='ltr'>ullomodo</span> <span class='ocrx_word' id='word_1_120' title='bbox 382 1973 484 2037; x_wconf 82' lang='lat' dir='ltr'>dorma</span> <span class='ocrx_word' id='word_1_121' title='bbox 508 1974 658 2036; x_wconf 91' lang='lat' dir='ltr'>bumana.</span> <span class='ocrx_word' id='word_1_122' title='bbox 686 1968 825 2036; x_wconf 84' lang='lat' dir='ltr'>Necesse</span> <span class='ocrx_word' id='word_1_123' title='bbox 845 1972 967 2050; x_wconf 85' lang='lat' dir='ltr'>elioqui</span> <span class='ocrx_word' id='word_1_124' title='bbox 987 1979 1194 2054; x_wconf 84' lang='lat' dir='ltr'>sequeretur,</span> 
     </span>
    </p>
   </div>
   <div class='ocr_carea' id='block_1_6' title="bbox 77 2072 1240 4278">
    <p class='ocr_par' dir='ltr' id='par_1_6' title="bbox 77 2072 1240 4278">
     <span class='ocr_line' id='line_1_17' title="bbox 77 2072 1195 2158; baseline 0.002 -22"><span class='ocrx_word' id='word_1_125' title='bbox 77 2074 105 2136; x_wconf 91' lang='lat' dir='ltr'>si</span> <span class='ocrx_word' id='word_1_126' title='bbox 127 2074 270 2136; x_wconf 82' lang='lat' dir='ltr'>humanu</span> <span class='ocrx_word' id='word_1_127' title='bbox 290 2072 392 2154; x_wconf 70' lang='lat' dir='ltr'>effigie</span> <span class='ocrx_word' id='word_1_128' title='bbox 412 2073 605 2138; x_wconf 84' lang='lat' dir='ltr'>internatus</span> <span class='ocrx_word' id='word_1_129' title='bbox 625 2081 693 2150; x_wconf 90' lang='lat' dir='ltr'>est,</span> <span class='ocrx_word' id='word_1_130' title='bbox 725 2091 804 2154; x_wconf 74' lang='lat' dir='ltr'>ergo</span> <span class='ocrx_word' id='word_1_131' title='bbox 826 2082 859 2136; x_wconf 90' lang='lat' dir='ltr'>et</span> <span class='ocrx_word' id='word_1_132' title='bbox 881 2073 1028 2138; x_wconf 82' lang='lat' dir='ltr'>homenis</span> <span class='ocrx_word' id='word_1_133' title='bbox 1048 2072 1195 2158; x_wconf 76' lang='lat' dir='ltr'>subjacet</span> 
     </span>
     <span class='ocr_line' id='line_1_18' title="bbox 78 2173 1195 2257; baseline 0.004 -22"><span class='ocrx_word' id='word_1_134' title='bbox 78 2173 264 2238; x_wconf 74' lang='lat' dir='ltr'>affectibus.</span> <span class='ocrx_word' id='word_1_135' title='bbox 286 2173 357 2240; x_wconf 87' lang='lat' dir='ltr'>lloc</span> <span class='ocrx_word' id='word_1_136' title='bbox 377 2175 493 2256; x_wconf 72' lang='lat' dir='ltr'>dogma</span> <span class='ocrx_word' id='word_1_137' title='bbox 513 2194 532 2239; x_wconf 88' lang='lat' dir='ltr'>u</span> <span class='ocrx_word' id='word_1_138' title='bbox 555 2176 784 2240; x_wconf 79' lang='lat' dir='ltr'>vetustioribus</span> <span class='ocrx_word' id='word_1_139' title='bbox 804 2177 974 2257; x_wconf 88' lang='lat' dir='ltr'>perspicue</span> <span class='ocrx_word' id='word_1_140' title='bbox 994 2175 1195 2242; x_wconf 77' lang='lat' dir='ltr'>declaratum</span> 
     </span>
     <span class='ocr_line' id='line_1_19' title="bbox 78 2275 1195 2360; baseline 0.004 -22"><span class='ocrx_word' id='word_1_141' title='bbox 78 2284 143 2350; x_wconf 85' lang='lat' dir='ltr'>est,</span> <span class='ocrx_word' id='word_1_142' title='bbox 167 2278 305 2340; x_wconf 84' lang='lat' dir='ltr'>maxime</span> <span class='ocrx_word' id='word_1_143' title='bbox 329 2279 472 2340; x_wconf 90' lang='lat' dir='ltr'>omnium</span> <span class='ocrx_word' id='word_1_144' title='bbox 493 2277 533 2338; x_wconf 86' lang='lat' dir='ltr'>ub</span> <span class='ocrx_word' id='word_1_145' title='bbox 553 2276 703 2357; x_wconf 72' lang='lat' dir='ltr'>Origene.</span> <span class='ocrx_word' id='word_1_146' title='bbox 727 2275 775 2340; x_wconf 74' lang='lat' dir='ltr'>Ad</span> <span class='ocrx_word' id='word_1_147' title='bbox 798 2295 873 2340; x_wconf 88' lang='lat' dir='ltr'>cum</span> <span class='ocrx_word' id='word_1_148' title='bbox 896 2277 1028 2341; x_wconf 91' lang='lat' dir='ltr'>modum</span> <span class='ocrx_word' id='word_1_149' title='bbox 1048 2295 1083 2342; x_wconf 90' lang='lat' dir='ltr'>ae</span> <span class='ocrx_word' id='word_1_150' title='bbox 1104 2295 1195 2360; x_wconf 72' lang='lat' dir='ltr'>gere·</span> 
     </span>
     <span class='ocr_line' id='line_1_20' title="bbox 80 2373 1195 2456; baseline 0.003 -19"><span class='ocrx_word' id='word_1_151' title='bbox 80 2375 138 2439; x_wconf 93' lang='lat' dir='ltr'>bat</span> <span class='ocrx_word' id='word_1_152' title='bbox 160 2373 360 2456; x_wconf 80' lang='lat' dir='ltr'>Theophilus</span> <span class='ocrx_word' id='word_1_153' title='bbox 379 2385 413 2440; x_wconf 87' lang='lat' dir='ltr'>et</span> <span class='ocrx_word' id='word_1_154' title='bbox 432 2378 478 2440; x_wconf 90' lang='lat' dir='ltr'>sic</span> <span class='ocrx_word' id='word_1_155' title='bbox 501 2386 574 2442; x_wconf 87' lang='lat' dir='ltr'>erat</span> <span class='ocrx_word' id='word_1_156' title='bbox 601 2377 770 2439; x_wconf 79' lang='lat' dir='ltr'>animatus.</span> <span class='ocrx_word' id='word_1_157' title='bbox 800 2374 893 2452; x_wconf 78' lang='lat' dir='ltr'>Quae</span> <span class='ocrx_word' id='word_1_158' title='bbox 922 2375 1005 2441; x_wconf 92' lang='lat' dir='ltr'>enim</span> <span class='ocrx_word' id='word_1_159' title='bbox 1034 2376 1195 2442; x_wconf 80' lang='lat' dir='ltr'>debentur</span> 
     </span>
     <span class='ocr_line' id='line_1_21' title="bbox 82 2476 1196 2558; baseline 0.003 -20"><span class='ocrx_word' id='word_1_160' title='bbox 82 2494 249 2557; x_wconf 87' lang='lat' dir='ltr'>responsa,</span> <span class='ocrx_word' id='word_1_161' title='bbox 266 2496 324 2558; x_wconf 89' lang='lat' dir='ltr'>per</span> <span class='ocrx_word' id='word_1_162' title='bbox 338 2495 408 2542; x_wconf 88' lang='lat' dir='ltr'>eam</span> <span class='ocrx_word' id='word_1_163' title='bbox 432 2477 637 2558; x_wconf 85' lang='lat' dir='ltr'>versipellem</span> <span class='ocrx_word' id='word_1_164' title='bbox 657 2477 835 2552; x_wconf 88' lang='lat' dir='ltr'>solertium,</span> <span class='ocrx_word' id='word_1_165' title='bbox 859 2476 937 2539; x_wconf 92' lang='lat' dir='ltr'>nihil</span> <span class='ocrx_word' id='word_1_166' title='bbox 958 2484 1128 2543; x_wconf 88' lang='lat' dir='ltr'>cunctatus</span> <span class='ocrx_word' id='word_1_167' title='bbox 1150 2479 1196 2542; x_wconf 88' lang='lat' dir='ltr'>io·</span> 
     </span>
     <span class='ocr_line' id='line_1_22' title="bbox 84 2577 1195 2662; baseline 0.005 -23"><span class='ocrx_word' id='word_1_168' title='bbox 84 2577 232 2642; x_wconf 76' lang='lat' dir='ltr'>vertebat</span> <span class='ocrx_word' id='word_1_169' title='bbox 251 2578 291 2640; x_wconf 88' lang='lat' dir='ltr'>ud</span> <span class='ocrx_word' id='word_1_170' title='bbox 313 2578 525 2660; x_wconf 77' lang='lat' dir='ltr'>expetendum</span> <span class='ocrx_word' id='word_1_171' title='bbox 548 2579 682 2642; x_wconf 87' lang='lat' dir='ltr'>inimicis</span> <span class='ocrx_word' id='word_1_172' title='bbox 704 2580 871 2643; x_wconf 88' lang='lat' dir='ltr'>ultionem.</span> <span class='ocrx_word' id='word_1_173' title='bbox 899 2577 970 2646; x_wconf 86' lang='lat' dir='ltr'>lloc</span> <span class='ocrx_word' id='word_1_174' title='bbox 991 2580 1124 2662; x_wconf 87' lang='lat' dir='ltr'>iusuper</span> <span class='ocrx_word' id='word_1_175' title='bbox 1143 2597 1195 2646; x_wconf 81' lang='lat' dir='ltr'>or·</span> 
     </span>
     <span class='ocr_line' id='line_1_23' title="bbox 82 2679 1194 2762; baseline 0 -20"><span class='ocrx_word' id='word_1_176' title='bbox 82 2679 183 2742; x_wconf 87' lang='lat' dir='ltr'>tihcio</span> <span class='ocrx_word' id='word_1_177' title='bbox 205 2680 362 2761; x_wconf 88' lang='lat' dir='ltr'>plurimos</span> <span class='ocrx_word' id='word_1_178' title='bbox 382 2679 524 2759; x_wconf 82' lang='lat' dir='ltr'>abripuit</span> <span class='ocrx_word' id='word_1_179' title='bbox 546 2681 777 2744; x_wconf 73' lang='lat' dir='ltr'>monachorum</span> <span class='ocrx_word' id='word_1_180' title='bbox 798 2680 921 2762; x_wconf 84' lang='lat' dir='ltr'>ulloqui</span> <span class='ocrx_word' id='word_1_181' title='bbox 944 2681 1006 2742; x_wconf 85' lang='lat' dir='ltr'>vita</span> <span class='ocrx_word' id='word_1_182' title='bbox 1035 2680 1194 2760; x_wconf 72' lang='lat' dir='ltr'>integros,</span> 
     </span>
     <span class='ocr_line' id='line_1_24' title="bbox 83 2777 1196 2862; baseline -0.001 -19"><span class='ocrx_word' id='word_1_183' title='bbox 83 2799 236 2846; x_wconf 86' lang='lat' dir='ltr'>sermone</span> <span class='ocrx_word' id='word_1_184' title='bbox 255 2791 365 2845; x_wconf 89' lang='lat' dir='ltr'>autem</span> <span class='ocrx_word' id='word_1_185' title='bbox 386 2782 567 2862; x_wconf 89' lang='lat' dir='ltr'>imperitos,</span> <span class='ocrx_word' id='word_1_186' title='bbox 594 2798 632 2844; x_wconf 89' lang='lat' dir='ltr'>ec</span> <span class='ocrx_word' id='word_1_187' title='bbox 652 2779 767 2844; x_wconf 88' lang='lat' dir='ltr'>litteris</span> <span class='ocrx_word' id='word_1_188' title='bbox 787 2778 976 2842; x_wconf 90' lang='lat' dir='ltr'>ineruditos.</span> <span class='ocrx_word' id='word_1_189' title='bbox 998 2777 1041 2842; x_wconf 86' lang='lat' dir='ltr'>Et</span> <span class='ocrx_word' id='word_1_190' title='bbox 1062 2779 1142 2842; x_wconf 82' lang='lat' dir='ltr'>tales</span> <span class='ocrx_word' id='word_1_191' title='bbox 1162 2798 1196 2842; x_wconf 88' lang='lat' dir='ltr'>u-</span> 
     </span>
     <span class='ocr_line' id='line_1_25' title="bbox 82 2879 1240 2963; baseline 0 -17"><span class='ocrx_word' id='word_1_192' title='bbox 82 2883 307 2946; x_wconf 76' lang='lat' dir='ltr'>nandabatud</span> <span class='ocrx_word' id='word_1_193' title='bbox 328 2901 396 2960; x_wconf 88' lang='lat' dir='ltr'>eos,</span> <span class='ocrx_word' id='word_1_194' title='bbox 414 2885 470 2963; x_wconf 91' lang='lat' dir='ltr'>qui</span> <span class='ocrx_word' id='word_1_195' title='bbox 491 2883 590 2947; x_wconf 90' lang='lat' dir='ltr'>eremi</span> <span class='ocrx_word' id='word_1_196' title='bbox 612 2883 804 2946; x_wconf 88' lang='lat' dir='ltr'>monasteria</span> <span class='ocrx_word' id='word_1_197' title='bbox 819 2880 1000 2944; x_wconf 79' lang='lat' dir='ltr'>incolebant</span> <span class='ocrx_word' id='word_1_198' title='bbox 1008 2901 1021 2960; x_wconf 78' lang='lat'>3</span> <span class='ocrx_word' id='word_1_199' title='bbox 1044 2890 1080 2944; x_wconf 92' lang='lat' dir='ltr'>ot</span> <span class='ocrx_word' id='word_1_200' title='bbox 1093 2889 1126 2945; x_wconf 93' lang='lat' dir='ltr'>et</span> <span class='ocrx_word' id='word_1_201' title='bbox 1140 2879 1196 2946; x_wconf 91' lang='lat' dir='ltr'>do·</span> <span class='ocrx_word' id='word_1_202' title='bbox 1235 2944 1240 2950; x_wconf 86' lang='grc'><strong>,</strong></span> 
     </span>
     <span class='ocr_line' id='line_1_26' title="bbox 82 2979 1196 3064; baseline -0.003 -16"><span class='ocrx_word' id='word_1_203' title='bbox 82 2993 196 3048; x_wconf 84' lang='lat' dir='ltr'>cereot</span> <span class='ocrx_word' id='word_1_204' title='bbox 210 3001 273 3048; x_wconf 92' lang='lat' dir='ltr'>oon</span> <span class='ocrx_word' id='word_1_205' title='bbox 294 2993 445 3064; x_wconf 88' lang='lat' dir='ltr'>oportere</span> <span class='ocrx_word' id='word_1_206' title='bbox 465 3001 587 3048; x_wconf 89' lang='lat' dir='ltr'>morem</span> <span class='ocrx_word' id='word_1_207' title='bbox 609 3000 723 3062; x_wconf 76' lang='lat' dir='ltr'>gerere</span> <span class='ocrx_word' id='word_1_208' title='bbox 738 2979 909 3058; x_wconf 79' lang='lat' dir='ltr'>Diuorum,</span> <span class='ocrx_word' id='word_1_209' title='bbox 925 2999 987 3044; x_wconf 90' lang='lat' dir='ltr'>non</span> <span class='ocrx_word' id='word_1_210' title='bbox 1005 2982 1080 3045; x_wconf 86' lang='lat' dir='ltr'>item</span> <span class='ocrx_word' id='word_1_211' title='bbox 1096 2982 1196 3061; x_wconf 84' lang='lat' dir='ltr'>ipsios</span> 
     </span>
     <span class='ocr_line' id='line_1_27' title="bbox 83 3082 1196 3168; baseline 0.002 -22"><span class='ocrx_word' id='word_1_212' title='bbox 83 3084 262 3149; x_wconf 76' lang='lat' dir='ltr'>frutribus:</span> <span class='ocrx_word' id='word_1_213' title='bbox 296 3086 353 3168; x_wconf 84' lang='lat' dir='ltr'>qui</span> <span class='ocrx_word' id='word_1_214' title='bbox 373 3085 582 3150; x_wconf 83' lang='lat' dir='ltr'>adstruebeut</span> <span class='ocrx_word' id='word_1_215' title='bbox 613 3083 716 3148; x_wconf 87' lang='lat' dir='ltr'>Deum</span> <span class='ocrx_word' id='word_1_216' title='bbox 743 3103 812 3148; x_wconf 85' lang='lat' dir='ltr'>esee</span> <span class='ocrx_word' id='word_1_217' title='bbox 844 3086 1084 3164; x_wconf 90' lang='lat' dir='ltr'>incorporeum.</span> <span class='ocrx_word' id='word_1_218' title='bbox 1108 3082 1196 3148; x_wconf 81' lang='lat' dir='ltr'>Deos</span> 
     </span>
     <span class='ocr_line' id='line_1_28' title="bbox 82 3185 1197 3270; baseline 0 -24"><span class='ocrx_word' id='word_1_219' title='bbox 82 3188 169 3248; x_wconf 91' lang='lat' dir='ltr'>enim</span> <span class='ocrx_word' id='word_1_220' title='bbox 187 3186 252 3264; x_wconf 86' lang='lat' dir='ltr'>(uit</span> <span class='ocrx_word' id='word_1_221' title='bbox 265 3188 275 3265; x_wconf 82' lang='lat' dir='ltr'>l</span> <span class='ocrx_word' id='word_1_222' title='bbox 286 3187 380 3270; x_wconf 82' lang='lat' dir='ltr'>juxte</span> <span class='ocrx_word' id='word_1_223' title='bbox 396 3187 522 3250; x_wconf 81' lang='lat' dir='ltr'>divinae</span> <span class='ocrx_word' id='word_1_224' title='bbox 542 3185 729 3264; x_wconf 76' lang='lat' dir='ltr'>scripturae</span> <span class='ocrx_word' id='word_1_225' title='bbox 743 3186 943 3258; x_wconf 83' lang='lat' dir='ltr'>sententium,</span> <span class='ocrx_word' id='word_1_226' title='bbox 964 3193 1000 3248; x_wconf 89' lang='lat' dir='ltr'>et</span> <span class='ocrx_word' id='word_1_227' title='bbox 1012 3185 1125 3249; x_wconf 91' lang='lat' dir='ltr'>oculos</span> <span class='ocrx_word' id='word_1_228' title='bbox 1141 3185 1197 3247; x_wconf 84' lang='lat' dir='ltr'>lra-</span> 
     </span>
     <span class='ocr_line' id='line_1_29' title="bbox 86 3283 1197 3368; baseline -0.002 -18"><span class='ocrx_word' id='word_1_229' title='bbox 86 3286 153 3361; x_wconf 88' lang='lat' dir='ltr'>bet,</span> <span class='ocrx_word' id='word_1_230' title='bbox 167 3297 200 3352; x_wconf 89' lang='lat' dir='ltr'>et</span> <span class='ocrx_word' id='word_1_231' title='bbox 219 3305 316 3352; x_wconf 83' lang='lat' dir='ltr'>aures</span> <span class='ocrx_word' id='word_1_232' title='bbox 330 3297 363 3353; x_wconf 86' lang='lat' dir='ltr'>et</span> <span class='ocrx_word' id='word_1_233' title='bbox 383 3305 508 3363; x_wconf 87' lang='lat' dir='ltr'>munus,</span> <span class='ocrx_word' id='word_1_234' title='bbox 526 3297 561 3351; x_wconf 92' lang='lat' dir='ltr'>et</span> <span class='ocrx_word' id='word_1_235' title='bbox 581 3288 676 3368; x_wconf 83' lang='lat' dir='ltr'>pedes</span> <span class='ocrx_word' id='word_1_236' title='bbox 696 3288 790 3352; x_wconf 91' lang='lat' dir='ltr'>sicuti</span> <span class='ocrx_word' id='word_1_237' title='bbox 806 3286 905 3349; x_wconf 88' lang='lat' dir='ltr'>ceteri</span> <span class='ocrx_word' id='word_1_238' title='bbox 921 3285 1097 3349; x_wconf 89' lang='lat' dir='ltr'>hominnm.</span> <span class='ocrx_word' id='word_1_239' title='bbox 1120 3283 1197 3348; x_wconf 85' lang='lat' dir='ltr'>ote·</span> 
     </span>
     <span class='ocr_line' id='line_1_30' title="bbox 84 3386 1191 3470; baseline -0.002 -18"><span class='ocrx_word' id='word_1_240' title='bbox 84 3390 171 3452; x_wconf 81' lang='lat' dir='ltr'>scari</span> <span class='ocrx_word' id='word_1_241' title='bbox 188 3405 264 3452; x_wconf 84' lang='lat' dir='ltr'>sero</span> <span class='ocrx_word' id='word_1_242' title='bbox 279 3389 439 3470; x_wconf 86' lang='lat' dir='ltr'>discipuli,</span> <span class='ocrx_word' id='word_1_243' title='bbox 452 3388 599 3469; x_wconf 70' lang='lat' dir='ltr'>Origcuis</span> <span class='ocrx_word' id='word_1_244' title='bbox 619 3388 807 3452; x_wconf 88' lang='lat' dir='ltr'>senteutiam</span> <span class='ocrx_word' id='word_1_245' title='bbox 829 3389 944 3464; x_wconf 88' lang='lat' dir='ltr'>secuti,</span> <span class='ocrx_word' id='word_1_246' title='bbox 968 3386 1191 3466; x_wconf 77' lang='lat' dir='ltr'>blasphemum</span> 
     </span>
     <span class='ocr_line' id='line_1_31' title="bbox 84 3484 1196 3572; baseline 0 -20"><span class='ocrx_word' id='word_1_247' title='bbox 84 3491 197 3571; x_wconf 76' lang='lat' dir='ltr'>dopma</span> <span class='ocrx_word' id='word_1_248' title='bbox 219 3491 451 3567; x_wconf 81' lang='lat' dir='ltr'>introducunt,</span> <span class='ocrx_word' id='word_1_249' title='bbox 474 3493 588 3572; x_wconf 89' lang='lat' dir='ltr'>otique</span> <span class='ocrx_word' id='word_1_250' title='bbox 604 3487 808 3566; x_wconf 78' lang='lat' dir='ltr'>&#39;asserentes,</span> <span class='ocrx_word' id='word_1_251' title='bbox 831 3484 935 3551; x_wconf 85' lang='lat' dir='ltr'>Deum</span> <span class='ocrx_word' id='word_1_252' title='bbox 957 3504 1062 3568; x_wconf 87' lang='lat' dir='ltr'>oeque</span> <span class='ocrx_word' id='word_1_253' title='bbox 1083 3489 1196 3552; x_wconf 84' lang='lat' dir='ltr'>oculor</span> 
     </span>
     <span class='ocr_line' id='line_1_32' title="bbox 88 3588 1142 3669; baseline -0.004 -15"><span class='ocrx_word' id='word_1_254' title='bbox 88 3592 219 3667; x_wconf 80' lang='lat' dir='ltr'>hebere,</span> <span class='ocrx_word' id='word_1_255' title='bbox 246 3609 308 3654; x_wconf 87' lang='lat' dir='ltr'>nou</span> <span class='ocrx_word' id='word_1_256' title='bbox 330 3592 537 3668; x_wconf 68' lang='lat' dir='ltr'>nemancos,</span> <span class='ocrx_word' id='word_1_257' title='bbox 560 3608 622 3652; x_wconf 86' lang='lat' dir='ltr'>uon</span> <span class='ocrx_word' id='word_1_258' title='bbox 644 3608 769 3667; x_wconf 86' lang='lat' dir='ltr'>munus,</span> <span class='ocrx_word' id='word_1_259' title='bbox 792 3607 855 3652; x_wconf 91' lang='lat' dir='ltr'>oou</span> <span class='ocrx_word' id='word_1_260' title='bbox 875 3588 1014 3668; x_wconf 86' lang='lat' dir='ltr'>deniqne</span> <span class='ocrx_word' id='word_1_261' title='bbox 1036 3589 1142 3669; x_wconf 87' lang='lat' dir='ltr'>pedes.</span> 
     </span>
     <span class='ocr_line' id='line_1_33' title="bbox 164 3689 1197 3770; baseline 0 -18"><span class='ocrx_word' id='word_1_262' title='bbox 164 3689 285 3755; x_wconf 80' lang='lat' dir='ltr'>«llaec</span> <span class='ocrx_word' id='word_1_263' title='bbox 301 3692 473 3756; x_wconf 85' lang='lat' dir='ltr'>rulerrirua</span> <span class='ocrx_word' id='word_1_264' title='bbox 489 3691 652 3756; x_wconf 79' lang='lat' dir='ltr'>cavillatio</span> <span class='ocrx_word' id='word_1_265' title='bbox 668 3691 825 3770; x_wconf 85' lang='lat' dir='ltr'>plurimos</span> <span class='ocrx_word' id='word_1_266' title='bbox 845 3690 1078 3753; x_wconf 79' lang='lat' dir='ltr'>monachorum</span> <span class='ocrx_word' id='word_1_267' title='bbox 1100 3689 1131 3750; x_wconf 94' lang='lat' dir='ltr'>io</span> <span class='ocrx_word' id='word_1_268' title='bbox 1146 3705 1197 3752; x_wconf 91' lang='lat' dir='ltr'>er-</span> 
     </span>
     <span class='ocr_line' id='line_1_34' title="bbox 87 3789 1197 3872; baseline -0.004 -16"><span class='ocrx_word' id='word_1_269' title='bbox 87 3807 194 3856; x_wconf 90' lang='lat' dir='ltr'>rorem</span> <span class='ocrx_word' id='word_1_270' title='bbox 214 3799 247 3855; x_wconf 89' lang='lat' dir='ltr'>et</span> <span class='ocrx_word' id='word_1_271' title='bbox 268 3791 414 3856; x_wconf 79' lang='lat' dir='ltr'>fraudem</span> <span class='ocrx_word' id='word_1_272' title='bbox 437 3792 578 3872; x_wconf 85' lang='lat' dir='ltr'>abripuit</span> <span class='ocrx_word' id='word_1_273' title='bbox 586 3812 597 3870; x_wconf 79' lang='lat'>3</span> <span class='ocrx_word' id='word_1_274' title='bbox 620 3795 767 3871; x_wconf 85' lang='lat' dir='ltr'>interque</span> <span class='ocrx_word' id='word_1_275' title='bbox 781 3789 854 3854; x_wconf 84' lang='lat' dir='ltr'>illos</span> <span class='ocrx_word' id='word_1_276' title='bbox 876 3791 1023 3855; x_wconf 85' lang='lat' dir='ltr'>intestino</span> <span class='ocrx_word' id='word_1_277' title='bbox 1045 3790 1197 3852; x_wconf 81' lang='lat' dir='ltr'>esuritur</span> 
     </span>
     <span class='ocr_line' id='line_1_35' title="bbox 86 3891 1197 3973; baseline -0.002 -19"><span class='ocrx_word' id='word_1_278' title='bbox 86 3901 119 3955; x_wconf 88' lang='lat' dir='ltr'>ct</span> <span class='ocrx_word' id='word_1_279' title='bbox 139 3896 279 3973; x_wconf 85' lang='lat' dir='ltr'>perceris</span> <span class='ocrx_word' id='word_1_280' title='bbox 300 3894 408 3957; x_wconf 91' lang='lat' dir='ltr'>lactio.</span> <span class='ocrx_word' id='word_1_281' title='bbox 441 3891 544 3957; x_wconf 87' lang='lat' dir='ltr'>Porro</span> <span class='ocrx_word' id='word_1_282' title='bbox 564 3893 694 3973; x_wconf 83' lang='lat' dir='ltr'>quidem</span> <span class='ocrx_word' id='word_1_283' title='bbox 717 3893 942 3973; x_wconf 87' lang='lat' dir='ltr'>perspicaciori</span> <span class='ocrx_word' id='word_1_284' title='bbox 964 3900 996 3954; x_wconf 89' lang='lat' dir='ltr'>et</span> <span class='ocrx_word' id='word_1_285' title='bbox 1017 3900 1129 3972; x_wconf 85' lang='lat' dir='ltr'>operto</span> <span class='ocrx_word' id='word_1_286' title='bbox 1150 3891 1197 3952; x_wconf 91' lang='lat' dir='ltr'>io-</span> 
     </span>
     <span class='ocr_line' id='line_1_36' title="bbox 90 3991 1196 4076; baseline -0.003 -20"><span class='ocrx_word' id='word_1_287' title='bbox 90 3993 221 4057; x_wconf 88' lang='lat' dir='ltr'>tellcclu</span> <span class='ocrx_word' id='word_1_288' title='bbox 243 3997 403 4076; x_wconf 80' lang='lat' dir='ltr'>praediti,</span> <span class='ocrx_word' id='word_1_289' title='bbox 430 4014 493 4058; x_wconf 91' lang='lat' dir='ltr'>noo</span> <span class='ocrx_word' id='word_1_290' title='bbox 514 4013 548 4058; x_wconf 87' lang='lat' dir='ltr'>se</span> <span class='ocrx_word' id='word_1_291' title='bbox 569 3995 714 4060; x_wconf 87' lang='lat' dir='ltr'>sioebunt</span> <span class='ocrx_word' id='word_1_292' title='bbox 733 3995 795 4058; x_wconf 88' lang='lat' dir='ltr'>huc</span> <span class='ocrx_word' id='word_1_293' title='bbox 828 3993 1005 4074; x_wconf 83' lang='lat' dir='ltr'>impostore</span> <span class='ocrx_word' id='word_1_294' title='bbox 1028 3991 1143 4056; x_wconf 86' lang='lat' dir='ltr'>obduci</span> <span class='ocrx_word' id='word_1_295' title='bbox 1165 3991 1196 4053; x_wconf 90' lang='lat' dir='ltr'>iu</span> 
     </span>
     <span class='ocr_line' id='line_1_37' title="bbox 90 4091 1196 4179; baseline -0.003 -22"><span class='ocrx_word' id='word_1_296' title='bbox 90 4093 258 4176; x_wconf 79' lang='lat' dir='ltr'>fraudem;</span> <span class='ocrx_word' id='word_1_297' title='bbox 282 4100 361 4176; x_wconf 82' lang='lat' dir='ltr'>quin</span> <span class='ocrx_word' id='word_1_298' title='bbox 383 4099 490 4179; x_wconf 85' lang='lat' dir='ltr'>potios</span> <span class='ocrx_word' id='word_1_299' title='bbox 511 4091 659 4160; x_wconf 84' lang='lat' dir='ltr'>Dioscuri</span> <span class='ocrx_word' id='word_1_300' title='bbox 681 4094 829 4176; x_wconf 89' lang='lat' dir='ltr'>discipuli</span> <span class='ocrx_word' id='word_1_301' title='bbox 851 4095 1035 4174; x_wconf 75' lang='lat' dir='ltr'>origenteno</span> <span class='ocrx_word' id='word_1_302' title='bbox 1056 4092 1196 4174; x_wconf 77' lang='lat' dir='ltr'>dogmati</span> 
     </span>
     <span class='ocr_line' id='line_1_38' title="bbox 88 4190 1197 4278; baseline -0.002 -20"><span class='ocrx_word' id='word_1_303' title='bbox 88 4197 203 4260; x_wconf 79' lang='lat' dir='ltr'>morosi</span> <span class='ocrx_word' id='word_1_304' title='bbox 223 4205 307 4260; x_wconf 83' lang='lat' dir='ltr'>snut</span> <span class='ocrx_word' id='word_1_305' title='bbox 326 4196 441 4262; x_wconf 82' lang='lat' dir='ltr'>l’lnreo</span> <span class='ocrx_word' id='word_1_306' title='bbox 462 4206 570 4264; x_wconf 83' lang='lat' dir='ltr'>cotem</span> <span class='ocrx_word' id='word_1_307' title='bbox 586 4204 699 4278; x_wconf 89' lang='lat' dir='ltr'>utpote</span> <span class='ocrx_word' id='word_1_308' title='bbox 720 4195 945 4277; x_wconf 84' lang='lat' dir='ltr'>simpliciores,</span> <span class='ocrx_word' id='word_1_309' title='bbox 963 4203 995 4256; x_wconf 91' lang='lat' dir='ltr'>et</span> <span class='ocrx_word' id='word_1_310' title='bbox 1015 4190 1197 4274; x_wconf 78' lang='lat' dir='ltr'>flagrantio-</span> 
     </span>
    </p>
   </div>
   <div class='ocr_carea' id='block_1_7' title="bbox 0 0 1515 4934">
    <p class='ocr_par' dir='ltr' id='par_1_7' title="bbox 0 0 1515 4934">
     <span class='ocr_line' id='line_1_39' title="bbox 0 0 1515 4934; baseline 0 0"><span class='ocrx_word' id='word_1_311' title='bbox 0 0 1515 4934; x_wconf 95' lang='lat' dir='ltr'> </span> 
     </span>
    </p>
   </div>
  </div>
 </body>
</html>
