3066 4950
328 458 550 545 proesentibns
566 463 712 539 quatuor
732 454 929 539 patriarchis
941 459 1005 522 etc.
1021 453 1145 532 «Quae
1164 455 1272 520 omnia
1286 460 1318 519 et
1337 455 1438 534 singu·

327 565 359 628 la
383 563 462 625 ialsa
484 567 570 630 sunt.
594 557 801 638 Distinguens
822 558 905 622 enim
927 556 1071 639 Cprillns
1092 557 1128 618 de
1151 555 1395 636 proeminentia
1413 565 1438 616 et

327 659 526 730 reitircrioae
542 659 675 741 Evagrii
690 659 861 744 etllidpmi
878 659 1008 740 placita,
1026 659 1155 723 videtur
1167 659 1208 722 ab
1226 659 1275 722 bis
1289 657 1437 737 opinioni·

327 766 388 832 bus
403 765 583 830 excludere
597 763 785 843 Origeoernr
803 781 878 829 cunr
892 762 990 826 uliter
1004 779 1045 825 ox
1062 760 1181 826 inbutis
1195 760 1385 836 fabulando,
1399 757 1438 824 ll

327 869 453 948 rigcnes
474 865 688 930 nominandus
711 865 797 929 inret
817 873 934 931 auctor
949 861 1215 943 praeeminentiae
1229 871 1258 924 et
1271 859 1438 925 restitutio·

327 968 389 1032 nia.
413 967 516 1050 Cujus
539 974 644 1032 tnnrcn
676 967 874 1048 quaestionis
896 968 1044 1046 ignarum
1070 983 1105 1028 ec
1129 962 1262 1044 praebet
1285 961 1437 1047 Cprillns,

324 1071 421 1135 sicuti
437 1071 493 1150 qni
515 1087 589 1134 eum
605 1087 645 1134 eo
659 1068 896 1136 contenderunt
912 1068 1070 1135 adversus
1084 1075 1311 1148 praesumptos
1332 1063 1439 1144 Orige-

325 1171 374 1236 nis
395 1189 541 1236 errores·
790 1231 793 1238 ,
1033 1233 1038 1240 ,

405 1271 573 1347 Similiter,
589 1269 784 1336 Theodorus
800 1283 1057 1351 mopsuestenus,
1073 1289 1171 1353 quem
1185 1273 1241 1337 htc
1254 1271 1371 1336 citarit
1385 1267 1439 1355 Cp·

326 1373 422 1436 nillus
445 1373 476 1435 in
497 1370 627 1454 Synodo
652 1370 698 1440 V..
713 1373 915 1450 damnatum,
945 1391 1008 1438 non
1031 1373 1087 1438 ille
1116 1372 1298 1438 intenditur
1317 1373 1439 1454 priscos

326 1472 520 1544 Theodorus
542 1473 685 1540 Nestorii
708 1478 861 1554 magister
889 1493 1006 1540 resera
1029 1478 1060 1538 in
1081 1493 1120 1540 eo
1141 1475 1289 1542 Concilio
1313 1475 1438 1540 damna·

326 1585 379 1644 tus
395 1595 458 1643 une
474 1595 550 1642 cnm
565 1575 711 1658 Epistola
728 1579 768 1642 ad
792 1577 909 1642 llarim
934 1579 1078 1653 Persam,
1092 1587 1125 1642 et
1145 1575 1347 1642 Theodoreti
1362 1575 1440 1640 Scri·

325 1679 401 1762 ptis.
422 1677 485 1758 Sed
507 1676 718 1745 Theodorum
741 1689 1005 1759 mopsuestenum
1027 1679 1177 1744 contudit
1196 1697 1272 1744 com
1294 1675 1438 1742 Theodo

324 1798 365 1845 ro
386 1777 503 1845 decide
526 1777 705 1844 Caesareae
727 1778 950 1860 Cappadociae
973 1789 1050 1846 tunc
1070 1780 1236 1861 episcopo,
1256 1796 1360 1858 qncrn
1380 1775 1439 1840 ori·

197 1897 199 1902 ’
325 1881 483 1962 genistam
505 1879 594 1955 iecit,
610 1899 648 1944 nc
670 1881 744 1944 ideo
765 1883 797 1945 in
818 1882 886 1962 ipsa
908 1881 1038 1964 Specdo
1059 1869 1370 1946 anathematizatum
1393 1896 1438 1942 so·

324 1982 469 2048 mutavit.
494 1981 535 2048 lit
555 1981 687 2063 quidem
709 1981 824 2066 Cyrilli
840 1984 950 2047 illusio
966 1990 1066 2065 petet,
1088 1985 1114 2046 si
1130 1982 1344 2048 conterantur
1357 1997 1438 2062 ane

324 2092 418 2149 antec
439 2084 471 2149 in
491 2101 523 2146 n.
542 2082 592 2150 88.
608 2087 720 2148 scribit
741 2083 780 2146 de
796 2082 927 2148 Gelasio
942 2083 1254 2165 Constantinopolim
1276 2082 1439 2165 proiectu·

326 2205 387 2250 ro:
403 2204 507 2268 quurn
531 2187 713 2252 valedicens
735 2187 882 2268 patribus
903 2185 1068 2252 Maximae
1090 2186 1284 2264 ccursant
1306 2204 1364 2250 eos
1383 2189 1437 2250 aits

222 2365 229 2378 x
325 2287 444 2354 «Ecce
466 2299 574 2370 patres
593 2289 689 2371 juxta
711 2289 897 2370 petitionem
921 2298 1060 2354 vestram
1081 2288 1272 2370 proficiscor
1287 2285 1437 2356 Constan-

329 2391 511 2470 tiuopclimp
528 2409 586 2456 nec
607 2409 693 2471 quae
713 2391 744 2456 in
768 2391 881 2454 itincre
899 2393 977 2455 milri
995 2399 1153 2457 eventura
1173 2397 1261 2468 sunt,
1276 2389 1357 2458 scio.
1377 2388 1438 2453 Vns

326 2492 438 2580 ituque
458 2492 616 2568 obtestor,
635 2500 671 2562 ut
693 2497 852 2564 neminem
874 2511 1004 2568 eornm,
1019 2493 1076 2576 qni
1097 2491 1273 2559 Theodoro
1293 2509 1439 2572 mopsue-

324 2601 416 2658 steno
427 2593 617 2668 adhaerent,
633 2595 745 2662 sinatis
768 2595 935 2660 vobiscum
951 2613 1084 2660 manere
1098 2613 1174 2660 curn
1188 2597 1229 2658 sit
1244 2594 1436 2658 haereticus.

325 2691 595 2776 Quandoquidem
623 2701 754 2782 sanctus
786 2713 919 2778 quoque
949 2704 1042 2778 pater
1069 2705 1179 2760 noster
1205 2694 1328 2762 &unas
1356 2697 1438 2759 huuc

326 2813 401 2860 cunt
416 2794 557 2875 Origene
571 2792 831 2862 alioruinabatur.
848 2797 902 2863 lle
917 2816 997 2862 reso
1015 2799 1155 2876 maxime
1176 2799 1332 2880 poenitet,
1354 2793 1436 2877 qnod

325 2897 438 2962 lileello
458 2897 718 2978 subscripserim,
740 2900 797 2980 qui
819 2917 837 2963 a
857 2901 1024 2967 monachis
1046 2899 1157 2966 Ercmi
1175 2901 1276 2982 juxta
1303 2903 1437 2982 patriar·

326 2997 406 3059 clrao
428 2998 628 3076 mandatum,
651 3000 724 3063 idco
747 2999 856 3064 iactus
878 3009 940 3075 est,
962 3009 999 3065 ut
1019 3003 1058 3078 is,
1080 3017 1288 3084 nequaquam
1310 3001 1437 3065 anatlie-

326 3100 548 3164 natizaretur.
572 3099 806 3166 Verumtamen
837 3099 937 3178 licus,
961 3103 1018 3184 qui
1040 3102 1207 3168 Ecclesiae
1226 3121 1308 3168 snae
1328 3119 1434 3166 enrtn

324 3201 420 3279 gerit,
442 3201 590 3266 tinellum
606 3221 669 3266 non
686 3203 812 3268 admitti
828 3205 993 3285 previdit:
1010 3206 1116 3286 ipsnrn
1133 3221 1213 3272 roro
1228 3202 1432 3272 Tneodosnn

323 3301 527 3366 anathemato
548 3305 674 3383 percuti
698 3305 802 3370 soluit
823 3315 919 3372 etc.»

407 3401 457 3466 lix
475 3422 540 3485 qna
557 3405 770 3482 allocutione,
787 3407 842 3470 ubl
858 3406 964 3474 dictus
978 3405 1128 3475 Gelasins
1143 3407 1289 3490 appellnt
1300 3405 1341 3470 ed
1355 3405 1436 3472 satis·

287 3495 294 3518 '
325 3502 513 3582 lectionem,
537 3524 636 3585 quem
658 3508 854 3588 origenistae
874 3510 1097 3577 submiserunt
1111 3511 1317 3593 patriarchae
1337 3510 1435 3574 hiero

325 3605 534 3690 solymitano,
553 3617 589 3670 ut
608 3608 794 3674 solveretur
815 3611 985 3676 anathema
1007 3613 1039 3674 in
1060 3614 1146 3693 ipsus
1163 3612 1302 3694 iactum,
1319 3613 1351 3676 in
1371 3611 1434 3692 qui·

328 3709 390 3770 sub
421 3707 631 3790 Theodorum
660 3710 823 3787 decidam,
849 3715 1061 3795 consequitur
1079 3714 1255 3800 Cpriltum,
1280 3733 1345 3780 una
1366 3729 1433 3778 cun

325 3803 457 3874 Gelasio
472 3808 682 3878 'luendorum
698 3822 961 3896 mopsuestenum
977 3815 1161 3882 comedisse
1175 3835 1250 3884 curn
1267 3815 1434 3880 Theodoro

328 3913 480 3993 episcopo
497 3911 762 3988 Caesareanum
783 3933 857 3980 cnm
878 3916 1146 4000 alteroojusdcm
1166 3919 1304 3986 nominis
1317 3927 1350 3984 et
1365 3927 1434 3983 tune

325 4011 464 4082 virente.
480 4013 522 4081 Et
543 4017 604 4082 hoc
627 4016 706 4082 vidit
726 4035 860 4100 qnoque
880 4018 1038 4102 Caninius.
1053 4019 1178 4102 Stupor
1197 4030 1309 4087 autem
1329 4023 1361 4084 in
1381 4037 1431 4082 nn·

323 4112 371 4178 bie
397 4118 555 4198 augescit,
577 4119 709 4200 quando
730 4120 874 4205 Cprillus
896 4139 926 4184 n.
949 4120 1000 4188 id.
1024 4131 1185 4189 memoret
1207 4122 1378 4188 Leontion
1402 4127 1430 4182 et

237 4211 242 4218 '
322 4209 533 4284 Theodorum
568 4228 830 4302 mopsuestenum
853 4224 885 4288 in
906 4223 1018 4288 cadem
1041 4224 1292 4304 origenistarum
1313 4221 1427 4290 marni
