3066 4950
316 351 507 518 &netues
539 470 598 518 uec
631 459 681 518 eet
713 455 847 531 mirum,
877 453 1054 538 Gyrillum,
1075 461 1133 521 aut
1153 457 1249 536 alios,
1281 457 1368 524 uude
1399 477 1434 524 ea

315 556 400 624 dicte
421 557 481 622 iste
501 555 675 638 decerpsit,
707 557 894 638 praelatum
918 559 1027 623 virum
1048 557 1146 623 sicuti
1166 567 1200 624 et
1221 567 1348 625 ceteros
1370 580 1434 624 mo·

315 658 436 724 neobos
455 657 610 722 conviciis
630 658 675 723 ita
696 658 903 737 contudisse;
926 677 1003 724 cum
1028 659 1187 724 nemiuem
1208 660 1311 725 lateat
1330 679 1371 726 ex
1393 664 1434 724 ci·

315 760 389 826 tatis
410 759 537 826 Leontii
556 759 662 837 libris,
684 760 790 842 ipsum
811 757 987 824 Tbeoioro
1008 769 1237 841 mopsuesteno
1258 761 1431 826 admotum
1530 809 1531 836 ,

316 879 386 928 oeae
408 860 631 938 adversatum,
663 879 806 940 suusque
831 867 1000 943 perpetuo·
1023 860 1139 942 impias
1168 861 1354 928 confutasse
1381 862 1432 926 do·
1530 921 1531 928 ,

302 963 450 1040 ctriuas,
466 962 604 1044 eiusque
619 971 791 1043 patronos:
813 971 936 1028 etcum
950 965 1083 1045 iusuper
1104 963 1135 1027 iu
1150 961 1248 1028 Libro
1262 962 1322 1028 lli.
1338 983 1369 1027 ιι.
1382 957 1427 1032 lb.
1530 993 1531 996 ¹

315 1063 404 1130 baud
428 1065 651 1144 minuspotet,
666 1066 763 1128 sicuti
784 1074 818 1128 et
838 1066 889 1130 aut
915 1065 1106 1142 adversarii,
1130 1065 1211 1130 laisa
1232 1065 1427 1146 dogmatain

315 1270 423 1349 ipsum
443 1276 637 1348 prosecutus
659 1268 773 1332 inisset
798 1264 1075 1348 Tbaomaturpus.

398 1369 447 1434 lta
468 1387 571 1448 eane,
595 1377 706 1451 postea
727 1387 826 1451 quam
847 1368 965 1451 cyrilli
987 1371 1071 1435 licta
1105 1371 1163 1452 qni
1188 1372 1355 1452 speciatim
1377 1372 1429 1437 bu·

315 1471 371 1554 ina
392 1471 546 1551 temporis
573 1472 743 1536 historiam
765 1471 933 1546 discurrit,
958 1489 997 1536 ac
1015 1473 1114 1538 simul
1134 1490 1186 1552 ea,
1208 1491 1295 1555 quae
1308 1473 1429 1559 Syneis

316 1575 448 1655 quintae
469 1581 728 1654 praecesserunt,
754 1574 806 1636 rel
827 1577 860 1638 iu
880 1577 947 1656 ipsa
975 1574 1131 1652 discussa,
1153 1583 1212 1640 aut
1231 1582 1309 1639 suut
1326 1576 1429 1640 subse·

315 1682 405 1753 cute,
427 1678 578 1756 exposui,
593 1693 687 1740 nemo
709 1693 772 1739 uon
795 1677 895 1752 ridet,
909 1686 1069 1758 quantum
1090 1678 1191 1758 ipsius
1211 1678 1359 1742 narratio
1379 1677 1429 1741 ab·

314 1778 358 1840 sit
375 1789 397 1840 a
417 1778 534 1844 ceteris
565 1779 902 1859 praeclarissimorum
924 1789 957 1840 et
987 1779 1264 1844 sanctissimorum
1288 1779 1428 1843 virorum

316 1880 519 1956 testimoniis,
541 1887 599 1944 ant
616 1882 720 1944 satius
732 1881 880 1960 iuquam,
897 1899 915 1942 a
931 1881 1059 1944 sincera
1076 1879 1243 1946 Ecclesiae
1262 1881 1429 1946 traditione

189 1222 192 1228 .
314 1183 375 1234 sua
388 1167 510 1249 scripta
531 1166 750 1231 introduxisse
764 1165 952 1246 Origouem,
969 1169 1119 1248 quamvis
1140 1167 1271 1234 infinitis
1284 1169 1428 1234 laudibus
1530 1227 1531 1254 ἒ

258 2059 260 2062 ,
316 1982 405 2048 eirca
428 1981 703 2064 baocSpoodum:
722 1982 777 2046 ubi
799 1981 839 2045 (le
862 1984 965 2046 tribus
979 1982 1152 2064 Capitulis,
1169 1985 1309 2065 praeriis
1329 1984 1430 2065 dispu-
1530 2031 1531 2038 ι

316 2083 493 2149 tatioulbna
523 2086 563 2148 ad
585 2084 698 2150 lenem
721 2086 790 2150 iere
812 2103 912 2149 annos
945 2085 1189 2167 persistentibus
1219 2103 1337 2167 magno
1360 2086 1430 2150 tile·

317 2185 400 2251 lium
424 2185 592 2263 scandalo,
612 2177 723 2253 actum
745 2194 793 2250 ast
817 2205 834 2250 a
859 2190 974 2269 quavis
1002 2188 1137 2276 seorsim
1158 2189 1360 2268 quaestione.
1382 2185 1430 2249 iii·

315 2291 352 2352 xi
371 2289 649 2354 sanctissimorum
672 2291 820 2354 virorum
843 2289 1045 2366 testimoniis,
1062 2297 1096 2352 et
1115 2289 1246 2370 quidem
1266 2286 1364 2370 iure:
1381 2281 1430 2351 n-

318 2389 415 2470 gilins
442 2408 585 2471 namque
605 2388 706 2471 Papa,
737 2390 888 2470 Pelagius
909 2388 934 2452 l.
960 2390 1111 2471 Pelagius
1134 2387 1175 2453 ll.
1204 2409 1231 2454 s.
1254 2387 1428 2471 Gregorius

263 2569 266 2576 Ι
320 2488 473 2572 Magnus,
488 2490 608 2573 singuli
628 2491 668 2556 (le
689 2491 809 2574 synoti
825 2489 864 2555 V.
880 2491 1084 2556 adunationis
1097 2507 1196 2554 causa
1218 2491 1335 2566 locuti,
1356 2506 1429 2553 uua·

319 2593 450 2658 nimiter
469 2592 603 2672 limpide
626 2609 666 2658 ac
689 2591 829 2656 tirmiter
854 2595 960 2656 testati
979 2601 1067 2668 snut,
1091 2591 1152 2656 tria
1176 2590 1328 2672 Capitale
1349 2591 1430 2655 bunc
1530 2635 1531 2692 ἢ

318 2711 514 2774 provocasse
528 2695 756 2774 episcoporum
772 2701 916 2770 coetum,
932 2704 964 2759 et
979 2711 1039 2776 por
1051 2693 1181 2758 eosdem
1197 2695 1360 2758 damnata.
1376 2692 1430 2758 Ju-

319 2797 477 2861 sliuiuuua
496 2797 688 2879 imperator,
721 2795 905 2883 Eutychiae
939 2797 1125 2876 patriarcba
1159 2795 1246 2860 bautl
1269 2815 1365 2860 secus
1387 2795 1429 2857 ii·

319 2904 398 2963 cunt
409 2919 421 2979 5
443 2907 477 2963 et
496 2901 689 2980 praesertim
712 2897 838 2983 lllyrici
860 2906 892 2962 et
913 2896 1047 2962 liirtcae
1067 2897 1225 2963 antistitae
1245 2898 1430 2963 corumdem

318 2999 549 3082 Capitulerum
580 3001 766 3067 defensores
797 3012 893 3067 antea
924 3011 957 3064 et
984 3009 1109 3081 postea,
1137 3001 1197 3064 etsi
1228 3002 1430 3065 sebemeuter
1530 3015 1531 3108 }

319 3104 488 3186 mouenti
516 3104 592 3182 siut,
614 3105 760 3186 praelata
794 3110 918 3171 tautum
942 3105 1004 3166 tria
1025 3102 1176 3182 Capitula
1203 3101 1303 3167 luisse
1324 3105 1356 3166 io
1377 3101 1429 3184 Sp·

318 3205 415 3270 uuio
429 3206 578 3272 damuata
599 3212 839 3271 asseverarunt.

399 3305 458 3373 llis
478 3308 590 3390 positis
604 3309 872 3375 luculentissimis
884 3305 1093 3385 testimoniis,
1114 3308 1188 3388 quis
1209 3325 1355 3390 nuquam
1375 3307 1429 3394 Cy·

158 3391 162 3400 ¹
238 3487 243 3503 Ι
319 3409 387 3474 ι1111
416 3412 543 3492 placitis
570 3411 784 3494 obsequetur,
815 3412 950 3493 suisque
974 3409 1180 3474 sermonibus
1204 3408 1344 3474 credet?
1366 3411 1428 3490 qui,

318 3513 398 3580 ium
412 3532 448 3579 ee
468 3513 558 3579 illius
578 3517 650 3580 uest
671 3524 837 3595 pastorum
856 3521 969 3578 testem
987 3519 1094 3588 vocat,
1110 3509 1233 3596 Syuotli
1249 3511 1289 3575 V.
1303 3529 1429 3595 scopum

318 3618 478 3696 attiapene
498 3617 614 3698 inquit,
643 3617 675 3678 in
704 3635 742 3681 ea
763 3614 894 3700 Synodo
916 3613 1084 3677 damnatos
1116 3613 1216 3678 inisse
1247 3607 1428 3695 origenem,

318 3715 511 3799 Evagrium,
528 3717 717 3805 Didymum,
734 3735 917 3797 eorumque
931 3723 1124 3795 sectatorcs3
1146 3733 1184 3778 ac
1204 3717 1337 3782 omnino
1352 3723 1431 3779 trau·

316 3821 450 3903 algaudo
468 3823 544 3886 ellat
570 3825 779 3903 praecipuam
802 3830 902 3902 atque
932 3819 1060 3885 unicam
1081 3819 1306 3899 quaestionem
1328 3835 1429 3882 susce

320 3934 421 4007 ptam,
435 3943 643 4006 summopere
663 3925 841 3989 discussam
857 3941 895 3986 ac
916 3919 1109 3987 delinitam?
1125 3919 1167 3984 Et
1182 3921 1255 4001 quie
1280 3933 1426 4001 umquam

318 4027 513 4106 arbitretur,
525 4026 687 4114 cyrillum
703 4035 780 4091 tuuc
795 4029 970 4100 sinentem,
986 4032 1044 4089 aut
1055 4023 1207 4098 oblitum,
1220 4029 1279 4086 aut
1293 4022 1427 4084 nescium

319 4129 420 4194 luisse
441 4129 540 4212 buius
561 4129 773 4210 quaesticulo,
795 4145 869 4194 cum
891 4137 924 4191 ct
941 4125 1054 4192 Patras
1073 4125 1112 4190 atl
1136 4127 1218 4189 bauc
1239 4129 1426 4188 convocatos
1530 4171 1531 4176 ,

317 4231 484 4317 synodum
506 4233 585 4298 citet
601 4231 790 4312 nonnullos,
814 4231 1010 4314 quibuscum
1030 4247 1066 4298 se
1084 4234 1250 4298 senatum
1271 4243 1340 4293 esse
1358 4215 1425 4287 aitl
