3048 4946
355 498 447 564 nihili
477 497 745 567 chalcedonenses
775 499 887 566 Patres
920 501 1031 568 iecisse
1062 491 1241 582 Epistulam
1273 501 1312 565 ad
1338 499 1455 578 llario,

356 609 563 670 monumenta
591 605 761 672 resolvens
787 606 884 670 incidi
910 607 941 670 io
962 605 1134 671 iustiniani
1164 605 1289 669 litteras
1317 613 1389 687 post
1408 603 1457 689 Sp·

337 699 476 772 ‘nedum
498 705 536 770 V.
558 708 694 788 scriptas
722 707 881 774 adversus
910 709 1084 774 nonnullos
1107 709 1205 772 trium
1238 707 1455 788 Capituloruu

355 817 613 889 propugnatores
628 805 742 889 (Temo
757 808 812 874 lx.
825 809 1045 876 Conciliorum
1060 829 1103 874 ex
1116 809 1264 873 ilditione
1275 808 1374 873 Card.
1391 807 1456 872 Pas·

354 911 454 974 sionei
478 925 509 990 p.
531 907 611 989 635)
643 911 699 975 uhi
720 911 787 976 ait:
815 931 832 972 o
859 910 912 976 Sic
934 913 1045 993 itaque
1071 911 1162 975 vohis
1182 911 1278 974 etiam
1300 927 1400 990 prere
1418 913 1457 972 iu·

355 1010 574 1091 telligcutihus
593 1029 644 1086 ea,
675 1029 762 1092 quae
783 1012 823 1075 ab
845 1011 1010 1077 Ecclesiae
1039 1011 1201 1094 Magistris
1226 1011 1348 1074 tradita
1368 1016 1454 1090 suut;

354 1119 453 1191 atque
474 1131 514 1176 ex
537 1110 652 1177 divinis
674 1111 803 1177 Litteris
823 1113 952 1192 hausta,
974 1115 1113 1178 obscura
1135 1133 1203 1178 esse
1224 1112 1388 1178 ridentur.
1408 1111 1457 1175 dt·

354 1233 420 1297 que
441 1215 521 1279 haec
540 1213 669 1296 quidem
691 1215 731 1279 de
754 1214 808 1279 lha
829 1224 928 1297 atque
950 1217 1046 1296 impia
1067 1217 1124 1280 illa
1147 1215 1291 1296 Epistola
1313 1216 1359 1278 ita
1378 1216 1456 1277 lure·

353 1317 466 1396 stigata
483 1318 515 1378 iu
529 1316 692 1380 nonnullis
706 1315 798 1381 libris
812 1317 1035 1396 reperiuntur.
1058 1317 1149 1384 Scire
1162 1325 1273 1382 autem
1296 1335 1356 1381 ros
1368 1333 1456 1398 opor·

356 1427 402 1480 tet
424 1416 504 1480 heta
533 1433 586 1493 ea,
617 1418 789 1498 inquibus
817 1415 914 1498 impia
937 1420 992 1482 illa
1017 1417 1159 1499 Epistola
1182 1421 1381 1494 continetur,
1401 1413 1456 1508 ὼχ

352 1513 566 1588 ὑποτέτακται
587 1536 649 1582 non
669 1519 814 1600 subjecta
837 1519 936 1586 luisse
957 1521 989 1583 iu
1004 1521 1196 1585 authenticis
1218 1521 1269 1595 iis,
1292 1521 1410 1602 quihus
1427 1539 1454 1583 c·

354 1623 477 1703 piscopi
507 1621 781 1700 subscripserunt.
813 1622 964 1700 Quorum
997 1623 1181 1687 authentica
1203 1623 1404 1703 exemplaria
1428 1625 1454 1687 iu

353 1723 550 1788 sanctissima
574 1710 719 1788 Romana
750 1723 908 1802 Ecclesia,
930 1735 963 1790 et
983 1725 1016 1789 lu
1040 1724 1396 1804 constantinopolitana,
1415 1728 1454 1785 at·

352 1825 575 1908 questionu
594 1845 688 1892 sacro
710 1831 823 1891 nostro
837 1827 958 1908 palatio
979 1831 1106 1892 serrata
1124 1833 1207 1888 sunt.
1224 1823 1387 1900 Quoniam
1408 1823 1454 1902 igi·

353 1935 410 1991 tur
430 1928 633 1992 manifestum
650 1935 709 2005 est,
732 1929 862 2010 impiam
884 1929 973 1991 illam
988 1925 1164 2008 Epistulam
1187 1927 1274 1989 omui
1296 1925 1453 2006 iniquitate

353 2027 523 2104 refertam,
544 2029 728 2110 sanctisque
749 2023 862 2094 sacrae
883 2030 1145 2094 chalcedonensis
1161 2027 1287 2114 synodi
1309 2027 1453 2090 delinitio

353 2128 449 2193 nibus
465 2129 644 2208 adversari3
663 2130 826 2210 reliquum
841 2136 901 2207 est,
919 2137 955 2196 ut
969 2131 1026 2213 qui
1047 2131 1213 2205 dixerunt,
1229 2129 1331 2210 ipsam
1354 2129 1454 2191 lusan·
1517 2165 1518 2178 τ

353 2235 405 2292 cta
426 2229 671 2294 chalcedonensi
695 2231 826 2316 Synodo
850 2232 1028 2308 contineri,
1055 2231 1076 2294 ii
1097 2249 1160 2294 uon
1182 2229 1279 2294 modo
1301 2230 1453 2310 proprian
1517 2259 1518 2330 p

355 2331 455 2394 tutari
477 2331 630 2394 malitiam
662 2333 748 2395 omni
770 2338 888 2398 conatu
911 2334 986 2397 eniti
1017 2341 1211 2398 censeantur
1220 2351 1232 2411 ;
1256 2349 1372 2395 rerum
1392 2331 1454 2394 iusi·
1517 2333 1518 2340 ’

354 2446 447 2509 poem
477 2449 611 2512 quoque
630 2439 741 2497 sancto
770 2431 914 2500 Concilio
936 2434 1055 2499 iaciant
1085 2434 1249 2516 iujuriam.
1281 2429 1454 2508 Quaecum-

353 2551 419 2614 que
433 2535 516 2596 enim
532 2536 707 2616 approbata
730 2541 830 2616 atque
853 2535 1041 2600 confirmata
1063 2544 1139 2600 suut
1159 2552 1176 2598 a
1196 2541 1375 2598 memorata
1394 2549 1454 2594 sau·

353 2643 404 2698 cta
426 2633 567 2719 Synodo,
585 2655 622 2700 ca
644 2637 750 2701 omnia
774 2638 960 2701 nominatim
978 2638 1008 2700 in
1030 2636 1103 2700 hdei
1125 2635 1312 2699 delinitione
1334 2633 1374 2697 ah
1393 2635 1451 2711 ipsa

355 2738 471 2802 tradita
488 2739 703 2803 continentur.
721 2757 737 2796 a
754 2735 824 2804 llac
839 2757 917 2820 ergo
935 2739 1070 2802 admissa
1088 2737 1260 2802 lustioiani
1276 2734 1454 2799 declaratio

351 2853 404 2910 ue,
427 2839 611 2902 necessario
631 2839 891 2903 concludendum
913 2846 973 2914 est,
995 2837 1035 2915 de
1056 2840 1153 2902 citata
1170 2836 1314 2917 Epistola
1336 2853 1392 2898 uec
1406 2851 1452 2896 ro

351 2936 464 3012 luisse,
488 2957 546 3002 nec
568 2940 711 3018 potuisse
732 2939 853 3020 aliquid
876 2938 1009 3003 delinire
1031 2938 1153 3019 legatos
1173 2938 1377 3019 apostolicos.

437 3037 575 3104 Demum
591 3040 631 3104 de
653 3042 715 3104 hoc
730 3040 900 3106 iustiniani
925 3040 1118 3116 testimonio,
1143 3041 1196 3104 uhi
1217 3042 1251 3104 in
1273 3038 1362 3102 dctis
1381 3034 1452 3101 Con·

354 3140 433 3217 cilii,
449 3140 709 3205 chalcedonensis
725 3141 842 3221 probat
858 3158 920 3203 uon
937 3142 1072 3221 reperiri
1089 3144 1328 3220 praesumptam
1340 3135 1453 3217 Episto

353 3241 434 3320 lano,
448 3242 645 3323 compellans
666 3242 740 3306 ideo
754 3241 793 3305 ad
810 3242 908 3323 hujus
924 3239 1059 3306 Concilii
1074 3241 1274 3322 exemplaria
1295 3241 1327 3302 iu
1349 3236 1454 3301 Roma·

353 3363 414 3408 nae
435 3343 610 3409 Ecclesiae·
623 3343 775 3409 archiviis
798 3343 955 3426 deposlta,
978 3344 1073 3407 valde
1094 3342 1225 3424 prodest
1245 3341 1333 3424 qaod
1354 3337 1452 3402 dehis

353 3445 597 3527 exemplaribus
618 3445 730 3510 scribit
751 3465 776 3509 s.
801 3445 867 3510 Leo
891 3443 977 3526 Papa
998 3445 1031 3508 iu
1052 3444 1187 3526 epistole
1215 3440 1268 3508 56.
1290 3439 1330 3504 ad
1361 3436 1454 3503 lulit-

356 3563 433 3610 uum
455 3549 641 3628 episcopum
664 3564 833 3611 coensem:
850 3565 867 3609 n
885 3546 1045 3624 Quoniam
1060 3552 1246 3628 suspectum
1269 3543 1384 3618 haheo,
1403 3539 1452 3610 sit·

355 3648 444 3729 quod
464 3649 506 3712 dc
526 3649 596 3731 ejus
613 3655 705 3713 textu
727 3647 855 3712 nullum
877 3664 1022 3729 unquam
1041 3646 1202 3730 judicium
1223 3643 1389 3710 reddidisti
1408 3657 1454 3720 ge

353 3757 480 3813 storum
502 3749 720 3835 synodalium,
750 3766 835 3830 quae
856 3749 1004 3813 omuibus
1035 3748 1149 3812 diebus
1169 3745 1298 3812 concilii
1318 3746 1350 3809 iu
1377 3740 1454 3808 chal·

352 3851 524 3915 cedoueust
560 3851 690 3916 civitate
711 3850 855 3915 conlecta
877 3861 964 3924 sunt,
997 3867 1113 3932 parum
1134 3848 1224 3913 clara
1254 3843 1387 3928 propter
1403 3843 1455 3906 lin·

354 3971 437 4034 guae
457 3953 679 4016 diversitatem
703 3952 790 4033 apud
813 3969 870 4017 uos
892 3953 1032 4018 hahetur
1051 3951 1232 4015 instructio.
1250 3949 1293 4013 lit
1307 3948 1378 4012 ideo
1397 3945 1453 4008 ira·
1517 3953 1518 3960 ’

355 4055 497 4117 tenuitati
520 4061 596 4118 tuae
616 4054 799 4134 specialiter
819 4053 964 4136 iniungo,
987 4062 1024 4118 ut
1043 4053 1076 4116 in
1098 4069 1201 4118 uuum
1231 4051 1373 4117 codicem
1393 4045 1454 4110 uui-

356 4173 447 4218 scrsa
472 4153 569 4220 iacias
590 4156 793 4236 congregari,
814 4156 846 4218 lu
866 4155 1004 4220 latinum
1025 4169 1207 4218 sermonem
1229 4151 1450 4216 absolutissime

355 4257 620 4337 interpretatione
643 4259 809 4338 translato,
842 4263 880 4323 ut
901 4257 931 4321 io
953 4257 1045 4322 oolla
1067 4257 1240 4322 hctiooum
1262 4261 1350 4336 parte
1369 4245 1450 4312 duhi·
