2994 4938
304 361 346 430 28

304 467 453 532 omnibus
468 468 694 550 approbamus,
712 468 931 537 custoditurus
951 473 1050 552 atqua
1064 465 1292 534 inuiolabiliter
1310 483 1403 531 sema·

307 577 412 647 turos,
428 568 496 634 Deo
517 581 628 637 nostro
653 571 847 654 profitemur
859 583 1005 636 numere.
1030 571 1186 636 Omnibus
1210 571 1319 650 igitur,
1334 585 1406 649 quae

308 670 465 752 professio
489 679 594 736 restra
617 673 771 749 continet,
795 673 825 734 in
846 691 904 735 sua
928 673 1111 752 perenniter
1132 671 1281 736 firmitate
1301 670 1405 731 duran-

307 772 405 848 tibus,
428 774 573 854 poposcit
587 779 693 836 restra
716 773 913 849 fraternitas,
935 780 973 836 ut
993 774 1085 836 nobis
1100 771 1360 854 praesidentibus,
1374 769 1406 830 de

213 933 224 948 ,
307 874 412 938 tribus
432 871 603 956 Capitulis,
626 874 808 955 exquibus
830 877 977 955 quaestio
998 883 1070 938 nata
1092 881 1162 952 est,
1183 873 1244 936 sub
1266 871 1408 950 tranquil·

305 975 398 1040 litate
418 985 451 1040 et
469 977 662 1043 sacerdotali
684 977 941 1052 mausuetudine,
956 977 1073 1040 sanctis
1091 975 1262 1057 propositis
1279 971 1409 1050 Euange-

305 1077 357 1142 iiie
379 1079 589 1156 conferatur,
622 1086 653 1144 et
676 1079 746 1142 finis
767 1079 947 1160 quaestioni
968 1079 1027 1158 ipsi
1048 1077 1117 1142 Deo
1137 1076 1276 1158 placitus
1296 1080 1329 1138 et
1346 1089 1409 1136 cun·

307 1181 437 1244 venicus
458 1181 507 1256 iis,
531 1197 615 1260 qnae
629 1181 856 1264 amenaoratis
877 1179 993 1244 sanctia
1010 1185 1155 1260 quatuor
1175 1175 1326 1242 conciliis
1345 1171 1410 1236 ded·

307 1283 372 1344 nita
392 1292 479 1357 sunt,
503 1282 699 1361 imponatur:
718 1290 754 1347 ut
774 1283 860 1344 omni
882 1282 922 1344 de
944 1281 1048 1346 medio
1069 1280 1263 1344 dissensione
1283 1277 1409 1350 sublata,

307 1399 392 1464 qnae
407 1383 447 1445 ab
471 1383 590 1448 eisdem
612 1390 760 1464 quatuor
781 1382 898 1448 sanctis
909 1383 1044 1467 synodis
1064 1381 1194 1446 definita
1213 1389 1302 1454 snut,
1315 1381 1407 1442 incon·

306 1501 397 1549 cusan
419 1491 604 1562 narrentur,
630 1483 819 1550 earumdem
841 1482 1045 1570 synodorum
1068 1483 1247 1549 reverentia
1269 1482 1303 1546 in
1322 1477 1410 1571 omui·

306 1585 367 1648 bna
387 1585 557 1650 custodita.

389 1685 524 1761 «Quam
546 1686 777 1766 professionem
793 1694 1002 1768 paternarum
1024 1685 1233 1751 tmditionmu
1247 1695 1411 1750 memorem

306 1794 338 1850 et
356 1802 552 1868 sequacem,
576 1795 639 1850 tam
661 1788 693 1851 fn
724 1788 928 1854 fraternitate
952 1794 1079 1862 restra,
1103 1802 1201 1867 qnam
1221 1785 1252 1846 in
1275 1783 1410 1849 omnibus
1490 1846 1491 1880 ¹

306 1887 421 1951 similia
443 1886 596 1951 confessis
616 1889 963 1969 atqueconfitentibns,
986 1891 1072 1952 omni
1084 1888 1193 1991 laude!
1206 1885 1409 1966 plenissimam

304 1987 542 2070 judicavimus,
575 1995 608 2054 ei
627 1997 754 2055 nostros
774 2007 817 2054 ax
845 2008 881 2053 aa
904 2007 941 2054 re
963 2005 1040 2054 rere
1062 1989 1178 2052 fratrer
1205 1985 1408 2066 apnmcimus.

306 2088 396 2155 Unde
416 2090 542 2152 divinae
561 2089 752 2154 elementiae
772 2089 1015 2170 supplicamus,
1039 2095 1076 2154 ut
1096 2104 1206 2152 omnes
1227 2103 1287 2150 nos
1307 2085 1337 2149 in
1359 2084 1409 2146 bac
1491 2151 1492 2166 χ

306 2191 505 2255 confessione
525 2198 560 2254 et
579 2193 722 2272 paternis
743 2191 968 2255 traditionibus
990 2194 1225 2272 permanentes,
1243 2195 1354 2251 nostro
1371 2182 1410 2243 di·
1491 2181 1492 2190 ’

306 2293 358 2373 gni
379 2294 584 2373 reperiamur
602 2291 721 2368 officio,
734 2299 767 2356 et
786 2294 819 2356 in
839 2293 891 2355 die
912 2293 1009 2356 dtrtnt
1027 2291 1142 2373 judicii
1155 2290 1239 2353 nulii
1259 2283 1409 2370 praecari·

306 2394 422 2457 cationi
438 2379 652 2474 paternarum
672 2394 937 2482 constitutionum
958 2393 1162 2457 inveniamur
1180 2389 1324 2456 obnoxii.
1344 2384 1412 2462 Qni-
1492 2458 1493 2476 χ

307 2495 368 2558 bna
384 2495 427 2557 ita
444 2493 629 2575 praedictis,
644 2496 868 2575 postulationis
886 2501 1010 2558 restrae
1024 2493 1218 2558 desiderium
1234 2503 1413 2572 cognoscen-
1492 2481 1493 2496 ¹

307 2603 356 2659 tes
376 2597 562 2673 annuimus,
578 2604 614 2660 nt
628 2596 668 2661 de
690 2595 794 2660 tribus
819 2593 989 2676 Capitulis,
1005 2613 1047 2660 ex
1067 2596 1186 2676 quibua
1201 2594 1348 2676 quaestio
1365 2605 1412 2650 aa·

308 2703 340 2760 ta
361 2705 421 2774 est,
444 2697 529 2762 facto
542 2699 686 2779 regulari
708 2707 883 2775 conventu,
904 2706 1029 2760 serrata
1052 2697 1228 2778 aequitate,
1246 2695 1355 2759 mediis
1372 2705 1412 2754 ra·

310 2801 488 2863 cresanctis
503 2797 698 2882 branceliis,
713 2799 919 2864 collationem
938 2815 1013 2863 curn
1029 2799 1125 2864 unitis
1141 2797 1297 2863 fratribus
1311 2794 1412 2859 babea-

309 2899 362 2977 tfa,
384 2905 418 2966 et
430 2900 501 2966 tinia
521 2902 620 2966 detur
635 2902 773 2984 placitus
791 2901 872 2980 Deo,
893 2911 926 2967 ot
940 2902 1130 2966 couveniens
1146 2900 1208 2975 bis,
1223 2917 1310 2981 quae
1323 2916 1340 2962 u
1353 2909 1413 2958 aad·

309 3005 370 3068 ctis
390 3008 535 3083 quatuor
548 3011 623 3068 sunt
643 3003 773 3068 definita
788 3003 959 3070 Consiliis:
981 3005 1116 3069 scientes
1136 3004 1265 3082 utique,
1279 2997 1370 3063 sicuti
1387 2997 1413 3055 at

311 3101 491 3168 communia
513 3103 720 3184 professionis
742 3105 924 3170 testimonio
937 3105 1148 3180 declaratur,
1170 3106 1411 3166 memoratarum

310 3201 515 3287 synodorum
539 3205 569 3266 in
590 3206 739 3270 omnibus
761 3210 975 3272 reverentiam
997 3203 1164 3269 custodiri.
1182 3201 1323 3266 Deusta
1341 3199 1415 3262 inco-

309 3302 432 3367 furnum
454 3305 616 3370 custodiat
636 3313 697 3372 ete.
723 3305 852 3390 imperii
874 3289 1117 3373 iustinianinn.
1137 3301 1221 3371 st.»

391 3401 554 3485 Expositis
576 3408 776 3488 nuncusque,
797 3426 883 3488 quae
903 3408 1085 3490 Eutychiae
1118 3421 1181 3470 nna
1203 3420 1279 3468 cnm
1309 3393 1413 3486 spreti

305 3503 465 3596 ‘Patribus
486 3523 547 3588 per
565 3508 691 3574 litteras
728 3510 920 3590 significavit
938 3507 1083 3589 Vigifio,
1105 3514 1137 3571 ct
1158 3523 1243 3586 onae
1266 3503 1414 3568 Romanor

312 3605 462 3676 Pontifex
486 3611 649 3691 rescripsit
670 3610 710 3673 de
733 3611 852 3694 synodi
874 3612 1063 3690 probatione
1085 3617 1118 3672 et
1138 3608 1291 3672 derebus
1311 3607 1341 3668 iu
1360 3603 1416 3683 ipsa

312 3706 544 3785 discutiendis,
571 3711 668 3791 juxta
689 3712 959 3775 documentorum
980 3712 1096 3774 seriem
1118 3709 1269 3789 sequitur
1291 3705 1413 3772 roma.

313 3823 412 3889 qnam
433 3808 634 3874 lastinianus
653 3810 847 3874 recitandam
870 3809 957 3874 dedit
971 3827 1080 3873 coram
1106 3807 1254 3872 Patribus
1276 3807 1308 3868 in
1327 3802 1416 3888 Synn-

314 3908 357 3972 du
381 3910 539 3975 adunatis.
554 3909 648 3988 Quae
669 3915 729 3975 etsi
750 3913 782 3974 in
798 3910 1018 3976 conuitiorum
1039 3911 1179 3974 editione
1193 3911 1302 3972 locnru
1325 3904 1416 3966 teneat

313 4016 387 4074 aute
408 4011 569 4092 praefatas
589 4013 761 4093 epistolam
783 4019 924 4076 attamen
939 4012 981 4074 ab
1001 4011 1146 4092 ciusdem
1164 4007 1300 4074 Formae
1320 4002 1416 4068 lectio·

313 4127 354 4174 ne
374 4112 544 4194 perspicue
564 4115 787 4195 comperitur,
811 4114 892 4176 banc
915 4113 979 4175 titis
1007 4113 1212 4176 subsecutam
1235 4107 1331 4172 fnisse
1349 4100 1415 4167 scri·

314 4212 387 4294 ptis.
410 4210 518 4278 'fenor
538 4231 637 4295 porro
660 4215 759 4297 bujua
781 4211 916 4279 Formae
936 4213 979 4279 ita
1000 4227 1035 4279 se
1056 4211 1172 4276 babet:
