2994 4938
1097 381 1158 452 stt

487 493 725 568 consituto

127 697 256 768 Cunctis
275 701 316 770 ad
338 703 424 767 bunc
443 703 554 767 locum
576 700 735 768 revocatis
756 698 1006 764 discussionibus
1026 701 1113 764 circa
1135 704 1160 765 i·

56 803 174 881 uitium,
196 822 401 887 progressum
422 811 455 868 et
476 804 569 869 finem
582 803 822 885 'oppositionum
843 800 998 865 adversus
1012 801 1160 883 Origenis

55 905 225 968 doctrinam
239 923 381 988 suosque
402 909 669 988 patrocinatores,
685 922 748 968 uon
769 905 831 968 erit
845 903 985 983 amptius
999 903 1161 985 ambigen-

54 1006 125 1070 duus
139 1007 178 1070 de
191 1026 233 1071 ss.
256 1007 425 1090 Epiphanii
440 1017 472 1072 et
486 1007 674 1094 Hieronymi
689 1007 852 1082 illusione,
869 1023 966 1085 quam
982 1006 1065 1086 passi
1085 1011 1162 1072 suni
1217 1013 1224 1028 ⁸

54 1109 84 1172 io
101 1109 246 1191 Origenis
273 1118 307 1174 et
326 1113 574 1192 origenistarum
604 1127 700 1174 causa
722 1109 765 1174 ob
785 1105 955 1189 Theophili
980 1107 1159 1190 perddism:

56 1209 111 1290 ipsi
130 1214 213 1275 enim
236 1215 330 1292 quasi
351 1213 440 1278 cocci
461 1214 502 1276 ab
532 1211 690 1294 Episcopo
714 1210 926 1275 alexandrino
961 1207 1160 1290 manuducti,

54 1312 82 1373 in
95 1313 215 1376 cunctis
236 1316 266 1377 ei
288 1313 518 1390 adhaeserunt,
535 1315 768 1394 iniquissimum
782 1311 865 1376 iliud
886 1310 1054 1375 decretum
1075 1329 1164 1376 com»

57 1411 134 1489 pieri
155 1412 313 1478 adversus
334 1413 497 1494 p'raei'atos
518 1416 605 1478 viros
628 1423 790 1494 tamquam
819 1411 976 1492 dogmatis
996 1411 1161 1476 chrisiiani

57 1531 268 1592 perversores.
292 1513 387 1591 Quod
409 1515 575 1600 decretum
594 1520 641 1580 nti
659 1516 800 1598 juridice
820 1521 852 1578 et
873 1515 1025 1578 canonice
1045 1513 1162 1592 latum,

55 1611 244 1694 Epiphanius
266 1624 299 1679 et
312 1615 530 1702 Hieronymus
552 1617 695 1698 undique
716 1614 1026 1680 acclamarunt.‘lile
1048 1627 1106 1694 par
1119 1613 1164 1677 0»
1195 1689 1200 1700 ,

56 1715 168 1792 rieutis,
184 1720 246 1780 iste
261 1737 321 1799 per
336 1719 519 1784 Occidentis
533 1721 678 1801 regiones
692 1725 936 1800 propagarunt3
954 1717 998 1778 ita
1012 1724 1061 1790 nt,
1077 1725 1159 1794 qnos

56 1811 214 1895 Theophili
236 1819 561 1904 synodica'sententis
586 1821 787 1895 haereticos,
811 1820 926 1898 impios
947 1821 980 1880 ei
1006 1827 1154 1879 exserant

56 1913 106 1976 dos
126 1919 337 2000 nuncuparit,
357 1920 574 2002 undequaque
596 1921 654 2000 ipsi
675 1936 829 2002 persnas
849 1916 1152 2000 epistoius'ecclesis

59 2033 124 2080 rum
144 2036 242 2084 aures
264 2023 499 2102 personuerint.
996 2045 1023 2058 ··
1210 2095 1214 2105 ι

127 2119 280 2184 Attamen
302 2138 384 2199 quos
405 2122 472 2202 ipse
486 2119 685 2200 Theophilus
706 2127 739 2184 et
758 2135 832 2183 cunr
855 2135 894 2183 eo
915 2135 941 2182 s.
964 2113 1163 2198 Epiphanius

58 2223 85 2280 et
97 2235 121 2279 s.
135 2217 357 2304 Hieronymus
377 2222 555 2286 haereticos
571 2222 789 2296 nominarunt,
803 2217 1019 2298 orthodoxam
1036 2217 1165 2297 prolite-

57 2316 166 2382 hsutur
185 2321 381 2386 doctrinam:
397 2341 480 2403 qnos
494 2329 638 2387 errantes
654 2325 912 2401 increpaverunt,
926 2321 1096 2384 veritatem
1120 2327 1165 2384 te·

55 2419 180 2501 nebant3
195 2441 280 2504 qnos
301 2425 348 2487 uti
364 2425 548 2508 hypocritas
570 2432 602 2486 et
623 2423 828 2487 simulatores
851 2423 1055 2496 vellicabant,
1069 2420 1163 2486 iidem

56 2521 203 2587 sinceram
226 2543 269 2588 ex
290 2524 389 2588 eorde
405 2543 614 2604 purocoram
635 2523 705 2588 lieo
723 2524 924 2587 ambulantes
945 2523 1162 2604 possidebantg

57 2639 130 2701 quos
150 2626 280 2705 ignaros
300 2627 353 2688 vcl
373 2625 535 2706 simplices
550 2627 637 2689 viros
658 2625 818 2700 dicebaut,
839 2625 969 2688 scientia
991 2633 1024 2686 ot
1044 2625 1165 2703 sagaci·

57 2729 114 2788 tate
132 2727 162 2788 in
183 2727 331 2791 Ecclesia
347 2729 538 2790 eminebant.
561 2726 651 2803 Quos
672 2727 821 2790 scandala
837 2733 870 2788 et
890 2727 1061 2788 schismata
1081 2738 1165 2788 asso·

57 2826 159 2890 rebant
172 2847 239 2908 ¹per
260 2829 373 2893 orbem
395 2830 731 2893 christianumsercre
745 2835 777 2891 et
796 2828 957 2900 excitare,
971 2825 1164 2890 aedificatio

55 2939 117 2985 nem
131 2927 225 3007 juxta
243 2928 376 2992 Petrum
391 2929 534 2992 instituta
558 2929 804 3009 promovebant,
822 2927 894 2990 iidei
918 2929 1073 2991 unitatem
1095 2935 1163 2992 stn-

57 3023 134 3088 dicse
148 3029 371 3107 providentes.
389 3029 479 3107 Quos
499 3045 618 3110 pravos
639 3029 784 3094 homines
802 3037 836 3092 et
855 3029 979 3110 aspides
995 3023 1164 3092 venenatos

56 3124 211 3207 dixerunt,
235 3130 383 3196 doctrina
404 3139 437 3196 et
460 3131 628 3196 sanctitate
649 3133 785 3212 insignes
806 3129 982 3194 universim
1006 3127 1163 3210 putaban-

56 3229 113 3288 tur.
535 3249 540 3256 ·
861 3227 865 3244 ¹
1140 3243 1143 3252 ·

127 3327 168 3393 Et
188 3332 320 3411 quando
340 3351 366 3396 s.
386 3322 603 3419 Hieronymus
624 3334 669 3398 sit
691 3332 825 3419 hydram
840 3335 871 3398 in
893 3332 1014 3397 mundo
1034 3331 1162 3394 sibilan-

55 3430 123 3504 tem,
144 3431 224 3496 idest
246 3437 494 3515 origenistarum
520 3437 692 3511 haeresim,
723 3435 859 3498 luisses
888 3432 1069 3512 Theophiio
1091 3447 1162 3510 per·

56 3528 181 3608 enisam,
197 3534 314 3598 nullibi
330 3542 434 3600 tamen
449 3537 547 3618 hujus
563 3535 685 3617 hydrae
706 3536 818 3598 sibilus
833 3534 963 3597 auditus
984 3541 1065 3606 erat,
1087 3547 1161 3593 com

55 3628 160 3692 nullibi
181 3635 384 3713 reperiretur
400 3638 481 3699 hanc
502 3629 660 3697 haeresim
675 3651 890 3714 propugnans.
908 3632 1057 3696 Haeresis
1077 3633 1161 3693 enim

56 3734 279 3798 nonachorum
296 3737 496 3800 nitriensium
517 3735 665 3815 Origenis
686 3733 892 3799 defensorum
913 3734 1110 3798 conticiscet
1131 3733 1161 3796 in

58 3843 147 3905 prora
163 3828 334 3915 Theophili
353 3829 602 3917 imagination05
619 3842 651 3898 et
665 3836 706 3896 ab
720 3835 818 3918 hujus
834 3837 1060 3916 imaginatione
1076 3841 1161 3897 tran-

57 3928 128 3993 slata
148 3943 197 3998 est
213 3952 271 4015 per
290 3927 448 4018 epistolas
464 3938 503 4000 ad
520 3955 616 4002 sures
633 3933 820 4022 Hieronymi
843 3944 874 4000 ct
890 3935 1081 4017 Epiphanii:
1105 3935 1160 4014 qni

55 4045 110 4092 uua
131 4051 204 4096 cnm
226 4051 341 4100 corum
362 4038 445 4102 duce
464 4036 645 4118 Theophilo
659 4038 904 4101 conclamarunt
924 4053 1082 4111 errorem,
1106 4033 1160 4096 ubi

56 4143 111 4190 non
130 4141 199 4198 erat
220 4153 336 4218 error3
353 4139 520 4202 vociferati
541 4147 616 4202 sont
637 4137 676 4200 ad
700 4139 871 4215 haeresim,
888 4143 920 4200 ct
942 4139 1085 4200 haeresis
1099 4151 1162 4197 non

55 4237 134 4297 crat:
157 4237 228 4302 zelo
249 4239 494 4308 excanduerunt
510 4243 541 4305 in
562 4239 674 4324 impios
693 4238 841 4320 Origenis
862 4247 1061 4316 sectatores;
1078 4243 1158 4300 atta·
