2994 4938
310 469 383 542 posl
405 467 563 538 mortem,
585 463 646 528 οι·
638 478 670 525 m
689 459 790 526 seems
812 457 971 542 diptychis
992 441 1245 538 scripserunt..
1262 453 1329 518 .El
1348 470 1413 534 qno·

310 565 396 626 niem
418 571 631 643 praesumunt
650 562 782 643 qnidam
802 559 923 632 dicere,
937 569 970 622 et
989 558 1179 639 Epinoion,
1199 573 1285 638 qnae
1306 555 1492 635 praeli·
1491 581 1492 640 p

309 676 394 729 clena
416 665 612 744 impietatem
633 665 796 738 continet,
819 673 1002 740 susceptam
1022 679 1092 724 esso
1112 679 1132 724 a
1152 672 1264 724 saeclo
1283 657 1413 724 Concilio
1491 643 1492 670 ¹

310 765 567 844 chalcedonensi,
588 765 760 830 hortamur
775 781 831 828 ros
846 763 995 827 sonlerro
1015 780 1068 835 ea,
1083 780 1168 842 qnae
1185 769 1263 826 sunt
1278 761 1361 824 tissa
1379 758 1412 820 ai

309 865 423 930 eodem
438 875 548 931 sancto
570 865 714 932 Concilio
729 867 760 927 in
786 863 970 928 delinitione
990 882 1051 943 pro
1080 863 1141 928 title
1161 862 1322 944 exposita,
1353 877 1413 924 cun

307 965 358 1028 lais
372 983 456 1046 qnae
471 966 501 1028 in
517 966 613 1047 impia
628 963 771 1045 Epistola
793 964 1012 1039 continentur,
1035 973 1072 1028 nt
1086 964 1230 1044 undique
1244 969 1333 1028 recta
1355 965 1413 1044 qui·

310 1067 383 1130 dom
406 1067 764 1147 confirmentur,:isnple
786 1075 895 1130 autom
917 1065 1171 1130 condemnentur
1191 1072 1286 1130 etc.»
1492 1049 1493 1070 ¹

387 1167 522 1243 Collatia
543 1170 770 1248 interimquae
791 1169 1017 1246 episcoporum
1040 1168 1168 1230 nomine
1187 1167 1301 1232 scribit
1321 1165 1415 1248 Euty·

308 1271 402 1336 obius
422 1271 461 1332 al
485 1266 653 1349 Vipilium,
671 1287 756 1350 quae
771 1271 889 1333 lsorsm
912 1269 1066 1332 instantiis
1089 1268 1254 1348 respondit
1274 1267 1373 1347 l’apa,
1389 1275 1415 1328 st

310 1389 396 1451 qnae
423 1368 624 1434 lastinianus
652 1370 937 1450 praedecessorum
963 1387 1101 1432 snorum
1132 1369 1265 1448 vestigia
1290 1363 1416 1432 sectatos

309 1471 492 1538 monifestat
507 1472 538 1532 in
548 1486 606 1534 sus
621 1470 759 1548 piissima
775 1469 891 1534 Formo
902 1486 1012 1534 coram
1024 1469 1155 1553 Synodo
1168 1473 1314 1544 scollata,
1325 1471 1416 1532 cerni·
1493 1467 1494 1504 ³

312 1582 345 1634 ιο
367 1572 464 1652 quale
487 1571 642 1651 Principis
661 1573 819 1644 studium,
841 1580 874 1634 ot
900 1573 999 1650 quale
1019 1573 1198 1636 antistitum
1218 1571 1417 1636 ecclesiarum

311 1673 503 1754 obsequium
518 1689 596 1751 erpa
606 1670 788 1736 Romanum
800 1672 1001 1752 l'ontilicem3
1015 1692 1033 1736 e
1046 1673 1140 1754 cujus
1155 1691 1214 1736 ore
1228 1673 1346 1752 singuli
1357 1687 1418 1751 pen

311 1774 441 1848 dobant,
463 1791 481 1836 a
506 1773 602 1853 cnjus
623 1771 773 1838 mandato
794 1775 949 1838 recedere
971 1774 1059 1838 netas
1080 1775 1240 1839 arbitrati.
1271 1774 1321 1837 llo
1348 1775 1419 1836 insu·

309 1890 371 1954 per
392 1873 512 1947 videas,
535 1873 634 1954 lsnjus
654 1873 789 1938 concilii
811 1876 1011 1953 potissimum
1031 1892 1166 1954 scopum
1188 1873 1418 1946 reserenari,

310 1983 344 2038 et
364 1975 407 2038 ita
431 1973 514 2038 rollo
536 1969 706 2053 Vigilinm,
730 1982 768 2038 ut
787 1975 818 2036 in
834 1976 1038 2056 expositione
1057 1985 1091 2038 el
1106 1975 1306 2040 discussione
1320 1989 1418 2038 mona·

310 2085 495 2140 mentorum
517 2075 556 2138 al
581 2093 648 2139 rens
669 2077 900 2154 spectantium,
922 2078 1046 2155 integra
1065 2085 1259 2142 sorrarotnr
1278 2077 1312 2140 in
1330 2073 1418 2140 onni-

309 2175 372 2242 ltns
394 2179 574 2242 reverentis
597 2185 741 2256 quatuor
760 2177 1027 2257 praecedentibus
1047 2175 1183 2258 Synodis
1204 2177 1416 2248 oecnmfflelts

311 2297 352 2342 ac
374 2285 459 2342 totns
482 2278 656 2342 tolleretur
670 2278 933 2343 adversariorum
955 2285 1145 2357 praetextos
1158 2299 1167 2342 a
1182 2280 1253 2360 qni,
1275 2279 1417 2344 damnatis

209 2426 211 2430 .
311 2380 416 2446 tribus
438 2377 610 2458 Capitulis,
630 2378 715 2444 laedi
739 2386 898 2458 putarunt
916 2397 936 2442 a
952 2379 1090 2461 praeriis
1111 2377 1263 2447 Conciliis
1283 2391 1317 2448 et
1336 2397 1415 2463 prae·

310 2480 422 2546 sertim
443 2496 463 2542 a
483 2479 729 2544 chalcedonensi
751 2479 891 2544 delinita.

393 2577 509 2654 Qnossl
533 2597 612 2644 sero
634 2580 732 2660 hujus
747 2579 882 2644 Formae
895 2582 1113 2646 sinceritatem
1127 2601 1189 2646 nen
1202 2591 1252 2648 est
1265 2588 1303 2648 nl
1323 2585 1420 2648 immo·

312 2699 368 2748 rer
388 2682 470 2746 hono
485 2699 702 2762 propugnans.
726 2680 866 2748 Seorsim
882 2685 964 2747 enim
980 2702 998 2746 a
1014 2685 1178 2749 nonnullis
1191 2686 1418 2766 euemplsn'lns

312 2783 593 2848 sehumaticorom
610 2784 823 2864 perversitate
844 2785 1074 2863 correpsisse
1089 2787 1208 2865 quibos
1223 2804 1286 2852 sno
1306 2785 1421 2852 loceli-

313 2894 420 2960 cetor‚
443 2886 584 2964 primum
607 2885 754 2960 illorum,
769 2887 825 2966 qni
847 2895 1093 2966 praecesserunt
1106 2885 1270 2967 Principes
1291 2885 1420 2950 chr‘nlis·

313 2985 345 3048 ni
369 2985 441 3050 lidci
464 2987 643 3052 catholicae
666 2987 844 3062 relatores,
866 2987 1011 3050 sensibus
1032 2989 1206 3052 mnasniro
1227 2993 1415 3069 comperlon

61 3101 68 3110 ·
204 3108 208 3126 ·
316 3089 484 3164 cannensi
506 3090 620 3168 deinde
635 3088 885 3154 circumstantiis
904 3097 938 3152 et
953 3089 1097 3168 personis
1118 3090 1150 3152 in
1168 3090 1284 3156 estem
1305 3085 1418 3172 sysois

313 3189 519 3268 memoratisp
551 3189 633 3254 aleo
654 3198 692 3254 ut
712 3189 840 3254 nultum
870 3190 1014 3252 arbitror
1033 3190 1075 3251 (le
1094 3206 1132 3252 ea
1154 3207 1216 3253 ceu
1235 3185 1419 3270 supposititia

314 3289 477 3354 dubitare.
498 3289 600 3372 (luins
615 3292 746 3372 qntdem
768 3291 944 3370 penninnm
959 3289 1117 3354 rllctstnm
1138 3289 1216 3354 aliisi
1238 3289 1419 3354 manifestius

313 3395 510 3471 expositum,
534 3395 702 3471 proposito
716 3401 828 3456 nostro
842 3393 984 3472 emplius
1004 3389 1163 3473 proficiet.

396 3489 538 3566 Interea,
560 3493 709 3572 quamvis
732 3490 830 3572 Papa,
852 3493 1016 3572 episcopi,
1049 3498 1083 3554 et
1110 3488 1313 3556 lastinianus
1332 3483 1418 3552 rusti

314 3609 356 3657 ex
377 3609 493 3658 eornm
515 3595 607 3658 dictis
628 3594 734 3675 palem
757 3601 903 3670 constal,
930 3611 995 3658 una
1015 3591 1227 3656 convenirent
1255 3590 1295 3655 sle
1313 3584 1417 3676 Sym&

315 3695 529 3769 necessitate,
552 3695 725 3776 cunctique
745 3694 785 3761 de
807 3712 843 3758 ea
864 3694 997 3760 solliciti
1017 3693 1145 3769 tonent,
1179 3692 1343 3758 Ecclesiae
1358 3685 1420 3769 paci

316 3795 504 3860 consulenti
526 3813 646 3876 canss;
678 3796 887 3862 nihilominus
907 3803 1022 3860 contra
1042 3794 1222 3860 antistitum
1243 3801 1277 3858 et
1296 3792 1419 3870 inspera-

316 3899 396 3962 toris
419 3905 545 3971 solnm,
561 3895 699 3977 Vipitins
716 3897 848 3962 l’atrnm
868 3897 1064 3962 sessionibus
1077 3898 1231 3961 interesse
1251 3894 1364 3967 amatr,
1376 3907 1420 3952 as·

313 4015 423 4062 serens
443 4017 478 4064 se
495 4016 554 4079 prr
582 3999 719 4080 seipsum
748 4001 852 4082 (omre
872 4008 900 4062 et
920 4015 1104 4080 raspooam
1123 3998 1211 4062 dors
1243 3987 1419 4076 llujnsnnti

315 4115 417 4179 porro
437 4118 545 4166 sermo
557 4101 634 4183 iure
654 4101 916 4182 sapientesqnsa
934 4099 1053 4181 vigilio
1075 4098 1291 4180 excepturos,
1309 4111 1344 4158 ac
1359 4103 1421 4154 ιιι·

314 4215 355 4280 pe
376 4201 548 4268 innovatus
569 4219 628 4281 pes
649 4202 794 4282 topatus,
816 4212 856 4268 nl
875 4197 1279 4282 Patribus-responderem
1297 4195 1326 4260 in
1344 4187 1416 4256 Cott-
