3048 4946
317 474 379 524 nus
399 457 572 539 interpres:
591 455 646 524 sed
661 455 790 539 potione
807 477 825 520 e
842 453 936 522 biens
955 458 1004 525 est
1016 472 1138 537 sermm
1151 454 1316 538 sonnatio
1337 471 1423 532 emo,

317 565 376 624 aut
396 557 483 640 qnod
515 559 594 624 bnic
624 577 697 624 meo
717 558 858 624 sermoni
888 556 1103 639 subiungitur
1123 557 1155 621 in
1184 555 1425 622 mmrmstinns

317 645 477 741 eiusdem,
493 667 742 727 cntsenctnrnm
764 658 911 725 Pstrume
929 657 999 740 Epo
1019 659 1105 723 enim
1127 663 1249 738 (postea
1271 659 1351 722 dicit
1364 655 1426 724 Eu·

323 759 456 844 tpcbes)
481 761 544 842 teci
570 761 690 843 scripta
723 760 806 826 beati
834 759 949 843 Cprilli
970 765 1005 825 et
1030 766 1217 827 cunctorum
1239 757 1376 824 Patrum
1397 764 1428 822 et

317 862 419 925 saneti
441 860 620 939 dtbnuasii,
642 864 795 944 qnoniam
816 881 859 927 ex
880 861 1007 927 duobus
1037 860 1168 942 quidem
1194 861 1322 927 natnrb
1341 861 1427 925 dixe·

318 970 397 1027 runt
418 970 494 1028 ante
514 963 743 1028 adunationem
754 983 767 1045 3
789 970 861 1044 post
880 963 1109 1030 adunationem
1133 981 1211 1028 nero
1230 970 1266 1028 et
1285 963 1426 1026 inerma·

319 1065 452 1141 tionem,
465 1064 532 1147 jem
554 1083 617 1130 nnn
638 1065 794 1136 dixerunt
813 1065 894 1132 dunc
915 1073 1048 1129 naturas
1068 1064 1124 1130 sed
1147 1082 1254 1130 uuam
1270 1082 1288 1123 s
1305 1061 1363 1140 tii,
1379 1081 1427 1126 re·

318 1164 382 1230 luti
403 1164 538 1242 diceret,
561 1165 756 1245 respondent
775 1183 836 1246 prn
857 1164 919 1230 fide
941 1182 1010 1230 mea
1031 1162 1362 1251 etpdnctrinamna·
1378 1181 1428 1226 vo·

319 1265 369 1330 bis
389 1267 557 1348 proposui.
575 1265 617 1332 Et
631 1270 675 1333 itn
697 1267 797 1348 magis
816 1284 930 1332 sensus
950 1265 1200 1347 prsmmntiertis
1220 1264 1379 1338 onbneret
1396 1267 1427 1327 ct

321 1385 411 1432 mens
432 1367 585 1437 clarescit
607 1368 771 1436 ductoris.
819 1365 824 1372 '
865 1403 867 1408 ·

403 1467 482 1534 ltem
504 1473 574 1549 peri
596 1470 860 1550 interpretatione
881 1467 944 1533 bne
967 1467 1163 1532 vocabulum
1184 1465 1380 1533 cumulatur
1398 1465 1427 1528 iu

319 1566 433 1644 libello
454 1570 615 1650 petitionis
635 1571 795 1638 Samuelis
815 1578 848 1632 nt
869 1569 1010 1634 aliorum
1027 1568 1295 1651 presbyterorum
1319 1567 1428 1631 adres·

320 1686 378 1737 sus
399 1667 491 1734 lbnm
513 1672 643 1748 oblatae
666 1671 782 1736 antin
796 1680 829 1736 et
845 1670 1015 1735 Eustatbin
1037 1671 1205 1752 episcopis.
1222 1668 1269 1734 lbi
1290 1685 1428 1748 umque

320 1768 466 1853 legitur:
483 1769 646 1840 «Samuel
667 1774 770 1839 dixits
794 1773 960 1855 quomodo
982 1771 1134 1852 possibile
1154 1779 1215 1848 est,
1237 1778 1348 1836 tntum
1362 1769 1426 1838 Cle·

320 1888 398 1934 rum
418 1872 459 1936 ad
476 1875 693 1940 testimonium
714 1871 871 1940 eruceri?
888 1871 1050 1952 Eulogius
1071 1872 1152 1937 dixit
1165 1892 1175 1935 n
1190 1871 1269 1937 dum
1289 1887 1429 1936 essemm

321 1973 355 2051 in
387 1971 555 2040 detinebis
596 1975 744 2042 iecerunt
775 1968 957 2076 dnnpops'ntt
978 1967 1116 2046 incisuros
1139 1970 1344 2038 dictationem
1364 1971 1427 2034 los·

321 2074 410 2152 dum,
432 2084 466 2138 ct
485 2075 568 2140 banc
588 2078 859 2152 circumferebant
874 2081 1001 2146 clericis
1021 2085 1059 2142 nt
1081 2073 1335 2146 subscriberent.
1358 2070 1429 2148 0¹5·

322 2173 397 2238 dem
428 2175 625 2241 clericorum
646 2185 705 2253 cut
725 2179 921 2259 quindecim,
951 2186 1011 2244 aut
1031 2177 1141 2241 decem
1162 2182 1197 2238 et
1219 2181 1296 2239 octo
1321 2173 1429 2237 nolue-

321 2279 401 2340 runt
421 2275 636 2340 snbscribern.
651 2295 672 2336 n
687 2277 728 2343 Et
748 2279 826 2360 quid
857 2287 950 2344 sonat
968 2280 1111 2360 lecerunt
1137 2273 1345 2340 dictationem
1365 2273 1428 2336 lsa-

322 2367 435 2436 dnm?
455 2372 568 2438 Nonne
590 2376 719 2461 melius,
736 2381 764 2442 sl
785 2379 862 2443 bnic
881 2380 1060 2446 elocutioni
1079 2378 1340 2445 substitueretur
1357 2375 1428 2449 stite

323 2475 466 2560 [senune
493 2475 737 2556 responsionem,
756 2490 814 2544 nest
834 2479 1014 2562 cpolupicm
1034 2481 1166 2546 landum
1186 2476 1260 2544 ttae
1279 2477 1430 2543 adsersus

319 2573 520 2675 κατηγορίαν
543 2579 813 2646 insimulationem
835 2581 1006 2648 alierum?
1025 2581 1120 2648 sicuti
1143 2579 1243 2662 punio
1263 2589 1340 2646 aute
1359 2577 1430 2657 lesi·

323 2686 401 2742 tur:
419 2700 436 2738 s
457 2677 637 2758 anmdam
674 2681 900 2762 presbyterum
932 2681 1074 2746 noluisse
1093 2679 1349 2783 καθυπηράψαι
1370 2676 1432 2758 τοῖς

319 2775 421 2851 ineat
442 2773 587 2860 ἓπάινοις
607 2779 812 2846 subscribere
832 2782 985 2849 lendibus
1006 2784 1077 2865 ejus
1098 2783 1221 2864 (ibae),
1242 2803 1319 2850 cum
1340 2799 1431 2850 accu-

321 2885 479 2949 setinnem
499 2883 657 2947 adserens
677 2897 752 2946 cum
774 2882 806 2946 in
828 2883 1000 2949 dntincbia
1022 2885 1303 2952 instituissemus»

367 3033 370 3042 ,
402 2981 454 3049 te
475 2985 523 3048 bis
543 2985 654 3066 itaque
674 2983 835 3065 exemplis
855 2993 953 3064 patet,
978 2985 1167 3054 Facundum
1191 3005 1255 3054 non
1273 2988 1353 3054 sstis
1373 2985 1428 3050 bu·

320 3085 377 3167 jus
397 3088 503 3167 praeci
527 3084 678 3151 vocabuli
699 3085 862 3150 notionem
895 3088 1238 3170 comprehendentem,
1258 3089 1427 3154 omnum·

322 3187 512 3266 reddidisse,
538 3189 672 3270 imuper
704 3187 954 3268 interpretatum
978 3207 1049 3254 esse
1079 3186 1215 3256 Maximi
1245 3187 1428 3258 sonemus·

323 3287 480 3354 adsersus
500 3291 594 3356 istius
616 3293 754 3355 mentem
765 3307 778 3368 3
799 3293 834 3352 et
853 3288 973 3372 Spoodi
994 3291 1257 3358 cbnieednnennis
1275 3289 1427 3358 detineto·

323 3405 398 3468 nem
419 3407 570 3470 pensasse
584 3388 623 3452 de
640 3386 696 3452 lba
711 3388 752 3452 ob
768 3388 886 3452 dictem
900 3389 940 3456 sd
955 3389 1074 3459 llarirn
1096 3389 1288 3474 Epistolsm.
1309 3389 1430 3456 lieren

320 3487 486 3555 Maximus
505 3486 691 3555 summatim
713 3497 862 3570 repetens
879 3497 975 3558 antea
1002 3492 1147 3558 discussa
1171 3494 1203 3558 in
1224 3511 1323 3560 causa
1342 3491 1425 3564 lbsc.

323 3599 358 3654 et
378 3591 678 3672 praesertimque
699 3591 729 3656 ci
749 3589 927 3656 adversarii
947 3593 1143 3676 objiciebant
1163 3592 1422 3664 insimulationes,

323 3690 482 3773 judicium
502 3710 601 3758 sunm
623 3693 775 3773 protulit,
795 3701 939 3760 manneus
960 3695 1137 3762 innocuum
1157 3695 1272 3763 baberi
1296 3695 1380 3763 tbsn
1398 3698 1428 3756 st

324 3789 543 3856 orthodoxam
564 3792 664 3872 ipsius
692 3785 875 3894 rinnpnpicn
899 3798 1138 3874 responsionem
1158 3804 1219 3866 aut
1238 3793 1425 3876 spetenian,

323 3890 503 3972 praelatam
524 3894 660 3960 intcitus
680 3895 927 3962 obtestationem
942 3896 983 3961 ab
1003 3894 1117 3960 endem
1140 3893 1196 3960 lbs
1210 3897 1356 3960 emissam
1376 3908 1426 3958 cn·

322 4009 394 4055 ram
417 3991 578 4066 Patribus.
601 3993 714 4074 anre
733 3996 792 4079 ipst
814 3996 980 4064 dixernute
997 4017 1015 4058 s
1030 3995 1182 4074 Definitio
1204 3997 1422 4076 episcopm!

324 4087 432 4156 Pbctii
453 4100 491 4177 et
515 4090 679 4162 Eustntbii
706 4095 907 4182 demonstrat
937 4099 1105 4163 innoxium
1137 4095 1422 4162 reverentissimum
1511 4051 1512 4144 l

324 4192 511 4282 episcopum
531 4193 635 4280 lpum:
656 4197 805 4268 similiter
818 4205 928 4270 nutem
941 4206 975 4267 et
995 4197 1073 4266 ibae
1092 4199 1262 4282 abessenn
1277 4195 1352 4266 nce
1367 4207 1420 4260 act
