3048 4946
1117 401 1179 472 155

76 529 124 580 cna
142 511 322 594 remmon)
343 510 491 592 qmmrls
511 509 692 578 ahsnrdnnr
714 510 931 594 reputandum
950 512 1015 590 sit3
1035 515 1178 575 attamen

75 611 253 678 mmndorea
277 613 454 694 scriptores
482 611 577 678 reida
592 612 688 679 vaide
711 612 898 694 improvidi,
915 614 998 678 hanc
1017 629 1035 675 a
1052 610 1180 675 Frena·

75 713 111 776 do
129 711 320 778 ethiherato
341 715 483 778 mutuati
503 713 789 790 insimulationem,
807 713 876 778 lere
897 713 1073 777 universim
1094 711 1181 774 ariri·

76 817 232 889 tratisnnt,
249 814 369 880 horum
383 813 611 895 capitulorum
627 815 850 895 mancationem
863 822 896 878 et
908 813 1180 896 proscriptionem

72 913 127 978 ach
146 915 190 979 hh
209 915 359 997 auspiciis
379 916 490 980 initam
512 915 613 980 inlesa
628 931 631 942 ·
645 915 904 996 acephalorum
936 912 1024 994 qnod
1045 912 1178 994 quidem

73 1013 237 1080 nullimode
252 1015 488 1080 admittendum
509 1023 570 1081 est.
584 1015 723 1098 Vipiiins
744 1015 885 1080 enimait
904 1015 997 1078 initio
1018 1031 1123 1094 nsnne
1136 1011 1179 1076 ad

72 1117 255 1194 quaestionis
276 1116 499 1192 terminumn
524 1119 629 1198 primo
650 1117 805 1184 iudicato
826 1116 895 1180 sire
915 1113 1098 1180 Constituto
1127 1131 1180 1178 na·
1210 1125 1215 1134 '
1272 1126 1284 1156 ⁴

72 1233 129 1296 nna
141 1216 179 1279 ad
194 1219 417 1295 noriasimnm,
427 1221 460 1282 ie
475 1221 594 1298 quihus
609 1221 670 1284 tria
689 1219 841 1300 Capitnle
855 1215 1092 1290 condemnarit,
1108 1215 1181 1278 nnl-

70 1316 120 1378 lihi
133 1319 342 1398 epietoierurn
358 1329 418 1384 ant
436 1322 647 1388 decretorum
660 1337 797 1385 anorum
813 1319 1025 1400 significarit,
1041 1317 1181 1394 acepha-

71 1417 116 1481 ina
134 1420 214 1484 hanc
233 1439 429 1502 prosoceace
449 1423 688 1487 contentionem
709 1423 866 1488 adres-ane
886 1421 1067 1486 Concilium
1088 1417 1179 1483 nhai'·

72 1519 255 1598 minume,
273 1523 369 1588 aienti
393 1521 546 1588 recondo
559 1530 593 1588 et
606 1525 702 1588 sociis
716 1525 749 1586 in
763 1525 894 1588 sumnila
908 1525 1013 1585 risum
1034 1529 1094 1585 est.
1117 1518 1180 1585 sed

71 1621 255 1686 exadrcreo
273 1619 534 1704 praeclarissime
561 1625 712 1699 ostendit,
736 1633 773 1690 nt
797 1625 841 1688 rh
859 1624 959 1707 holos
985 1622 1097 1704 capitis
1121 1621 1182 1684 ini·
1321 1705 1326 1715 .

71 1723 111 1786 tio
129 1725 291 1802 praemisi,
312 1727 526 1809 eutychianae
546 1735 579 1791 et
598 1726 803 1792 nestorianae
833 1725 1006 1790 haereseos
1023 1737 1181 1804 sequaces

72 1820 240 1902 ttpntotam
263 1824 543 1908 ihre-inscriptam
557 1827 753 1892 contendere
773 1826 872 1890 inisse
892 1826 925 1888 dn
939 1823 1069 1910 Synodn
1089 1824 1179 1892 chel,

69 1925 231 1992 nedoneeai
252 1927 660 2009 orthodoxampeohatam
682 1937 715 1994 et
736 1935 913 2008 acceptam.

141 2027 313 2094 Praeterea
328 2030 503 2094 notandum
517 2040 581 2108 eat,
595 2039 741 2111 quatuor
754 2029 970 2111 patriarchas,
991 2033 1182 2110 colonosque

69 2129 231 2208 antistites,
253 2133 310 2212 nui
331 2132 376 2194 ah
393 2131 484 2196 initio
505 2133 566 2198 tria
588 2132 737 2213 Cepitnin
766 2131 1095 2206 anathematizarunt,
1114 2129 1183 2211 jans

69 2229 106 2288 eh
123 2245 207 2294 aeno
229 2229 301 2297 han
316 2232 493 2314 acephalos
511 2251 589 2298 eum
611 2231 774 2318 hothymo
790 2233 889 2317 holus
909 2227 1016 2298 sectae
1037 2231 1184 2311 principe

68 2332 132 2407 pari
146 2333 353 2396 anathemata
372 2333 613 2411 condemnatae,
629 2341 686 2399 ant
700 2333 899 2397 deinde-aeta
923 2339 1035 2396 eontra
1051 2329 1182 2394 eosdem

69 2433 314 2512 comprehense
326 2435 358 2496 in
378 2435 497 2514 nothus
514 2437 704 2516 praesertim
719 2435 853 2500 eminuit
871 2431 1016 2510 Menneu,
1032 2431 1103 2512 qni,
1120 2430 1185 2495 hn-

70 2530 175 2615 thyuo
195 2533 271 2599 ideo
303 2534 465 2616 dopnatm,
486 2535 561 2602 sert
592 2536 956 2617 constantinopolitanae
986 2532 1184 2614 snhropatna

70 2631 137 2697 init.
164 2633 318 2718 Pelagius
338 2635 496 2702 diaeonus
519 2645 554 2702 et
574 2635 739 2702 Ecclesiae
754 2637 918 2702 Romanae
938 2633 1181 2716 apocrisiarius,

66 2751 105 2796 ex
125 2737 174 2812 iis,
196 2738 257 2818 qni
275 2737 449 2819 acephalos
470 2737 678 2815 damnarunt,
703 2748 864 2822 perpetuo
885 2737 1010 2802 hostem
1030 2751 1066 2800 se
1086 2750 1179 2817 prae·

67 2832 133 2899 hnit
153 2839 262 2904 trlhna
289 2837 459 2919 capitulla.
488 2839 645 2905 Similiter
664 2840 867 2906 instininns
893 2838 966 2902 celo
992 2836 1179 2902 orthndnxn

66 2936 191 3013 ardeas,
213 2956 234 3003 e
259 2939 447 3004 civitatibus
467 2942 639 3022 acephalos
665 2941 818 3006 mandans
839 2940 972 3023 expetit,
994 2938 1108 3003 endem
1133 2955 1185 3002 re·

66 3033 98 3098 io
121 3047 153 3102 et
173 3039 239 3102 lide
265 3041 329 3120 epit
359 3049 472 3106 contre
503 3044 604 3107 trium
623 3043 853 3124 capitulorum
877 3041 1072 3105 detentores.
1095 3039 1186 3117 Quo·

66 3138 157 3202 modo
178 3141 292 3221 igitur,
309 3148 347 3205 ut
367 3143 586 3223 praetendunt
605 3142 791 3218 Facundus,
807 3142 978 3206 Liberatus
999 3141 1178 3221 ceterique,
1246 3199 1249 3204 .

66 3237 131 3305 ieri
152 3245 272 3322 potnit,
290 3249 338 3320 nt,
354 3244 411 3325 qni
433 3245 552 3310 horum
567 3243 797 3326 (lepitnlornm
812 3244 989 3308 decrevere
1004 3241 1184 3304 damnatio-

65 3357 134 3404 nem
159 3345 301 3424 praelati
320 3347 493 3410 emerendi
521 3349 691 3429 sanctione
711 3349 786 3422 riri,
809 3345 1042 3425 acephalorum
1064 3344 1181 3424 impiae

64 3453 182 3510 rectae·
200 3447 437 3528 participerint,
458 3447 579 3535 Synodl
610 3449 871 3514 chalcedonensia
898 3455 933 3511 et
964 3447 1047 3510 beati
1069 3445 1185 3510 Leonis

65 3549 256 3630 contemptis
271 3548 436 3616 decretis?

143 3647 370 3732 Quapropter,
385 3653 434 3715 nti
456 3652 561 3728 decet,
575 3660 742 3736 perspecta
760 3652 859 3716 trium
875 3649 1104 3732 anitnlo'rnm
1125 3649 1185 3711 im·

64 3751 195 3828 pietate,
219 3760 253 3816 et
272 3771 309 3816 ea
331 3752 571 3818 delendcntium
593 3772 726 3834 quoqne
747 3753 915 3832 perfidiam
938 3751 1122 3832 perspicere
1141 3748 1184 3811 li·

64 3861 143 3916 eent.
161 3852 242 3930 Qui,
258 3864 294 3917 nt
315 3858 459 3935 ipsorum
477 3857 508 3918 in
531 3856 651 3921 mondo
671 3855 780 3936 opinio
795 3854 1007 3918 invalesceret
1027 3853 1185 3935 adrepens

64 3949 174 4035 vigilii
196 3954 399 4032 Jndieatnm,
414 3957 615 4022 orthodoxos
637 3963 726 4020 reeta
747 3956 918 4020 sentientes
939 3956 971 4016 in
993 3954 1029 4016 iis
1054 3951 1187 4033 Capitu-

61 4055 101 4120 lis
121 4059 446 4137 anathematizandis,
466 4060 639 4140 acephalos
671 4059 798 4138 indigne
819 4061 1069 4136 nuncuparunt:
1093 4055 1187 4134 qnasi
1276 4047 1278 4050 ’

63 4159 221 4226 adserens
242 4162 409 4248 Synodnm
429 4161 714 4226 chalcedonensem
737 4161 812 4223 talio
831 4159 1026 4222 decrevisset
1047 4155 1183 4237 vigilios

62 4269 193 4332 etcum
215 4266 427 4349 coepiscopi.
458 4261 506 4331 lle
527 4280 593 4347 qna
615 4281 663 4344 re,
685 4264 810 4330 cunctis
832 4263 1002 4344 hucusque
1023 4261 1181 4336 excussis,
