2994 4938
317 487 426 554 nescio
452 501 529 552 sanc
550 482 703 567 qualibus
722 485 943 568 argumentis,
967 482 1152 548 simulatam
1170 484 1205 546 ot
1224 479 1334 548 letam
1354 478 1428 559 ipsos

319 589 506 657 exhibuisse
526 588 675 654 arbitrati
688 595 764 652 suut
784 586 1015 654 confessionem
1036 583 1247 666 Theophilus,
1261 590 1297 649 et
1318 581 1424 648 Hiero

321 709 460 780 nymnos
486 699 520 757 et
539 691 582 756 ob
602 692 665 756 boc
686 690 729 756 sb
748 691 877 756 eosdem
899 689 1083 755 insectando
1107 706 1171 752 nou
1195 687 1351 752 destitere
1370 692 1427 747 tau·

321 811 421 875 quam
442 791 517 855 fidei
540 809 636 856 serae
655 790 873 856 simulatores.
1175 783 1178 790 ’

398 891 554 972 Superius
576 892 648 956 fidel
671 891 1078 957 confessionem'eceleaiao
1100 890 1315 968 Palaestinae,
1336 887 1427 971 sym

319 994 362 1059 do
382 995 539 1060 nicaense
555 1000 798 1060 consentaneam
820 993 1011 1074 obsignavi,
1037 1013 1135 1076 quam
1156 993 1298 1060 loannes
1320 991 1428 1055 Hiero

318 1097 521 1177 solymorum
546 1096 715 1179 episcopua
736 1112 775 1160 sc
788 1095 970 1179 presbyteri
992 1113 1101 1161 coram
1124 1095 1309 1177 Epiphanio
1330 1093 1427 1174 pulsu

319 1198 466 1262 emisere.
498 1195 651 1262 Attamen
685 1194 884 1277 Theophilus
909 1196 995 1260 idem
1016 1199 1056 1261 ad
1087 1196 1327 1278 Hieronymum
1359 1195 1427 1256 scri·

320 1297 398 1361 bens
420 1296 544 1380 (Epist.
574 1295 648 1378 titt.)
669 1299 734 1372 ait,
761 1296 878 1378 fugatis
906 1297 948 1361 ab
978 1296 1125 1380 Aegypto
1155 1295 1307 1378 Origeuis
1336 1303 1428 1358 secta·

322 1398 460 1474 toribus,
482 1397 649 1464 Ecclesiae
669 1417 780 1479 pacem
802 1399 960 1463 redditam
984 1419 1074 1464 esse:
1091 1419 1108 1458 u
1125 1398 1233 1478 hique
1258 1398 1382 1461 utinam
1400 1411 1429 1456 a·

317 1500 385 1580 pud
409 1519 465 1564 vos
486 1517 619 1582 quoque
635 1502 687 1581 (in
708 1498 887 1564 Palaestina
907 1500 1051 1577 scilicet)
1068 1500 1265 1581 deponerent
1285 1495 1427 1581 hypocri-

319 1603 397 1678 sim,
410 1603 467 1682 qni
484 1602 614 1668 occulte
633 1601 788 1667 dicuutur
800 1602 962 1667 subruere
977 1603 1156 1669 veritatem.
1172 1601 1190 1663 i
1207 1601 1288 1666 item
1304 1603 1368 1664 hoc
1380 1616 1427 1662 ro

319 1703 390 1766 lens
409 1701 629 1785 Hieronymus
655 1703 833 1782 exprobrat
853 1702 983 1768 Hnlluo
1003 1705 1036 1768 ln
1068 1698 1165 1767 Libro
1187 1701 1246 1767 lli.
1279 1702 1427 1765 adsersus
1450 1717 1453 1730 ·

321 1823 409 1881 eum,
433 1804 531 1870 talem
549 1821 666 1870 vocaus
686 1805 900 1882 haereticum,
923 1806 1072 1886 quamvis
1085 1807 1153 1886 ipse
1172 1822 1207 1872 au
1224 1804 1427 1888 profiteretur

319 1905 530 1978 catholicum.

401 2005 445 2071 Et
465 2014 503 2071 ut
521 2007 707 2072 summatim
722 2005 838 2083 dicam,
854 2004 1053 2088 Theophilus
1072 2011 1105 2070 et
1119 2003 1343 2093 Hieronymus
1362 2021 1425 2069 con·

320 2105 436 2171 cordes
450 2107 606 2172 adsersus
619 2107 792 2188 Origenem
809 2113 842 2171 et
853 2108 1054 2189 origenistes,
1070 2125 1144 2172 curn
1156 2105 1352 2187 Magistrum
1367 2123 1426 2169 ren

240 2229 242 2234 ‘
319 2209 466 2290 sipcllem
489 2209 646 2287 vocarint,
669 2208 842 2290 discipulos
859 2229 991 2291 quoque
1011 2210 1093 2272 idest
1114 2211 1288 2274 monachos
1310 2209 1427 2274 nitrien

317 2329 384 2387 ses,
405 2308 570 2374 Huiliuum
586 2318 783 2391 ceterosque
804 2329 864 2390 pro
884 2310 1024 2392 Origene
1046 2317 1234 2393 pugnantes,
1252 2308 1363 2373 audita
1383 2324 1426 2370 eu·

322 2433 397 2478 rum
419 2413 492 2476 fidei
523 2412 724 2493 professione
750 2414 847 2496 y'usta
869 2421 990 2484 statuta
1019 2403 1174 2490 nicaena,
1205 2430 1266 2476 noc
1297 2412 1427 2474 valentes

320 2516 398 2580 huic
419 2515 594 2591 contraire,
611 2515 650 2578 ad
667 2515 875 2600 hypocriseos
894 2515 1148 2580 criminationem
1170 2516 1321 2580 conversi
1342 2521 1424 2578 aunt:

321 2614 419 2682 «Soli
440 2623 539 2692 snut,
563 2617 669 2696 inquit
687 2634 715 2680 a.
739 2614 957 2701 Hieronymus
978 2617 1010 2680 in
1032 2615 1175 2696 Hpistola
1195 2615 1248 2681 ttt.
1271 2634 1303 2678 n.
1324 2615 1360 2680 2·
1377 2611 1427 2676 soli

318 2723 394 2780 snut
414 2716 513 2798 hujus
535 2717 706 2782 haereseos
726 2724 924 2793 sectatores,
952 2717 1009 2797 qui
1030 2735 1105 2781 eum
1126 2716 1354 2782 ecelesiasticis
1373 2729 1425 2777 uon

318 2817 429 2882 ualent
450 2818 623 2884 foedereris
647 2821 723 2901 quia
744 2819 832 2900 quod
853 2837 1003 2884 sermone
1023 2827 1186 2899 coguntur
1206 2819 1329 2894 dicere,
1350 2833 1425 2879 meu·

319 2924 353 2983 te
376 2917 599 2982 condemnant.
623 2915 666 2982 Et
685 2919 842 2999 siquando
862 2927 973 2998 aperta
996 2920 1194 3001 blasphemia
1217 2919 1355 3002 publicis
1378 2932 1426 2978 an·

319 3018 410 3084 ribus
426 3019 526 3084 luerit
540 3021 697 3101 revelatuy
714 3031 748 3083 et
762 3021 901 3084 viderint
914 3027 1026 3084 contra
1041 3039 1076 3086 se
1091 3021 1291 3086 audientium
1307 3018 1423 3083 turbon

319 3120 600 3198 circumfremere,
618 3131 696 3186 tunc
716 3122 868 3186 simulata
888 3123 1106 3204 simplicitate,
1128 3124 1241 3188 dicunt
1260 3141 1294 3206 se
1313 3119 1426 3185 audisse

321 3220 476 3302 primum,
498 3239 583 3302 quae
604 3221 799 3303 Magistrum
820 3222 930 3286 dicere
950 3233 1023 3288 anto
1044 3225 1240 3288 nescierunt.
1258 3243 1274 3281 u
1297 3224 1345 3286 Ac
1364 3235 1425 3301 pro

321 3333 432 3405 ptores
455 3325 515 3388 hac
534 3324 685 3388 illusione
706 3323 823 3388 ductus
847 3323 1075 3410 Hieronymus,
1097 3327 1204 3404 pergit
1223 3323 1351 3390 eosdem
1370 3319 1424 3382 rel·

320 3424 435 3502 lleure,
459 3425 537 3488 tales
560 3441 676 3488 vocaus
692 3423 903 3506 poenitentiae
922 3424 1138 3502 simulatores,
1161 3423 1283 3488 merei
1306 3423 1427 3507 §cayeu-

322 3532 365 3588 tsa
382 3522 575 3610 periurium,
591 3525 744 3606 perfidos,
762 3523 924 3604 illusores,
955 3525 1147 3608 hypocritas,
1165 3526 1248 3607 pelle
1267 3519 1426 3602 umhfopr're

319 3623 477 3707 pandique
497 3625 633 3692 indutos.

404 3726 599 3810 Huiusmodi
611 3747 711 3812 porro
724 3731 845 3794 crimen
857 3730 1032 3794 universim
1044 3731 1222 3808 monacbis,
1235 3729 1423 3809 iisquepnr·

323 3827 446 3905 sertim,
468 3829 648 3910 dequibus
680 3831 851 3910 hucusque
871 3832 933 3912 egi,
958 3832 1101 3896 ualidum
1122 3831 1213 3895 nohis
1234 3826 1364 3910 praehet
1380 3837 1423 3884 su·

326 3928 482 4010 spicandi,
505 3949 544 3994 ue
565 3930 682 4006 dicam,
699 3932 902 3995 usseverandi
924 3941 1165 4012 argumentum,
1181 3929 1308 3994 eosdem
1329 3926 1369 3988 ita
1388 3921 1423 3981 lu·

323 4031 506 4107 simulatos,
530 4032 641 4095 haberi
657 4032 860 4096 orthodoxos
881 4041 944 4096 eta
966 4034 1082 4114 quasis
1103 4033 1357 4096 baereseosnots
1377 4023 1422 4082 lu·

324 4146 448 4196 munos.
471 4131 672 4214 impossibile
703 4149 843 4214 numque
862 4133 894 4196 iu
916 4132 1028 4214 primis
1049 4142 1109 4210 cst,
1131 4131 1275 4196 admissis
1296 4133 1342 4191 tot
1361 4120 1421 4186 Ori·

207 4249 211 4256 ·
324 4233 601 4314 geuiserroribus
621 4244 655 4300 ot
676 4235 894 4319 blasphemiis,
919 4233 966 4301 uti
988 4239 1145 4318 putarunt
1164 4229 1368 4314 Theophilus,
1381 4239 1421 4286 so·
