3042 4940
204 317 354 430 ¹tn

316 465 366 528 nin
398 479 483 546 quae
516 463 546 526 lu
578 463 673 543 impla
703 459 847 543 Epistola
877 459 1103 537 continentur,
1137 459 1174 521 ut
1205 451 1345 536 undique
1372 467 1416 514 re·

317 575 369 632 cta
383 565 513 647 quidem
526 562 771 639 confirmantur,
786 564 883 646 impia
898 571 1007 627 autem
1028 561 1290 626 condemnentur.
1305 575 1322 616 ι
1337 553 1415 620 ttaee

315 666 427 732 eadem
449 674 594 731 recenset
609 665 745 748 vigilius
765 683 804 730 ac
823 667 1018 730 anathemati
1038 663 1147 728 subdit
1168 663 1198 724 in
1220 679 1249 722 n.
1269 658 1321 724 25.
1343 657 1415 723 Gou-

315 771 439 837 ntitutir
465 794 482 834 tt
504 769 568 834 an
588 777 711 847 autem,
733 771 859 851 iuquit,
881 771 936 847 uui
957 775 1168 832 memoratam
1191 763 1365 846 Epistulam
1382 759 1414 822 ad

318 873 437 940 diatim
460 873 590 939 Pernam
611 874 789 955 designatae
803 874 954 957 superius
975 872 1187 955 blasphemias
1201 869 1414 937 coutinentem,

315 983 464 1040 anaocta
487 975 729 1040 chalcedonensi
757 975 887 1060 Sponte
907 993 925 1038 a
948 975 1106 1054 praetenti
1129 981 1286 1051 tempore,
1307 970 1417 1031 innote-

315 1084 423 1140 ncoute
438 1077 497 1140 albi
512 1076 612 1140 uoatrl
627 1077 712 1141 aeria
724 1075 908 1151 Constituti,
924 1074 1154 1140 contenderent
1167 1091 1235 1136 ease
1246 1075 1416 1149 susceptam

316 1178 370 1240 rol
389 1195 407 1240 a
427 1193 638 1258 quocumque
656 1176 845 1241 eorumdem
870 1175 1002 1239 Petrum
1023 1176 1055 1238 in
1069 1173 1270 1240 Chalcedone
1292 1168 1417 1234 reniden-

316 1279 398 1343 tium
424 1277 640 1342 orthodoxam
662 1279 918 1358 pronominum,
940 1277 1089 1340 nituntur
1108 1275 1291 1350 adttruere,
1306 1273 1373 1354 pari
1390 1287 1418 1333 a·

317 1379 507 1442 nathematin
527 1393 629 1459 poena
651 1380 869 1460 percellimus.
901 1376 1062 1455 Quoniam
1083 1393 1146 1440 uon
1174 1376 1282 1439 nolum
1304 1372 1417 1436 chalen-

316 1479 447 1544 donenal
468 1477 613 1545 Concilio
635 1478 781 1560 irrogare
801 1480 984 1544 moliuntur
1008 1477 1172 1560 iujuriam,
1197 1473 1416 1540 verumetiam

318 1581 498 1644 incentores
520 1597 558 1644 ac
579 1591 788 1646 renovatore·
808 1599 843 1644 ne
864 1581 958 1662 nopltl
979 1579 1119 1666 scandali
1142 1576 1377 1660 profitentur.»

397 1681 433 1744 ln
456 1679 571 1745 Formo
591 1682 736 1762 legitur:
754 1680 965 1745 «Hortamur
985 1689 1093 1745 autem
1109 1680 1205 1743 etiarn
1227 1676 1311 1742 illud
1331 1675 1418 1740 duee

318 1790 423 1861 plane,
446 1780 638 1862 quodnam
659 1781 830 1863 prodantur
849 1782 891 1846 alt
912 1783 970 1858 eie,
986 1781 1041 1862 qui
1062 1781 1173 1845 dicunt
1193 1796 1256 1843 non
1278 1783 1417 1860 oportere

237 1958 245 1966 Ι
317 1891 390 1965 pont
409 1889 547 1946 mortem
563 1882 741 1946 haereticos
761 1883 1033 1954 anathematizare
1043 1901 1055 1961 3
1077 1887 1110 1944 el
1128 1880 1220 1960 ecqui
1241 1879 1274 1942 iu
1294 1867 1354 1942 hoc
1371 1875 1418 1939 do·

318 1985 455 2049 cirinum
468 1991 654 2048 sanctornm
678 1981 896 2065 Palaemoni
918 1983 1099 2047 nouaclum
1121 1983 1301 2045 haereticos
1323 1981 1418 2042 vireu-

319 2092 366 2150 tea
387 2084 653 2161 condemnarunt,
675 2083 730 2148 tad
745 2092 780 2149 ct
799 2095 872 2165 pont
890 2091 1040 2160 mortem,
1055 2091 1169 2166 utpote
1190 2083 1222 2144 iu
1241 2099 1302 2146 ana
1322 2079 1419 2161 impie·

320 2194 386 2251 tnta
407 2193 554 2250 mortuos
574 2186 839 2251 eoudemuuruut.
854 2205 872 2245 ιι
889 2184 1024 2267 vigilius
1045 2201 1146 2266 porro
1160 2185 1192 2247 in
1213 2185 1312 2248 citato
1332 2202 1361 2247 u.
1373 2177 1416 2248 ὦ

318 2285 507 2353 Comtitotir
523 2285 616 2353 «Ubi
634 2305 697 2351 uon
710 2288 831 2364 nolum,
845 2289 962 2370 iuquit,
977 2291 1034 2368 qui
1046 2287 1159 2352 eodem
1175 2293 1320 2366 tempure
1333 2285 1418 2366 ipsius

323 2395 417 2452 erant
432 2390 603 2453 caeremon
620 2395 812 2464 metatores,
830 2407 943 2454 verum
965 2391 1060 2454 etium
1081 2388 1141 2463 illi,
1158 2389 1214 2469 qui
1235 2387 1362 2452 enodem
1379 2401 1419 2447 aa·

320 2497 503 2570 querentur
522 2507 665 2566 errorca,
688 2490 832 2572 ejusdem
854 2483 1065 2555 anathematis
1080 2491 1216 2556 vinculis
1235 2488 1375 2554 adstricti
1392 2503 1419 2550 c·

320 2597 404 2654 rant.
420 2590 481 2656 Cui
501 2590 695 2655 damnationi
710 2587 917 2657 Theodorum
935 2611 1067 2674 quoque
1081 2589 1312 2674 Mopsuestiae,
1326 2605 1420 2653 necet·

319 2709 355 2756 no
369 2699 417 2756 eat
431 2693 529 2757 iuisae
549 2693 744 2774 subjectum,
758 2694 827 2775 qui,
842 2697 1089 2776 praedamnatae
1104 2695 1273 2758 haereseon
1293 2695 1419 2757 ιιιιιιοι

321 2801 356 2860 ιι
375 2795 582 2876 praedicator
602 2793 736 2860 euectus
758 2803 816 2860 eat.
832 2813 848 2854 ιι
863 2795 906 2859 Ει
936 2797 1013 2876 qoiu
1035 2795 1175 2860 ulterius
1197 2791 1418 2860 lacedemonia

323 2893 525 2961 coniereudin
545 2896 719 2976 utriusque
743 2903 777 2961 nt
796 2892 968 2961 luettutanl
989 2903 1023 2962 et
1043 2894 1151 2978 vigilii
1171 2896 1265 2960 dictis
1285 2897 1317 2958 io
1336 2907 1420 2976 quaa·

325 2998 428 3062 ntioue
442 2996 683 3077 capitulorum,
706 2997 762 3062 ubl
782 2999 867 3061 alter
880 2999 1015 3062 alteriue
1035 2997 1151 3078 accipit
1172 2997 1420 3078 probatquenen·

324 3099 468 3176 tentiam,
481 3099 514 3162 lu
535 3098 651 3164 eodem
671 3115 769 3180 ncopo
791 3099 981 3178 concorden,
996 3115 1094 3180 quem
1109 3099 1275 3163 unanimea
1294 3093 1420 3160 intende

221 3267 225 3277 ,
324 3206 402 3266 runt
421 3199 461 3263 da
482 3199 555 3262 iidei
577 3198 757 3264 catholicae
781 3201 962 3282 integritate
982 3200 1138 3265 nerrauda
1154 3205 1266 3264 contra
1287 3199 1421 3262 adrem·

326 3301 454 3374 riorum
477 3300 657 3381 perfidiam,
674 3299 748 3365 talin
767 3318 900 3382 quoque
920 3302 1010 3366 nobis
1030 3302 1163 3366 satisfiat
1176 3303 1294 3366 harum
1313 3301 1420 3362 littera·

325 3419 400 3465 rure
422 3403 621 3482 ingenuitan,
642 3417 725 3482 quaa
744 3403 805 3466 nub
827 3401 960 3467 Formae
981 3403 1078 3467 titulo
1101 3402 1251 3468 Patribus
1271 3401 1355 3466 dedit
1372 3395 1421 3463 lu·

325 3504 480 3568 atiniauun
501 3502 541 3566 ab
561 3502 652 3566 initio
672 3502 791 3585 synodi
812 3519 921 3569 coram
943 3505 989 3568 eis
1008 3503 1170 3584 legendae.

405 3603 562 3669 Similiter
575 3604 682 3684 quoad
698 3602 884 3682 iustiniani,
906 3606 1134 3687 episcoporum
1157 3603 1301 3670 Concilio
1312 3599 1422 3665 ιιιιιιι·
1500 3601 1501 3620 ¹

327 3703 421 3782 tium,
444 3711 476 3767 et
498 3700 604 3783 vigilii
626 3702 732 3783 Papae
745 3705 951 3772 concordiam
973 3707 1005 3770 itt
1021 3705 1123 3770 tribus
1144 3703 1326 3768 damnandis
1345 3695 1423 3778 Capi·

328 3807 418 3881 tolia,
440 3812 473 3869 et
492 3804 524 3868 id
545 3805 636 3869 nebia
655 3804 815 3888 proderit,
838 3791 925 3888 unod
949 3808 980 3870 lu
994 3805 1067 3872 Vita
1089 3825 1114 3870 a.
1137 3805 1290 3892 Eutychii
1308 3809 1424 3866 notatur
1453 3810 1457 3820 ·

260 3905 264 3914 “
327 3924 388 3988 par
409 3905 616 3972 Euttntltium
637 3914 670 3971 et
689 3907 722 3971 iu
742 3905 903 3974 Chronico
923 3907 1063 3973 Victoris
1088 3907 1296 3973 tununensis:
1317 3903 1368 3969 ulti
1384 3898 1422 3960 di·

327 4016 408 4072 cunt
434 4008 630 4074 unanimiter
655 4011 822 4092 episcopor
842 4007 876 4076 ni
904 4009 1059 4092 vigilium
1080 4027 1118 4075 ea
1142 4009 1293 4091 Capitale
1310 4001 1422 4069 anatho·
1500 4003 1501 4014 ³

330 4109 511 4186 motinense,
534 4112 827 4192 praetermittentea
850 4117 956 4176 tamen
977 4111 1122 4195 eiusdem
1145 4109 1304 4175 Poetilicla
1328 4105 1421 4168 annot·

330 4210 406 4276 tiam
427 4227 445 4276 n
464 4209 615 4297 syuodo,
645 4214 704 4279 etei
731 4211 959 4280 tneuntnuem
980 4197 1153 4297 probaret,
1174 4211 1272 4278 timul
1290 4203 1421 4290 moniti!
