3048 4946
101 525 193 609 eoepit
211 530 315 608 partes
325 544 338 607 3
354 543 392 591 ec
410 529 521 608 postue
541 524 583 591 ab
603 522 724 592 eisdem
742 524 966 590 defensoribus
985 523 1018 588 in
1030 525 1099 592 suis
1117 417 1197 590 eg?

102 629 156 708 ptis
180 627 343 690 invocatus
364 630 453 691 testis
481 635 675 692 cunctorum
703 625 983 690 calumniosarum
1010 627 1196 707 imputatio-

101 745 181 803 num,
208 744 287 809 quas
315 727 492 792 adversarii
513 727 736 791 conduxerunt
754 735 866 790 contre
890 723 1057 806 vigilium,
1080 733 1193 792 contra

100 825 320 905 lustinienum,
336 837 525 909 ceterosque
540 827 682 893 Orientis
697 827 865 910 praesules
879 827 922 891 ob
941 826 1120 910 pruelatont
1134 827 1195 894 Cn·

100 930 266 1010 pitulorum
291 930 537 992 dumnotinuem.

168 1027 374 1107 Duodecim,
397 1032 472 1096 item
489 1032 529 1095 de
542 1030 603 1094 bae
617 1030 752 1112 epistula
768 1030 806 1094 ed
824 1029 973 1094 lleunam
989 1029 1062 1094 dete
1077 1047 1118 1093 ex
1139 1029 1192 1092 lti-

98 1148 169 1194 ncre
181 1148 200 1194 a
213 1129 342 1213 vigilio,
358 1132 452 1214 cujus
472 1151 606 1213 scopum
623 1133 819 1196 ostendimus
839 1131 1014 1208 contraire,
1029 1148 1116 1212 qonc
1127 1129 1188 1195 Ju-

97 1231 240 1296 stiuieuns
255 1233 296 1296 de
312 1232 417 1314 Papae
437 1231 578 1296 adventu
594 1232 900 1316 Constantinopolim
918 1237 1042 1308 uernat,
1058 1238 1089 1295 et
1105 1248 1189 1312 quse

97 1331 174 1414 Papa
195 1333 271 1398 dicit
290 1336 322 1398 in
344 1335 540 1410 Constituto,
555 1353 618 1398 non
638 1342 687 1398 est
708 1333 982 1413 praetereundum
999 1331 1087 1396 aliud
1110 1331 1190 1396 indi-

97 1434 177 1496 cium
197 1433 344 1500 falsitatis
364 1454 405 1500 ea
427 1434 571 1516 ejusdem
594 1435 749 1515 epistulae
778 1436 876 1514 stilo;
901 1435 958 1516 qui
979 1435 1189 1515 quodommu·

93 1533 253 1602 deveniat
275 1538 315 1599 nb
328 1554 368 1601 eo
389 1536 548 1602 distinctu·
569 1539 600 1602 iu
621 1537 764 1617 genuinis
779 1535 886 1616 vigilii
906 1537 1052 1619 scriptis;
1073 1551 1113 1599 ac
1133 1553 1190 1616 po·

98 1635 154 1699 tius
168 1653 298 1702 manum
312 1637 458 1718 designet
473 1639 574 1718 ipsine
589 1635 733 1701 Facundi
750 1636 799 1700 rel
821 1637 960 1718 ulicujus
981 1655 1022 1701 en
1035 1654 1093 1702 suu
1116 1653 1189 1717 pnr-

95 1740 136 1811 te,
153 1742 191 1800 ut
209 1737 240 1800 iu
262 1737 444 1802 antithesim
477 1738 666 1802 inniteretur
686 1736 782 1816 Papo.
816 1735 856 1800 Et
879 1737 976 1818 buius
995 1739 1121 1815 signum
1143 1737 1200 1830 dij

94 1837 286 1915 ermpoutiae
306 1836 542 1914 manifestator,
565 1837 620 1901 ubi
651 1837 698 1900 nit
717 1833 854 1916 llipilius
877 1836 982 1900 verbio
1003 1835 1199 1916 apostolicis

93 1951 176 1998 nnus:
185 1954 296 2016 pacem
309 1955 406 2000 meum
417 1937 563 2018 relinquo
576 1936 676 2012 eolis,
689 1947 797 2018 paoem
810 1953 908 2000 mecm
922 1937 963 1999 do
977 1934 1074 2010 ondin,
1086 1953 1188 2017 quum

92 2034 181 2101 aliter
194 2038 307 2102 eedem
324 2039 420 2104 rerba
436 2042 514 2105 citet
535 2040 565 2102 iu
586 2041 720 2120 genuina
737 2040 872 2120 epistola
893 2039 933 2101 nd
955 2037 1186 2124 Aureliennrnc

87 2153 189 2214 eurem
208 2157 310 2206 menos
332 2143 372 2206 do
389 2140 486 2218 nodis,
503 2159 613 2224 pncem
633 2157 731 2206 mecm
750 2139 898 2222 relinquo
918 2137 1013 2202 eolis.
1033 2139 1189 2208 Similiter

91 2237 248 2306 incudem
280 2243 415 2324 epistola
440 2243 562 2326 tegitur
582 2261 648 2308 son
680 2241 871 2323 responsalis
890 2259 1007 2324 graecu
1029 2240 1189 2308 vocabolo

88 2340 315 2418 apocrisiarius
340 2345 553 2427 respondeus:
583 2343 662 2426 qnia
685 2343 839 2408 diaconos
863 2341 1038 2424 semim
1062 2359 1190 2421 respon·

88 2440 162 2506 ralis
176 2454 316 2523 mrtrnc,
329 2444 384 2510 cni
398 2444 631 2527 praesidentes,
645 2444 810 2511 Ecclerine.
825 2443 1057 2510 Verumtamen
1078 2443 1109 2506 iu
1127 2443 1189 2508 sin·

87 2545 163 2608 ceris
184 2546 327 2626 epistulis
350 2545 457 2628 vigilii
477 2547 592 2612 nullibi
614 2547 779 2628 reperitur
799 2547 879 2610 baec
899 2545 998 2610 dictio
1009 2564 1021 2623 ;
1041 2543 1096 2608 sed
1116 2542 1188 2622 ejus

88 2640 157 2707 loco
180 2645 304 2726 ubique
328 2647 515 2712 inscribitur
538 2644 781 2728 apocrisiarios,
804 2648 852 2712 uti
882 2641 1007 2710 cunstat
1037 2663 1078 2708 en
1103 2642 1189 2708 litte·

92 2741 131 2805 ris
150 2745 190 2807 ad
212 2743 386 2812 Buaticum
407 2752 440 2810 et
463 2746 697 2824 Sebnstlauum,
720 2755 754 2811 et
781 2746 821 2809 ad
844 2743 1113 2810 Valentinianum.
1140 2741 1188 2806 llo

87 2843 222 2926 reliquo,
245 2849 273 2912 si
295 2849 375 2915 osee
395 2848 586 2930 responsalis
611 2868 675 2914 sun
696 2867 758 2912 nou
780 2848 925 2914 occurrit
938 2849 970 2911 in
991 2847 1121 2927 scriptis
1135 2843 1189 2908 Vi·

84 2947 147 3024 pilii
168 2949 210 3012 ita
227 2957 267 3014 nt
286 2957 441 3030 nppureet
461 2950 537 3014 buin
552 2948 698 3016 Pontidci
722 2951 890 3030 peregrine
901 2967 912 3027 3
928 2948 1055 3012 obviam
1081 2954 1186 3010 temen

86 3047 167 3110 venit
180 3048 286 3113 libros
304 3048 484 3130 legentibus
502 3048 657 3129 Facundi,
679 3051 782 3116 reluti
797 3050 899 3116 eidem
914 3047 1061 3130 propriuj
1074 3064 1114 3112 ec
1133 3045 1188 3112 lli·

86 3145 157 3226 gilio
178 3148 344 3214 inusitata.

159 3247 294 3338 Decime
316 3253 425 3329 tertio,
455 3254 543 3336 quud
565 3260 673 3318 autent
695 3252 775 3318 dicit
795 3250 969 3318 Facundus
989 3250 1029 3314 de
1049 3249 1188 3329 unigeni·

85 3349 138 3412 stis
152 3351 257 3416 veluti
273 3352 373 3418 trium
394 3353 620 3436 Capituloruro
635 3353 879 3435 promotoribus
898 3351 1185 3424 condemnationis,

83 3461 251 3536 postquam
275 3452 519 3534 perlustiniaui
540 3455 721 3521 instantiam
745 3454 901 3533 Origenes
921 3450 1188 3516 ttem'dumnntns

83 3561 139 3629 est,
168 3571 293 3635 eosque
313 3553 386 3620 ideo
406 3558 566 3622 ennrsisse
585 3557 742 3620 edversus
764 3553 955 3628 Ecclesium,
977 3553 1142 3633 quomodo
1163 3554 1190 3614 i·

83 3671 168 3736 paam
185 3657 370 3732 turbarent,
385 3661 430 3722 ac'
443 3675 542 3738 opera
556 3675 632 3722 usos
646 3676 715 3722 esse
728 3655 973 3737 acephalorum,
992 3653 1189 3734 quibuscum

83 3753 240 3821 loederati
272 3759 463 3839 irrupissent
492 3759 648 3824 adsersus
669 3755 878 3822 Theodorum
909 3761 1187 3836 mopsuestenum,

81 3856 158 3922 baec
186 3863 341 3942 superius
371 3860 528 3940 peculiari
550 3866 691 3925 tractato
722 3858 863 3922 discum
884 3859 1013 3918 suntet
1034 3853 1187 3917 relutata.

80 3959 292 4026 Solummndn
315 3963 377 4027 boe
407 3967 440 4028 iu
459 3961 534 4028 loco
553 3959 692 4026 sufficiat
721 3965 877 4033 statuere,
909 3973 994 4036 quoe
1014 3954 1055 4017 eb
1075 3953 1189 4016 codem

81 4071 237 4131 notentur
267 4063 421 4130 Fecuudo
449 4065 535 4126 circa
566 4059 740 4126 Domitiani
767 4057 951 4140 ancyrensis
981 4054 1122 4137 episcopi
1151 4053 1191 4118 li·

81 4161 205 4230 bellum
221 4167 263 4230 ed
279 4165 447 4248 vigilium,
462 4164 519 4228 ubi
540 4165 607 4246 ipse
622 4166 800 4227 retractare
814 4159 946 4239 fingitur
961 4156 1190 4239 capitulorum

78 4264 334 4349 damnationem,
355 4270 409 4334 coi
429 4267 664 4347 subscripserat
684 4281 795 4332 curem
816 4259 1010 4340 iustiniauo,
1034 4259 1132 4326 telem
1151 4258 1191 4324 li·
