3066 4950
104 487 249 569 ideoque
269 484 529 553 concludendum
551 493 611 566 est,
628 488 791 573 cyrillum
807 487 899 556 Vitae
912 509 939 557 s.
961 489 1086 558 Sabbas
1106 392 1222 560 'affl

102 607 186 664 rem,
217 588 354 652 tortasse
372 607 415 652 er
438 589 475 652 iis
500 590 598 652 trium
629 588 857 670 Capitulorum
884 593 1026 671 patronis
1057 595 1218 662 malitiosa

99 689 221 773 Synodt
250 686 288 752 V.
314 698 529 755 commutasse
557 709 692 772 scopum
714 691 746 756 in
777 700 983 774 posterorum
1005 695 1215 763 illusionem

99 796 160 856 aut
180 791 276 872 louge
290 800 363 872 post
382 791 482 875 bajus
502 789 639 859 concilii
652 802 806 871 aetatem,
828 794 1139 881 quamdamcprtttt
1161 815 1219 864 no-

98 909 174 955 mou
196 901 421 972 usurpantem,
443 909 529 975 qnae
559 895 619 960 sibi
643 895 847 974 ridebantur,
868 897 1033 980 scripsisse
1055 899 1096 965 da
1117 899 1218 982 buius

97 993 220 1080 synodi
237 994 345 1074 gestis,
362 997 533 1075 genuinam
548 995 638 1061 lllius
658 1005 914 1065 contemnentem
937 999 1114 1064 bisturlam.
1127 999 1219 1078 Quo-

99 1093 342 1177 modocumque
361 1097 416 1173 sit,
431 1098 527 1160 sicuti
548 1097 728 1161 nullimode
748 1108 795 1163 est
816 1097 1014 1180 acceptanda
1036 1100 1135 1182 buius
1154 1100 1217 1182 Gy·

100 1195 167 1258 rilll
183 1195 261 1260 lidea
281 1196 322 1259 do
336 1195 455 1280 Synodi
473 1194 510 1260 V.
527 1199 637 1261 Actis:
658 1199 727 1278 pari
746 1197 823 1279 jure
839 1197 1052 1264 dubitandum
1074 1217 1143 1265 esse
1157 1198 1218 1264 tlu-

103 1315 143 1361 co
172 1296 213 1362 do
234 1287 383 1362 omnibus
404 1297 445 1360 ab
465 1299 535 1377 ipso
557 1299 722 1362 recensitis
743 1301 828 1362 circa
850 1299 1000 1381 Origeols
1023 1307 1057 1364 at
1078 1300 1217 1382 origeni-

98 1407 225 1464 starum
247 1397 483 1463 damnationem
505 1411 546 1462 eo
568 1406 710 1478 tempora
728 1412 877 1464 exactam
905 1401 966 1467 sub
990 1397 1136 1480 Marus,
1163 1403 1216 1468 tal

100 1499 216 1565 deiude
237 1500 269 1564 iu
290 1500 372 1566 urbe
394 1501 751 1582 conuenttaopotttaus.

181 1597 330 1682 Denique
350 1601 436 1666 eirca
458 1600 574 1688 Cyrilli
597 1603 825 1668 auctoritatem
847 1603 879 1667 iu
900 1603 961 1668 bae
981 1622 1007 1668 s.
1029 1600 1155 1670 Sabbas
1175 1605 1217 1669 si·

103 1707 171 1769 cuti
193 1711 225 1768 et
248 1703 415 1787 Euthymii
445 1704 673 1768 conscribenda
703 1703 851 1779 bistoria,
873 1703 941 1767 duo
963 1712 1139 1784 supersunt
1159 1722 1218 1769 no·
1315 1756 1322 1771 ,

105 1804 215 1880 tanda,
232 1818 317 1885 quse
330 1805 483 1869 lubenter
495 1805 628 1869 lectoris
641 1805 807 1884 sagacitati
821 1804 988 1868 submitto.
1005 1805 1047 1870 tlt
1059 1806 1216 1887 primurn,

102 1905 249 1992 cyrillus
270 1907 381 1971 inrita
403 1925 428 1969 s.
445 1905 613 1990 Euthymii
634 1922 665 1968 ιι.
682 1903 751 1972 llil.
768 1907 891 1987 lnquit:
909 1927 927 1970 ιι
942 1906 1057 1988 ltaque
1078 1924 1153 1974 cum
1168 1901 1216 1971 tu·-

100 2007 249 2070 eidissem
269 2007 301 2068 in
324 2007 497 2070 moltoser
519 2007 619 2088 btijus
642 2005 750 2072 Eremi
773 2008 931 2086 patribus,
947 2009 1004 2088 qui
1026 2007 1142 2088 partlm
1166 2023 1217 2072 ra·

102 2116 152 2172 cto
168 2107 339 2172 audierant
362 2127 412 2172 res
428 2107 609 2192 Enthymii,
631 2107 795 2188 partius-et
816 2108 977 2189 cumipse
997 2108 1093 2174 beato
1108 2107 1215 2174 Sabba

101 2209 285 2272 conversati
316 2207 459 2286 lucrant,
487 2225 716 2290 quaecamque
746 2227 861 2273 conam
891 2210 1115 2289 unusquisque
1136 2209 1218 2274 mibi

102 2309 142 2374 de
164 2312 294 2374 utrovis
315 2309 449 2374 illorum
475 2311 634 2386 narravit,
663 2313 770 2376 omnia
792 2309 924 2391 quidem
956 2319 1110 2376 accurata
1140 2327 1217 2376 oon·

101 2411 228 2492 scripsi,
244 2418 387 2475 attamen
407 2412 541 2477 contuso
562 2421 596 2475 et
616 2411 808 2476 inordinate.
823 2409 984 2491 Tempore
1007 2429 1084 2476 aero
1105 2429 1217 2480 couse-

103 2519 236 2593 queam,
258 2515 464 2578 oecumenica
487 2516 599 2595 quinta
615 2513 765 2600 synodus
785 2513 1061 2594 Constantinopoli
1082 2530 1217 2594 cougra-

107 2623 194 2695 gata,
212 2620 325 2700 et'per
355 2631 426 2678 eam
453 2613 602 2696 Origenis
623 2623 656 2680 al
686 2614 827 2680 Nestorii
855 2615 1058 2694 dogmatibus
1085 2614 1218 2681 anatba·

102 2725 189 2780 mate
209 2716 393 2797 percussis3
416 2735 559 2798 cumque
579 2721 636 2799 qui
652 2717 778 2784 Noram
795 2715 937 2781 Laurum
960 2724 1132 2782 tenuerant
1152 2717 1217 2780 ori·

102 2815 272 2898 genistae„
283 2817 375 2882 illino
396 2827 501 2882 ament
523 2819 665 2900 expulsi,
679 2836 861 2898 rursusque
883 2821 913 2882 in
935 2835 1005 2882 cam
1027 2819 1218 2898 migrassent

101 2918 213 2983 fideles
234 2925 267 2983 ct
294 2919 469 2984 orthodoxi
497 2929 618 3002 patres,
643 2938 704 3001 ego
727 2922 885 3000 permissu
909 2919 1109 2986 admirabilis
1134 2918 1217 2984 Soli·

102 3019 176 3083 tarii
191 3018 325 3084 loannis
340 3021 482 3102 episcopi
504 3020 634 3086 discedo
658 3039 677 3084 a
699 3022 868 3101 coenobi03
885 3029 919 3086 et
937 3021 1004 3100 ipse
1030 3023 1127 3084 otiam
1146 3035 1217 3084 ter·

100 3139 158 3186 sor
178 3122 210 3184 iu
232 3122 293 3184 bac
314 3119 433 3186 Laura.
456 3121 562 3187 Porro
583 3129 753 3202 postquam
776 3121 815 3184 ad
837 3139 908 3185 eam
932 3120 1139 3196 transiissem,
1162 3137 1218 3200 pa·

102 3233 210 3288 ternas
229 3222 356 3288 litteras
378 3231 523 3300 secutus,
538 3243 623 3306 quaa
638 3225 855 3288 hortabantur
870 3241 920 3286 me
936 3230 973 3285 ut
989 3221 1217 3300 componerent

100 3324 271 3389 historiens
292 3324 466 3388 beatorum
483 3322 652 3409 Euthymii
671 3335 704 3389 et
719 3323 855 3401 Sabbee,
872 3323 953 3386 duos
968 3321 1099 3403 quidem
1115 3337 1216 3396 anuos

102 3424 253 3506 deinceps
268 3425 439 3491 continuos
460 3425 570 3507 quiaai
586 3429 617 3489 iu
639 3423 746 3491 Laura
768 3432 800 3491 et
814 3424 907 3504 operi
921 3421 1155 3488 conscribendo
1171 3421 1216 3484 iu·

99 3525 250 3594 cubui.»

175 3626 290 3694 Postea
306 3631 337 3691 lu
354 3647 384 3692 ιι.
400 3627 470 3696 ltin.
488 3631 641 3695 visionem
654 3636 767 3694 narrat
778 3627 922 3715 Cyrillus
938 3629 1044 3692 dicens
1059 3627 1214 3706 seipsum,

99 3747 176 3806 oum
197 3747 260 3793 nou
282 3738 391 3812 posset
418 3733 575 3796 orationis
597 3731 792 3812 principium
816 3729 936 3804 lacere,
966 3731 1086 3812 quippe
1108 3726 1216 3798 nrudi·

102 3837 189 3896 tione
209 3835 340 3912 expers,
357 3841 389 3895 et
405 3833 482 3920 binc
500 3831 677 3913 perplexus
691 3839 724 3894 ot
742 3829 977 3910 cogitabundus
993 3846 1090 3892 mauu
1108 3836 1217 3900 teneus

97 3935 260 4006 ebanem,
277 3937 308 3998 in
329 3951 441 3997 somno
464 3933 579 3998 vidisse
592 3938 719 3998 muetos
734 3930 949 4014 Euthymium
971 3937 1003 3991 et
1017 3928 1154 3994 Sabbam
1170 3928 1216 3988 in·

100 4040 153 4096 ter
173 4051 208 4096 se
229 4033 468 4114 colloquentes,
488 4051 526 4098 ac
545 4033 702 4100 sollicitos
717 4031 877 4098 auxilium
898 4037 1064 4111 praestare
1080 4026 1215 4109 cyrillo,

98 4131 144 4198 Et
164 4134 207 4198 ob
230 4135 291 4198 boc
310 4136 432 4210 subdit,
453 4153 479 4198 a.
504 4134 731 4222 euthymium,
761 4149 858 4198 utanu
881 4131 1021 4194 immissu
1042 4130 1074 4192 in
1094 4130 1214 4202 sinum,

95 4236 473 4318 argenteumqueaudana
489 4236 689 4304 alabastrum
705 4234 793 4302 illinc
806 4232 992 4315 sumpsisse.
1007 4230 1043 4296 lu
1058 4248 1124 4312 quo
1141 4247 1216 4293 cum
