3028 4942
313 396 373 466 ill

744 493 884 563 CAPUT
903 495 976 562 xit.

313 699 450 764 Iudiciis
469 699 644 782 manifestis
665 701 845 766 adstruitur
860 705 1131 782 praesumptorum
1149 717 1289 765 errorum
1302 699 1413 786 Sputu-

355 821 426 884 gmu
448 821 487 864 ce
506 804 634 884 solsctis
657 800 804 884 Oripcuis
823 802 951 884 scriptis
971 811 1095 867 erutum
1110 821 1170 884 per
1190 803 1287 866 orlssru
1303 801 1415 883 hulon-

357 916 425 970 tuus
446 926 527 970 csse:
551 927 571 970 o
591 926 653 988 quo
675 905 885 988 Theophilus,
908 904 1127 986 Epiphanius,
1157 915 1186 969 ct
1207 905 1414 986 Hieronymus

355 1007 461 1084 illusi,
480 1010 606 1089 [rostro
625 1009 875 1075 condemnarunt
893 1006 1095 1073 iuuoccuteus.

317 1232 460 1354 Interea
481 1292 594 1372 nequis
623 1289 759 1370 dubitet,
784 1312 862 1359 uum
885 1310 1001 1358 rorem
1030 1291 1192 1358 etulsetis
1211 1295 1345 1356 erutum
1364 1287 1419 1353 Pe·

316 1391 466 1464 orroeon
485 1394 576 1456 libris
597 1395 720 1474 (veluti
741 1397 773 1458 iu
793 1396 952 1462 secundae
973 1394 1080 1460 Portis
1102 1394 1225 1458 hinnitu
1247 1388 1419 1473 praeveni)

318 1511 472 1557 errorum
493 1493 664 1576 hhutopmo
684 1497 840 1573 extiterit,
863 1495 996 1577 Origeui
1016 1495 1217 1576 inscriptum,
1233 1501 1265 1558 et
1281 1493 1323 1556 nb
1343 1492 1420 1556 elie·

318 1611 358 1656 uu
372 1612 470 1658 manu
484 1613 598 1675 graece
612 1597 828 1674 eleboratum,
843 1616 882 1660 co
898 1614 1000 1677 neque
1014 1597 1124 1676 paucis
1138 1603 1263 1671 uotum,
1281 1611 1321 1657 sc
1334 1609 1422 1658 seor·

317 1697 377 1760 eim
400 1695 568 1776 vulgatum
588 1697 629 1759 nh
650 1699 802 1778 oporibus
823 1699 967 1778 genuinis
988 1697 1164 1772 Auctoris,
1185 1695 1270 1762 istud
1293 1697 1350 1760 htc
1370 1693 1423 1758 ed·

317 1804 447 1876 struere
464 1798 571 1879 juvet,
587 1801 718 1880 praevia
738 1799 927 1866 eorumdem
943 1800 1082 1864 maximo
1101 1796 1284 1879 Theophili,
1307 1795 1424 1861 Hiero-

318 1902 418 1984 nymi,
441 1907 474 1963 et
493 1898 662 1981 Epiphanii
682 1902 886 1966 auctoritate.
903 1899 945 1965 lii
964 1901 1049 1964 euim
1069 1899 1363 1980 recensereque
1383 1915 1423 1960 ex

320 2001 432 2073 eodem
449 2002 733 2082 interpolatiouum
755 2003 842 2066 toute
863 2004 1028 2078 bibentes,
1053 2002 1225 2068 ostendunt
1247 2019 1285 2064 se
1307 2015 1422 2080 perum

321 2104 420 2168 inisse
441 2104 474 2167 iu
493 2105 704 2186 disquirendis
723 2106 991 2188 conterendisque
1011 2105 1158 2186 Origouis
1184 2103 1340 2185 operibus
1360 2099 1424 2164 sol·
1512 2080 1514 2111 ⁴

319 2205 447 2282 licitos,
468 2225 566 2287 quem
588 2209 746 2272 incuriam
768 2212 884 2274 morito
903 2208 1051 2274 Rudinus
1070 2207 1187 2286 suique
1203 2205 1348 2268 nssoclee
1368 2203 1425 2266 eis·
1507 2272 1508 2275 Ἴ

321 2306 394 2371 dem
408 2308 467 2372 etsi
489 2308 625 2384 trustra,
646 2309 898 2390 exprobrarunt.
915 2307 963 2374 hc
977 2309 1099 2374 intereo
1120 2304 1321 2386 Theophilus
1334 2301 1373 2366 iss
1387 2299 1426 2365 ll·
1509 2376 1510 2392 ,

317 2405 438 2487 pistolc
458 2404 615 2488 Synodion
636 2428 667 2472 n.
689 2408 720 2474 'l.
735 2411 780 2477 sit
793 2426 802 2468 c
817 2430 834 2470 ιι
850 2429 897 2486 se,
918 2409 1118 2490 congregetis
1135 2408 1175 2472 do
1196 2413 1261 2470 toto
1277 2405 1427 2490 Aegypto

322 2511 491 2591 episcopis,
514 2513 696 2592 pervenisse
711 2510 850 2575 Nitriem
860 2531 871 2590 ;
894 2518 926 2575 et
939 2529 1050 2575 corum
1066 2511 1175 2574 multis
1190 2509 1349 2590 putribus,
1372 2505 1427 2587 qui

321 2611 363 2675 do
384 2619 451 2675 toto
472 2612 619 2696 Aegypto
641 2615 905 2689 convolaverunt,
927 2613 1002 2676 lecti
1022 2621 1098 2678 suut
1116 2611 1192 2673 libri
1213 2608 1377 2688 Origenis,
1397 2609 1428 2668 io

323 2713 441 2791 quihus
453 2714 549 2795 impio
564 2716 676 2778 labore
691 2715 832 2792 sudavit,
844 2721 877 2778 et
890 2731 1046 2778 consensu
1060 2706 1425 2776 omntumcondemuuti.

322 2809 406 2878 Nem
427 2831 503 2878 cum
521 2816 690 2896 legeretur
708 2825 769 2880 etc.
785 2834 819 2886 u,

400 2912 484 2979 Hinc
504 2917 676 2996 intelliges,
697 2935 773 2980 cum
794 2915 948 2982 horinon
970 2919 1079 2996 posset
1098 2919 1136 2978 ut
1155 2909 1357 2994 Theophilus
1377 2927 1429 2974 co·
1511 2937 1512 2942 1

323 3033 395 3078 rem
415 3015 544 3100 Synodo
565 3037 675 3082 omnes
695 3019 843 3098 Origenis
858 3019 958 3084 libros
978 3018 1102 3099 legeret
1123 3019 1177 3098 (ex
1197 3035 1263 3098 quo
1285 3015 1428 3095 plurime

323 3120 450 3198 scripsit
475 3120 695 3202 diuturnoque
709 3121 848 3186 lectione
869 3139 951 3200 opus
972 3121 1001 3184 ei
1021 3119 1146 3196 inisset)
1169 3121 1245 3183 sotis
1260 3117 1430 3182 uerisimil-

324 3217 439 3284 limum
461 3240 541 3298 esse,
557 3221 735 3286 indiculum
750 3231 1032 3303 praesumptorum
1054 3239 1205 3286 errorum
1224 3221 1297 3283 hinc
1317 3219 1394 3282 inde
1413 3235 1430 3280 e

323 3322 391 3384 suis
410 3324 538 3403 scriptis
560 3323 683 3386 latentis
714 3324 910 3399 collectum,
929 3323 1079 3388 Patribus
1106 3321 1314 3406 synodalibus
1337 3321 1431 3384 obtu-

323 3421 421 3502 lisse,
444 3440 585 3503 eumque
607 3441 718 3504 reapse
740 3425 851 3487 haberi
873 3424 1060 3500 Centonem,
1083 3423 1122 3487 de
1136 3441 1202 3503 quo
1223 3438 1320 3501 suurn
1344 3420 1430 3498 dixi;

325 3522 445 3602 cuique
461 3526 559 3603 magis
573 3524 708 3586 credidit
727 3522 937 3604 Theophilus,
953 3543 1064 3604 quum,
1080 3523 1165 3586 uude
1179 3531 1293 3586 erutus
1308 3520 1430 3594 inuret,

324 3623 457 3686 sinceris
479 3623 620 3687 tontibus
634 3625 775 3688 studens.
798 3625 920 3690 Eadem
941 3642 1040 3706 porro
1062 3627 1127 3706 egit
1147 3633 1179 3689 et
1191 3624 1288 3688 sensit
1306 3640 1333 3685 ι.
1356 3619 1432 3686 iiie·

324 3740 501 3806 rouymus3
532 3724 645 3805 quiin
668 3725 813 3806 Epistola
833 3747 862 3791 u.
884 3725 935 3794 8t.
967 3727 1104 3792 hornum
1125 3727 1165 3790 nd
1191 3724 1431 3791 Pammachinm

326 3833 358 3888 ot
373 3824 539 3888 Oceanum
562 3829 661 3891 libros
688 3838 832 3908 quatuor
854 3828 897 3892 Dc
919 3828 1096 3910 Principiis
1110 3830 1208 3893 lotiue
1231 3846 1340 3893 versos
1363 3827 1431 3891 mit·

327 3933 408 4002 teus,
431 3927 662 4006 eructationem
685 3932 834 4008 apposuit
846 3952 857 4009 3
879 3949 944 4012 qun
966 3949 1076 3994 omues
1097 3949 1226 3994 errores
1247 3927 1365 3993 eisdem
1388 3929 1433 3990 in·

325 4027 474 4106 scriptos,
499 4029 682 4092 menitestos
697 4030 867 4117 redderet:
884 4045 916 4095 et
932 4033 985 4094 uhi
1000 4033 1136 4112 ingenue
1152 4031 1286 4107 letetur,
1306 4048 1342 4094 se
1357 4036 1432 4092 tuuc

327 4123 400 4188 idco
422 4127 592 4191 consilium
621 4136 761 4193 mutasse
782 4132 822 4194 de
842 4129 982 4213 Origene
1002 4151 1078 4198 cuns
1099 4140 1192 4196 uuten
1213 4132 1314 4213 probe
1334 4130 1374 4193 de
1393 4145 1432 4191 eo

325 4232 470 4296 sentiret.
487 4226 673 4312 Postquam,
686 4229 769 4312 dico,
788 4231 995 4317 uThcophito
1008 4235 1126 4302 ittusus
1141 4239 1189 4302 cst
1202 4233 1242 4300 oh
1255 4233 1324 4316 ipso
1343 4245 1431 4296 ucce-
