3138 4950
320 374 465 543 fficium
486 473 623 559 prselsti
644 469 796 556 Gregorii
826 472 919 540 aditis
939 475 971 540 lu
985 471 1095 539 '‘lome
1119 471 1195 538 ΧΙΙ.
1220 434 1450 539 brettonem
1560 483 1561 486 ’

321 578 554 645 Gellandiauee
582 596 612 660 p.
637 574 709 645 291.
734 592 877 658 quornm
897 593 984 640 unna
1006 575 1196 640 inscribitur
1211 573 1255 639 Dr
1273 573 1449 656 sephim

321 679 463 756 motet,
494 681 579 745 alter
596 676 770 744 soltanus
786 680 982 760 pmmurem.
1016 675 1052 741 ln
1073 688 1216 761 utroque
1236 678 1320 742 enirn
1348 667 1445 740 b'aud
1560 757 1561 774 χ

324 790 449 846 tantum
471 780 669 845 convellitur
688 781 730 842 ab
743 797 783 844 ee
803 779 1118 861 ophthordocstorum
1134 779 1288 854 haeresia,
1309 778 1351 842 de
1371 795 1447 858 qua

324 883 493 965 culpator:
513 882 568 946 sed
590 890 623 947 et
642 881 811 946 manifeste
831 881 1013 947 adstruitur
1033 881 1218 946 orthodoxe
1239 881 1339 961 ipsius
1358 879 1448 945 tides

324 985 365 1050 de
380 984 561 1049 conditione
575 986 724 1065 corporis
735 981 854 1050 Christi
868 992 942 1048 ante
956 983 1244 1048 resurrectionem:
1259 981 1346 1063 qnod
1360 997 1448 1045 cum

325 1094 409 1151 esset
432 1082 538 1149 Verbo
566 1084 675 1147 diotae
695 1086 855 1150 sceletum
875 1090 908 1146 et
937 1083 1011 1146 binc
1040 1081 1299 1163 incorruptibile,
1324 1087 1451 1162 sponte

324 1185 541 1266 oomnptioni,
563 1184 631 1250 sire
659 1183 798 1265 passioni
822 1183 971 1248 submisit
992 1185 1025 1247 in
1044 1186 1228 1252 reimerum
1250 1193 1446 1250 nostrarum

323 1287 475 1352 satutem.

406 1385 448 1452 Et
463 1390 515 1452 ‘sic
536 1403 650 1468 reapse
670 1386 765 1450 docet
789 1386 821 1449 iu
841 1384 997 1451 Sermone
1019 1385 1044 1450 l.
1065 1405 1096 1450 u.
1117 1385 1148 1451 λ
1169 1386 1333 1453 Christum
1354 1403 1452 1452 asse·

325 1505 483 1554 renasca
505 1488 571 1568 ipsa
603 1488 784 1562 roluntete,
812 1487 970 1570 nullaque
994 1490 1184 1552 serenitate
1211 1491 1243 1552 io
1264 1505 1450 1553 carnosus

327 1595 464 1653 mortem
486 1598 618 1670 pastore
644 1589 804 1652 voluisse:
828 1609 845 1648 r
868 1587 909 1651 m
936 1607 1011 1653 cnm
1033 1596 1116 1656 esset
1135 1589 1208 1672 ejus
1228 1591 1329 1654 deitas
1361 1593 1454 1653 utri·

327 1709 392 1770 qne
413 1693 545 1772 corpori
575 1699 609 1754 et
628 1691 755 1754 animae
775 1706 896 1766 comas,
928 1708 1087 1770 nnsqusm
1117 1691 1292 1772 aliquando
1308 1698 1381 1772 post
1406 1710 1454 1756 u·

326 1793 454 1856 niceam
476 1809 550 1856 cum
573 1793 773 1855 humanitate
795 1791 951 1856 discessit.
983 1789 1068 1868 Quin
1090 1798 1124 1856 et
1143 1794 1260 1857 eratlu
1280 1793 1386 1868 coelo,
1409 1809 1451 1855 a·

328 1891 488 1973 deratqne
503 1893 726 1973 impatibiliter
741 1893 930 1974 sepulchro,
942 1887 1107 1985 ἄφθαρτον
1115 1895 1363 1975 incorruptibile
1375 1911 1450 1958 ser·

329 2009 407 2056 raus
427 2011 525 2057 snum
547 1994 646 2073 ipsius
666 1992 903 2070 indumentum,
926 1995 975 2059 bis
1002 1998 1044 2058 ita
1075 1998 1282 2059 oeconomice
1301 1995 1409 2074 pertis.
1429 2013 1450 2052 ι

327 2092 450 2160 lieindo
470 2095 649 2162 introducit
668 2094 849 2174 losephum
871 2097 911 2158 sd
936 2095 1075 2160 Pilatum
1097 2096 1260 2172 locutum,
1282 2096 1447 2174 inquiens,

327 2204 443 2279 sponte
462 2213 522 2260 sna
544 2203 681 2260 mortem
708 2195 844 2262 subiisse
866 2195 1042 2263 Christum.
1072 2196 1228 2262 Similiter
1250 2193 1350 2278 paulo
1371 2203 1450 2276 post

329 2314 363 2360 u
384 2297 415 2362 7.
438 2297 586 2364 Christus
605 2298 769 2378 loquitur,
801 2317 836 2363 aa
858 2317 921 2362 nou
942 2317 984 2363 ex
1015 2299 1201 2363 infirmitate
1222 2297 1369 2377 propria,
1387 2297 1448 2360 aed

329 2396 531 2464 humanitate
547 2417 623 2479 erga
646 2397 790 2463 homines
804 2399 994 2466 sustinuisse
1009 2402 1199 2482 passionem.
1218 2395 1260 2462 Et
1273 2399 1353 2462 haec
1366 2399 1449 2462 sori·

329 2497 408 2564 bens
429 2499 620 2580 Gregorius,
642 2500 822 2565 nullimode
843 2510 1082 2568 tormentorum
1101 2503 1164 2566 vim
1186 2509 1280 2582 negat
1301 2503 1332 2564 iu
1352 2500 1448 2567 Chri·

329 2601 372 2664 sti
393 2619 532 2682 corporo
553 2611 627 2666 anto
648 2605 933 2669 resurrectionem.

413 2703 569 2768 Similiter
590 2706 621 2766 in
637 2703 792 2770 Sermone
805 2705 910 2769 altero
926 2723 958 2768 u.
973 2704 1003 2772 3.
1024 2704 1202 2786 Prophetes
1221 2711 1254 2770 et
1270 2704 1444 2785 Apostolos
1560 2707 1561 2730 ¹

332 2815 556 2888 repraesentat
571 2805 690 2872 Christi
705 2824 893 2887 praecones,
908 2808 1050 2873 dicentes
1062 2809 1169 2888 ipsum
1183 2806 1224 2870 ad
1237 2817 1446 2887 spontaneam

332 2910 515 2987 puscionem
543 2927 578 2972 se
599 2908 755 2974 dimisisse
776 2909 807 2971 in
835 2915 943 2972 monte
971 2907 1058 2974 Sion.
1083 2907 1118 2972 lo
1139 2927 1170 2979 n,
1193 2908 1225 2974 ⁵1.
1255 2909 1369 2973 scribit
1388 2905 1445 2971 liei

333 3005 477 3072 Verbum
507 3010 669 3074 hominem
693 3008 815 3074 tactum
844 3027 925 3086 esse,
947 3019 1079 3076 serrato
1099 3012 1132 3073 io
1162 3010 1288 3092 abjecta
1311 3009 1445 3074 hominis

333 3109 516 3174 oondtttone
546 3110 721 3176 divinitatis
743 3111 881 3192 lastigie,
907 3129 969 3176 uon
1001 3119 1123 3176 mntsta
1144 3113 1176 3174 in
1207 3113 1356 3191 passione
1381 3110 1446 3172 dei·

333 3213 408 3275 tatis
427 3213 694 3293 impassibilitate,
726 3229 786 3278 nac
806 3223 972 3293 assumpto
1004 3223 1138 3295 peccatu
1159 3221 1222 3276 etc.
1246 3212 1287 3278 lit
1309 3215 1340 3277 in
1361 3206 1442 3276 md.

334 3315 399 3378 uit:
418 3335 435 3374 r
452 3313 591 3392 Patitur,
607 3324 639 3380 et
659 3332 722 3380 non
744 3318 878 3397 patitur.
894 3313 969 3379 Noli
991 3319 1131 3397 primum
1147 3313 1257 3380 Verbo
1279 3315 1440 3380 tribuere:

333 3414 513 3482 secundnm
534 3433 574 3478 ne
598 3418 687 3479 carui
712 3413 809 3482 Verbi
836 3417 1002 3498 puteant
1023 3435 1062 3480 no
1082 3433 1212 3481 earnem
1234 3435 1252 3478 a
1273 3413 1381 3480 Verbo
1398 3431 1445 3478 se·

336 3516 514 3596 pares‚sed
538 3519 625 3597 qood
649 3517 822 3598 utriusque
843 3528 980 3582 naturae
1001 3520 1170 3599 proprium
1192 3524 1254 3592 est,
1270 3517 1442 3598 designo...

335 3611 466 3702 lluplex
488 3619 610 3699 quippe
630 3629 711 3683 erat.
735 3619 817 3684 Nam
839 3630 872 3683 et
892 3622 998 3684 crevit
1018 3620 1154 3683 struxit
1175 3617 1291 3692 ubera,
1308 3624 1342 3681 et
1359 3615 1443 3680 berit

335 3722 370 3781 et
389 3721 601 3783 contristatus
629 3730 678 3784 est
699 3725 906 3798 promtiore
936 3727 1074 3784 naturae
1095 3728 1235 3782 nostrae.
1268 3715 1343 3783 Non
1362 3718 1441 3781 enim

335 3818 523 3885 incarnatus
545 3819 633 3886 liena
655 3821 798 3887 Verbum
821 3824 1004 3904 inculpatas
1036 3831 1173 3886 naturae
1193 3829 1325 3886 nostrae
1345 3819 1445 3883 renuit

336 3923 511 3998 pessinnes.
528 3941 543 3980 o
560 3921 603 3988 Et
622 3925 708 4004 quis,
728 3943 803 3990 eum
821 3925 862 3986 ita
880 3925 995 3988 doceat
1009 3920 1201 4004 Gregorius,
1217 3940 1282 3986 nen
1304 3935 1443 4000 comprs-

339 4019 489 4086 bonderit
508 4025 667 4105 dogmatis
681 4025 910 4090 rectitudinem
931 4026 1080 4105 apprime
1100 4040 1302 4104 expressam,
1316 4039 1375 4086 nec
1392 4018 1441 4083 ob
1560 4039 1561 4068 t

337 4123 523 4189 testationes
544 4123 619 4189 inde
638 4124 780 4194 deducat
810 4127 968 4190 adrerans
989 4142 1045 4188 ena
1066 4124 1164 4188 aliter
1185 4139 1202 4184 ι
1224 4141 1259 4186 se
1279 4121 1440 4186 sentientes

335 4221 377 4287 de
398 4225 705 4305 incorruptibilitate
726 4228 875 4310 corporis
896 4225 1016 4292 Christi
1046 4231 1122 4291 oute
1144 4215 1439 4291 resurrectionen?
