3066 4950
93 476 146 559 jus
166 473 329 542 Pontidcis
350 475 443 560 digus
467 481 557 544 ranis
584 489 616 546 et
637 479 835 562 indulgentia
858 497 934 562 arga
956 479 1089 546 illorum
1111 467 1207 564 Ga'pl·
1286 543 1292 550 .

97 577 241 641 telorum
261 577 590 661 deiensores„putius
610 599 710 664 quam
725 598 784 663 per
801 575 837 647 'se
858 589 891 646 et
911 599 971 664 per
985 581 1123 650 lisrssna
1143 583 1205 648 du·

96 695 162 742 cem
176 681 362 760 opprimere
381 682 659 748 schismaticorum
674 684 844 748 audaciam
864 683 1021 748 adsersus
1034 683 1202 772 synodum

101 775 137 841 V.
159 779 242 845 ilum
263 789 296 845 et
326 783 394 863 ipse
421 781 544 849 dudum
565 799 629 850 non
655 787 762 851 solum
787 785 956 852 restitisset
983 786 1202 866 dumnatioui3

96 881 149 944 aed
171 889 244 963 pust
263 883 535 966 subsmiptiouen
556 886 765 966 resipuisset3
792 893 827 952 et
845 905 865 952 e
884 892 996 951 eontra
1019 885 1143 952 Narras
1160 905 1204 952 ex

97 983 243 1047 tnsndrto
263 982 449 1061 luatinisui,
472 985 528 1066 qui
543 1004 561 1048 a
578 982 709 1052 Victore
723 993 841 1053 auctor
861 995 999 1069 putatur
1018 989 1204 1052 snstbems·

96 1087 146 1161 tis,
168 1084 285 1150 turim
305 1103 403 1166 agere
422 1085 587 1150 debuisset
607 1087 639 1150 ln
659 1089 827 1170 episcopos
847 1089 1056 1153 reluctantes.
1081 1087 1117 1151 lu
1138 1107 1205 1170 quo

96 1192 198 1249 tsmen
219 1203 273 1250 res
292 1203 328 1250 se
349 1185 446 1250 aliter
465 1186 599 1268 babuit;
630 1207 706 1253 cum
728 1187 878 1270 Pelspius
898 1188 930 1252 iu
959 1185 1064 1253 Nersa
1085 1203 1204 1270 enpro-

96 1285 164 1350 bret
180 1288 426 1369 indulgentiam,
441 1307 477 1352 se
492 1307 571 1354 reru
589 1291 738 1354 ostendet
753 1291 796 1353 ita
817 1288 963 1366 tirmum,
980 1295 1017 1353 nt
1038 1288 1078 1352 ab
1093 1309 1132 1353 eo
1147 1305 1205 1356 ex·

39 1407 41 1414 ¹
94 1388 245 1454 cludatur
267 1398 440 1470 perpetuo,
462 1406 521 1455 sen
541 1391 585 1456 ab
604 1391 695 1456 tuitio
716 1393 913 1472 quaestionis
936 1389 977 1454 ad
998 1391 1123 1456 obitum
1154 1409 1207 1456 ns·

96 1507 169 1570 qne,
190 1490 334 1571 quodvis
353 1491 422 1555 sire
442 1481 679 1573 perplexitatis,
703 1499 761 1557 ant
787 1493 1026 1576 resipiscentiae
1045 1491 1203 1556 iudicium

95 1590 133 1654 de
154 1593 191 1655 lis
212 1589 374 1672 capttutts
395 1593 683 1658 nnatbematirntis.
1174 1608 1179 1623 ·

143 1719 147 1727 ·
170 1692 265 1771 Quae
287 1713 363 1759 cum
384 1695 428 1758 its
448 1697 523 1769 siut,
546 1711 610 1758 uon
631 1704 679 1760 est
699 1695 832 1772 mirum,
855 1694 1026 1760 historicos
1047 1695 1124 1761 huic
1145 1715 1202 1761 nn·

94 1800 178 1858 strse
197 1799 298 1861 aetati
319 1799 485 1878 prosimos
507 1794 616 1877 vigilii
637 1805 724 1878 gesta
746 1805 979 1877 perscrutatos,
1001 1815 1077 1862 curu
1099 1801 1204 1862 miuus

96 1901 179 1963 cinti
200 1901 232 1963 in
252 1901 408 1982 praelatis
428 1899 630 1964 documentis
660 1897 874 1980 dijudlcsudis
894 1899 1093 1976 incesserint,
1114 1917 1149 1964 se
1169 1917 1205 1964 ss

97 2000 207 2082 pelago
221 2001 419 2065 commisisse
440 2000 690 2080 qusestlouums
716 2017 755 2064 sc
775 2017 1024 2081 quaquaversus
1044 2000 1077 2064 iu
1090 2019 1209 2082 scopu·

95 2102 142 2166 los
162 2103 394 2183 irrumpentes,
412 2104 593 2167 nullimode
613 2109 745 2184 portum
763 2103 903 2168 saluisse
917 2103 1099 2184 pertingere
1114 2103 1206 2184 quin,

97 2207 154 2269 etsi
173 2207 279 2282 inriti,
302 2206 476 2286 qnamdam
492 2203 616 2284 vigilio
638 2203 745 2286 Papae
764 2211 798 2268 et
818 2203 892 2268 binc
913 2203 1119 2269 Pontificatni
1141 2202 1207 2269 Ru·
1272 2226 1283 2241 ·

3 2325 5 2364 τ
98 2325 188 2372 mano
209 2311 380 2374 inurerent
400 2307 517 2370 labem.
535 2305 617 2372 Cum
639 2307 737 2383 euim,
754 2313 791 2370 nt
812 2323 910 2387 saepe
925 2303 1082 2383 diximus,
1098 2303 1212 2390 desy-

95 2409 179 2473 uodo
191 2408 232 2475 V.
247 2411 441 2474 documenta
464 2409 505 2470 ub
526 2409 596 2488 ipso
618 2415 765 2488 tempore
787 2406 909 2471 inerint
927 2407 1137 2490 interpolata,
1160 2409 1209 2473 uti

96 2513 302 2576 rebementer
329 2512 497 2592 conquesti
526 2517 602 2574 suut
622 2507 777 2575 celebrati
810 2507 994 2584 Pontifices,
1022 2508 1208 2575 cautissime

3 2655 5 2668 .
42 2633 47 2644 ·
97 2629 173 2695 erpo
193 2611 415 2694 percurrenda
430 2619 523 2674 erant
537 2629 574 2675 ea
588 2611 721 2693 scripta,
739 2611 906 2694 speciatim
927 2628 1072 2691 quorum
1094 2619 1210 2677 suctu·

97 2731 159 2791 res,
183 2725 242 2782 sut
270 2715 332 2778 tria
354 2713 503 2795 capitula
529 2711 756 2789 detonderunt,
777 2713 847 2778 sire
869 2709 1109 2777 deiendentium
1134 2727 1210 2792 par·

99 2817 120 2880 ti
140 2817 287 2884 obsecuti
306 2825 394 2893 sunt,
416 2825 474 2880 aut
488 2815 551 2879 slis
574 2813 798 2880 inficiebantur
818 2814 956 2880 baereat.
973 2813 1065 2892 Ideo,
1078 2813 1135 2896 qul
1157 2815 1207 2880 bis

97 2932 283 2982 successere
302 2919 491 2998 scriptores,
512 2916 553 2980 ad
585 2915 660 2981 illos
681 2915 856 2980 rerocsndi
876 2921 953 2981 suut
982 2913 1100 2990 tontes,
1123 2912 1210 2980 nude

3 3049 5 3076 t
98 3015 275 3083 hauserint:
289 3025 321 3083 et
335 3036 477 3100 qnorum
492 3017 671 3082 auctoritss
684 3034 761 3081 saue
776 3016 856 3082 tanti
870 3014 1016 3082 iacienda
1031 3021 1091 3093 est,
1107 3031 1209 3096 quan·

100 3128 325 3186 tnm'snorum
348 3126 490 3204 praestat
510 3119 783 3183 documentorum
803 3121 908 3201 origo.

173 3220 322 3304 Denique
352 3219 544 3286 concludsm
563 3220 714 3293 schisma,
747 3219 835 3300 quod
859 3219 999 3285 maxime
1019 3219 1052 3282 in
1072 3217 1207 3302 quibus·

97 3321 168 3386 dsm
181 3323 365 3390 Occidentis
380 3322 564 3402 regionibns
584 3321 625 3383 ad
646 3319 837 3385 diutnmnm
853 3325 981 3402 ternpus
1002 3322 1141 3387 iurslnit
1161 3318 1205 3384 ob

3 3469 4 3490 t
99 3424 196 3487 trium
227 3421 456 3504 capitulorum
487 3423 720 3504 quaestionem,
752 3419 933 3486 nullimode
963 3419 1207 3486 inscribendum

3 3581 4 3588 ,
98 3539 165 3590 asse
184 3522 305 3606 vigilio
327 3530 359 3588 et
382 3523 513 3605 Pelagio
536 3521 766 3592 Pontificibnss
794 3521 888 3603 qnasi
909 3521 969 3601 ipsi
992 3523 1110 3588 borum
1132 3540 1209 3587 sna·

3 3657 4 3690 t
100 3626 229 3690 tltaruati
251 3627 512 3705 subscripsissent
534 3625 586 3689 rel
613 3625 801 3701 ambitione,
822 3631 881 3687 aut
901 3627 1011 3704 proris
1032 3622 1210 3690 iustiniani

3 3757 4 3792 t
99 3727 252 3804 consiliis,
283 3727 336 3791 rel
356 3727 461 3803 minis,
482 3733 541 3790 aut
565 3725 830 3807 pusillanimitate
857 3726 1013 3805 superati.
1042 3721 1103 3791 Sed
1125 3727 1211 3791 absit

3 3857 4 3892 t
101 3832 162 3890 tsm
178 3827 344 3904 indecora,
366 3836 431 3891 tam
453 3826 653 3892 calumniose
674 3825 871 3893 insimulatio
886 3843 904 3889 u
919 3825 1004 3891 besti
1027 3824 1115 3890 Petri
1136 3847 1211 3893 snc-

3 3963 4 3971 κ
101 3929 294 4006 sessoribus,
316 3931 436 4010 pietate
456 3937 489 3995 et
509 3925 655 3993 doctrina
676 3926 934 4004 extollentiae
954 3926 1079 4004 electis,
1100 3942 1120 3991 a
1141 3925 1211 3994 ileo

101 4031 279 4095 constitutis
299 4048 398 4111 super
421 4030 577 4095 iamiliam
608 4047 714 4106 suam,
736 4028 859 4094 sedulis
879 4028 912 4092 in
933 4025 1099 4093 Ecclesiae
1127 4031 1212 4113 regi·

103 4131 197 4207 mine,
214 4139 247 4196 et
261 4131 407 4213 quotidie
426 4147 528 4213 snper
547 4149 676 4212 gregem
688 4129 809 4216 Christi
833 4129 1052 4210 vigilantibus.
1070 4127 1110 4193 Et
1130 4129 1214 4196 absit

14 4325 23 4344 ι
105 4234 301 4298 tantumdem
323 4251 340 4296 a
364 4233 505 4314 piissimo
528 4235 674 4314 principe
694 4230 877 4298 iustiniano
898 4231 1034 4312 qnaeris
1054 4230 1213 4314 sacrilego
