3042 4940
329 399 391 472 114

763 507 903 579 carot
924 511 998 578 xit.

332 712 495 780 deceroto
508 708 690 777 instituatur
703 711 842 778 rectorio
862 711 1024 794 Epictetus
1037 711 1102 778 rice
1125 711 1293 780 dboctotsr
1306 713 1447 778 ιιᾰιιιιιιιι

371 811 572 894 origenistas,
593 810 779 880 taurisiano
808 812 995 897 inscriptio
1013 815 1112 880 trione
1136 812 1360 896 Capitatcrara
1381 833 1445 896 prn-
1517 815 1518 901 i

364 913 619 996 pugnatoribus
650 934 729 982 aaran
748 913 868 980 scilicet
893 935 953 999 prr
972 917 1056 982 boec
1089 915 1274 982 Tractatum
1296 917 1334 982 irs
1355 915 1445 998 Sper·

371 1016 433 1182 gs·
439 1012 469 1078 V.
492 1032 548 1079 reo
568 1025 679 1096 cocco,
700 1037 722 1080 o
736 1012 891 1084 rustes
910 1028 972 1084 eto
998 1015 1218 1100 VigitioPopu
1230 1014 1448 1084 mammet

430 1135 535 1198 grass.

330 1363 490 1488 zizaniis
511 1423 684 1490 artificiose
705 1426 736 1490 in
761 1441 842 1508 agro
860 1427 950 1503 satis,
976 1443 1015 1492 ac
1034 1441 1110 1491 cum
1132 1409 1299 1491 trumnotn
1321 1439 1445 1488 sucum·

327 1526 504 1602 scentiboe,
519 1526 585 1590 heu
599 1544 698 1607 quam
718 1526 823 1592 ardna
844 1543 961 1594 eorum
981 1526 1168 1592 eradicatio.
1185 1523 1233 1589 lta
1254 1523 1445 1596 calumniae,

312 1644 397 1707 guo
418 1630 519 1708 magis
538 1627 676 1696 studiosi
704 1645 819 1694 aarum
841 1628 1118 1694 consummatores
1139 1625 1338 1694 anctoritate
1360 1643 1445 1706 prae·

330 1733 418 1792 stare
441 1727 603 1806 ridentur,
625 1746 666 1794 eo
685 1729 824 1808 amplius
845 1729 941 1795 iidem
967 1736 1200 1811 assequuntur,
1223 1735 1257 1793 st
1278 1726 1354 1790 hinc
1374 1722 1448 1787 diffi-

329 1829 424 1894 cilios
440 1828 669 1896 obliterantur.
688 1827 730 1894 m
742 1831 824 1898 haec
843 1831 949 1894 omnia
964 1831 996 1894 in
1018 1831 1117 1895 trium
1133 1827 1365 1910 capitulorum
1378 1842 1448 1890 ean·

329 1949 365 1996 sa
385 1931 610 2012 supervenisse
632 1932 792 2004 vidimus:
814 1949 958 2014 quornm
979 1939 1239 2014 propugnatores
1262 1938 1355 1994 moto
1379 1926 1448 1992 odio

332 2039 527 2100 exarserunt
546 2035 580 2100 iu
600 2029 757 2113 vigilium
768 2039 802 2098 ot
823 2033 937 2102 Patres
956 2052 1067 2102 aecum
1090 2051 1130 2098 eo
1146 2039 1326 2114 pugnantes
1339 2029 1448 2092 adver·

198 2165 205 2179 ·
330 2151 386 2200 eus
407 2151 445 2198 er
465 2131 630 2213 capitula,
645 2141 683 2200 ot
703 2134 784 2200 nolti
805 2142 979 2216 parcerent
996 2134 1115 2211 labori,
1132 2134 1172 2196 ad
1194 2150 1309 2198 eornm
1332 2127 1448 2194 habeto

331 2233 484 2299 ctandnm
503 2233 677 2316 judicium.
699 2233 919 2303 Nihilominus
940 2254 1015 2302 oum
1044 2237 1076 2300 in
1102 2231 1281 2299 istiusmodi
1303 2231 1449 2294 adversa·

331 2335 388 2399 riis
410 2334 505 2403 multi
526 2335 631 2400 muita
651 2345 950 2404 commutarentur
970 2337 1150 2413 mendacia,
1178 2334 1371 2401 iacitiimum
1391 2339 1447 2405 eet,

331 2441 371 2500 ut
385 2443 417 2501 et
431 2435 581 2502 talhctae
600 2437 807 2520 detegentem
823 2439 1015 2521 praesertim
1036 2457 1111 2504 cun
1127 2437 1331 2519 ireqoeutius
1344 2436 1376 2498 ir
1395 2433 1449 2496 tat·

333 2535 483 2601 sitatibus
504 2536 760 2618 compingentis,
782 2538 860 2604 licet
881 2539 987 2616 inriti,
1009 2539 1042 2604 tn
1064 2539 1236 2618 aotitngias
1256 2534 1384 2609 cedant,
1403 2550 1449 2596 se·
1517 2563 1518 2592 t

332 2655 397 2718 qne
418 2644 534 2702 mutuo
555 2638 723 2719 impellant
741 2641 773 2704 in
794 2641 960 2720 propriam
980 2639 1217 2706 damnationum
1249 2635 1293 2703 Et
1318 2637 1364 2700 ita
1382 2635 1448 2715 oni·

333 2737 407 2804 dem
428 2738 611 2819 ruperimus
631 2740 663 2802 io
689 2740 751 2804 hac
765 2741 862 2806 trium
883 2740 1111 2822 Capitninrnm
1133 2737 1333 2821 quaestione.

416 2838 531 2916 Quoad
545 2847 654 2906 antem
666 2841 782 2906 heram
796 2843 1032 2908 calumniarum
1048 2841 1304 2915 concinnatores,
1316 2843 1350 2903 et
1360 2851 1450 2918 prae·

332 2959 444 3018 ¹notter,
465 2949 625 3022 amotum
644 2942 688 3006 ab
717 2945 850 3010 historia
873 2946 975 3010 veteri
996 2933 1160 3025 conjicere
1179 2942 1290 3016 liceat,
1320 2946 1354 3004 et
1372 2954 1450 3019 quo·

334 3059 409 3106 rum
430 3040 537 3106 adbuc
568 3043 723 3107 memoria
744 3045 776 3108 in
795 3046 922 3125 scriptis
949 3047 1103 3126 supersit,
1125 3043 1194 3108 duo
1222 3041 1448 3122 perhibentur,

336 3137 507 3226 Facundus
529 3141 697 3223 episcopua
729 3143 969 3222 hermianensis,
990 3146 1030 3210 dc
1050 3164 1118 3228 quo
1138 3161 1252 3224 supra,
1273 3152 1307 3206 et
1326 3139 1449 3204 Libere·

336 3246 388 3306 tus
402 3243 653 3324 carthaginensis
666 3243 822 3310 ecclesiae
835 3245 989 3312 diaconas
999 3247 1032 3311 in
1042 3243 1210 3311 Braeiorio
1222 3245 1367 3310 udonus
1380 3239 1448 3302 ber·

334 3342 429 3408 resim
449 3343 668 3410 nestorianum
680 3353 710 3409 et
721 3344 951 3427 rotgcbihaom.
966 3344 1130 3426 Quorum,
1147 3347 1206 3410 nisi
1223 3345 1322 3412 ocuto
1336 3341 1449 3424 perspi·

337 3446 406 3510 caci
427 3445 655 3512 examinantur
681 3445 874 3525 locutiones,
895 3467 963 3530 quo
982 3449 1120 3514 intectae
1139 3455 1228 3524 sunt,
1251 3445 1335 3510 baud
1355 3439 1448 3505 iadis

337 3545 524 3612 denudatur
546 3547 646 3612 sirus.
667 3545 712 3614 Et
730 3548 774 3613 ob
794 3550 857 3614 hoc
884 3548 1039 3628 arbitror,
1061 3554 1206 3613 recantes
1228 3545 1326 3628 hujus
1344 3540 1448 3620 diepo-

339 3647 468 3712 tationis
491 3653 696 3726 tractatores,
718 3649 853 3728 relictis,
884 3657 944 3715 ant
964 3649 1220 3724 inconsideratis,
1245 3663 1328 3729 quae
1345 3639 1449 3706 Poeti-

338 3745 414 3812 ficas
436 3744 586 3828 vigilius,
603 3747 752 3831 Pelagius
767 3747 792 3814 1.
807 3747 957 3831 Pelagius
978 3749 1021 3815 ll.
1044 3749 1226 3831 Gregorius
1241 3745 1370 3827 Magnus
1390 3741 1449 3805 eei·

341 3849 461 3913 tissima
472 3865 511 3914 ao
521 3849 653 3931 limpide
664 3858 889 3932 exposuerunt
902 3853 942 3916 de
955 3852 1017 3916 hoc
1030 3859 1235 3932 argomento,
1247 3854 1280 3912 et
1289 3865 1328 3912 ar
1338 3841 1449 3906 adrer-

338 3966 375 4015 eo
396 3949 530 4014 nimiam
552 3949 706 4016 donantes
728 3953 867 4018 remotis
890 3953 952 4017 trie
974 3950 1124 4035 Capitnla
1145 3947 1376 4017 ostentantium
1396 3942 1448 4005 de-

338 4047 582 4128 clarationibus,
604 4051 636 4114 in
658 4053 726 4116 rias
738 4071 773 4118 ae
787 4052 939 4135 dejecisse
946 4053 1209 4120 inextricabiles:
1224 4070 1243 4116 a
1262 4045 1372 4132 quibo·
1386 4059 1446 4105 ¹1⁰⁰

340 4156 526 4231 eraserunt,
540 4152 599 4218 nist
614 4150 723 4234 vigilii
741 4159 774 4219 ot
788 4155 929 4220 aliorum
950 4156 1176 4237 episcoporum
1196 4147 1445 4219 ormotoxoran

340 4249 487 4332 dignitati
508 4253 747 4335 quodammodo
768 4253 969 4340 derogantes.
