3066 4950
1140 389 1202 458 ‘tto

110 494 145 558 ds
163 493 254 575 buius
275 490 390 557 Libettt
412 511 522 577 scopo.
545 495 593 561 lbi
614 497 698 560 enim
721 497 778 574 ait,
795 515 829 562 se
849 515 890 562 ex
906 495 1129 562 Ecclesiastico
1147 495 1203 560 lli·

106 595 195 660 storfa
216 594 254 657 de
284 597 404 676 gracco
424 599 454 660 in
475 598 610 664 latinum
635 597 803 675 translata,
826 609 859 662 et
879 617 919 663 ex
949 601 1044 680 gestis
1065 600 1202 683 synoda·

106 704 182 768 libus
201 704 251 767 rel
277 713 462 769 sanctorum
491 702 623 768 Petrum
645 705 788 785 epistolis
819 705 881 768 boe
907 703 1111 770 breviarium
1134 703 1202 768 ool·

16 789 21 832 ¹
105 807 221 886 legisse,
246 814 376 872 necteus
400 815 582 889 temporum
614 807 780 871 curricula
803 806 872 881 illa,
904 824 988 887 quae
1019 809 1050 872 iu
1082 824 1201 887 graeco

104 906 311 972 Alexandriae
335 907 463 988 Scripta
484 908 629 990 accepit;
654 908 705 971 nel
739 909 1002 988 gravissimorum
1032 910 1201 973 bominum

102 1009 203 1073 didicit
223 1011 408 1074 narratione
423 1009 519 1072 fideli.
537 1008 632 1086 Quod
656 1009 763 1073 facero
785 1009 862 1073 dicit
875 1020 986 1073 contra
1008 1009 1198 1091 falsiloquos

16 1097 19 1136 ”
101 1119 266 1174 sectatores
288 1109 430 1176 Nestorii
461 1119 492 1174 et
514 1109 682 1192 Eutychis,
707 1113 763 1191 qui
786 1121 940 1175 consueto
961 1112 1080 1175 studio
1103 1114 1199 1176 alitor

16 1199 18 1236 ⁵
98 1210 271 1289 loquuntur
291 1213 330 1275 de
351 1215 418 1277 suis
440 1214 641 1288 auctoribus,
663 1233 761 1295 quam
786 1215 903 1276 ueritas
925 1213 1035 1290 habet,
1056 1214 1197 1279 libenter

16 1301 19 1338 ²
101 1312 229 1375 offerens
265 1314 433 1378 catholicis
465 1313 621 1378 iratribus
646 1315 789 1394 ipsarum
822 1315 991 1378 baeresum
1016 1324 1086 1378 acta
1112 1316 1200 1396 lego·

99 1434 131 1477 re
156 1417 349 1481 volentibus.
377 1417 412 1480 ln
435 1418 495 1480 bac
520 1417 779 1480 verolocutione
806 1435 932 1488 caveas,
955 1417 1131 1496 quaedicit
1146 1416 1197 1480 Li·

16 1507 17 1526 ³
95 1516 229 1590 berctus,
253 1537 287 1581 se
314 1537 330 1581 a
355 1519 618 1598 gravissimorum
651 1519 814 1582 bominum
843 1518 988 1582 didicisse
1010 1521 1196 1584 narratione

16 1607 18 1642 ³
94 1619 181 1681 fideli.
203 1619 393 1685 Gravissimi
416 1622 498 1683 enim
523 1621 582 1682 viri
607 1630 696 1697 sunt,
717 1638 800 1699 quos
823 1621 898 1683 item
924 1621 1050 1684 Auctor
1071 1620 1199 1702 Episto-

16 1711 17 1718 '
91 1721 134 1782 loe
147 1721 308 1803 lecatoriis
324 1733 415 1789 vocat
429 1721 642 1804 fidelissimos,
654 1723 776 1802 quique
794 1741 906 1785 revera
923 1729 1015 1786 orant
1029 1723 1067 1785 de
1083 1723 1195 1788 eodem

91 1823 363 1889 schismaticorum
379 1845 487 1906 grege:
504 1835 535 1888 et
551 1827 606 1906 qui
623 1844 685 1887 una
702 1844 775 1888 com
787 1823 938 1889 liberato
954 1825 1117 1914 mordicus
1135 1825 1197 1889 tria

92 1923 231 2005 Capitale
257 1927 473 2004 defendentes,
495 1928 585 1992 illam
610 1928 785 1990 falsitatum
808 1935 838 1990 et
861 1927 1098 1991 calumniarum
1121 1947 1196 1992 eou-

92 2030 202 2106 ge'riem
224 2033 454 2116 instruxerunt
474 2031 629 2094 adversus
651 2027 817 2109 vigilium,
841 2029 1071 2104 fustinianum,
1099 2031 1196 2095 alios·

91 2149 148 2209 que
173 2133 389 2195 sanctissimos
411 2133 577 2212 episcopos
605 2151 719 2196 eorum
743 2129 971 2208 capitulorum
994 2139 1195 2211 expugnato·

90 2247 146 2292 rea.
162 2229 318 2298 Similiter
334 2253 448 2296 caveas
469 2235 500 2296 in
515 2251 566 2309 eo,
588 2232 675 2314 quod
694 2235 737 2295 ait
751 2231 939 2314 falsiloquos
957 2241 1120 2297 sectatores
1134 2231 1195 2300 Ne·

88 2331 212 2398 storiiet
232 2333 398 2416 Eutychia.
422 2335 447 2398 li
469 2351 607 2414 namque
628 2343 714 2408 suut,
731 2335 786 2416 qui
810 2354 870 2397 una
894 2354 968 2399 cum
992 2333 1108 2414 Vigilio
1131 2335 1192 2400 tria

89 2433 230 2514 Capitale
257 2437 459 2499 damnarunt.
477 2434 613 2499 Demum
636 2444 750 2499 caveto
773 2436 826 2498 ubi
848 2438 971 2510 scribit,
994 2439 1120 2518 offerens
1141 2457 1194 2500 co·

87 2535 204 2601 idolicis
224 2537 396 2620 fratribus,
413 2537 498 2618 quod
521 2537 580 2600 sibi
597 2531 667 2600 voit
687 2537 906 2602 schismaticos
921 2557 958 2603 ca
972 2537 1121 2617 Capitale
1137 2540 1192 2606 de·

90 2639 261 2714 tendentes,
285 2654 321 2704 ac
343 2642 415 2703 ideo
437 2639 476 2701 ab
499 2636 642 2702 Ecclesia
660 2621 831 2703 Catbolica
854 2642 1153 2704 anathematizatos.
1207 2691 1211 2702 .

160 2741 216 2806 llis
234 2744 387 2821 expositis
402 2742 441 2805 de
457 2741 529 2804 fidei
543 2743 737 2820 integritate,
752 2759 892 2823 quacum
906 2742 1032 2806 initium
1048 2745 1098 2807 sui
1111 2742 1194 2806 Pon·

87 2843 219 2908 tificatos
245 2845 429 2924 auspicatos
451 2855 498 2909 est
511 2843 662 2924 vigilius,
675 2845 769 2907 sicuti
786 2845 825 2907 de
845 2845 989 2925 ejusdem
1011 2847 1190 2908 constantia

84 2955 111 3006 et
126 2947 356 3022 aemulatione,
373 2946 566 3024 quibuscum
585 2955 728 3026 quatuor
742 2945 945 3026 synodorum
969 2950 1192 3011 oecumenica·

83 3065 151 3110 rom
174 3049 392 3112 definitionem
415 3049 580 3126 professus
601 3056 660 3122 est,
687 3056 721 3110 et
740 3056 853 3110 contra
875 3049 1054 3113 haereticos
1076 3067 1192 3129 perpe·

84 3155 138 3212 too
159 3152 397 3231 propugnavit3
421 3151 535 3213 deinde
557 3148 651 3212 valde
672 3149 837 3231 proposito
859 3149 1021 3226 conducit,
1044 3168 1191 3228 praeser-

83 3251 135 3314 tim
156 3253 315 3316 advcrsos
336 3250 478 3316 liberati
502 3253 752 3325 criminationes,
775 3250 919 3332 eJ'usdem
940 3243 1108 3316 Pontificio
1129 3251 1192 3314 dia·

80 3351 209 3430 quirere
242 3371 304 3417 una
327 3351 493 3416 rumillei
515 3351 698 3433 integritate
724 3369 853 3414 morum
881 3352 1094 3426 sanctitatem,
1118 3352 1189 3431 qui·

78 3450 134 3516 bos
155 3455 187 3517 in
210 3453 378 3520 Ecclesiae
400 3453 587 3522 Catholicae
614 3453 769 3535 regimine
790 3451 962 3532 praefulsit
982 3453 1189 3532 irrepreben-

78 3551 190 3635 sibilis;
213 3573 272 3619 nec
292 3555 366 3618 ideo
388 3553 565 3636 putandum
591 3554 748 3619 ullimode
769 3561 826 3617 ant
846 3551 1010 3633 superbia,
1033 3560 1091 3616 aut
1111 3570 1187 3615 aaa·

77 3655 162 3732 ritia,
185 3659 255 3721 siae
269 3657 404 3730 ambitu,
428 3664 485 3719 aut
500 3656 570 3720 aliis
591 3667 744 3720 onustum
765 3655 952 3719 criminibus
968 3651 1056 3719 Petri
1072 3653 1188 3718 Cethe-

77 3753 167 3818 dram
190 3758 421 3822 conscendisse.
438 3756 474 3821 ln
496 3773 560 3838 qua
583 3755 778 3820 discussione
801 3762 1010 3828 tamencum
1031 3753 1188 3816 adversus

75 3859 261 3934 praefatum
276 3859 464 3925 liberatum
479 3857 711 3923 decertandum
724 3859 766 3922 sit
788 3857 974 3939 praecipue,
992 3863 1099 3919 cetera
1121 3843 1187 3936 pri'·

76 3977 113 4021 ns
133 3959 317 4040 diluantur,
340 3979 424 4041 qnae
438 3958 547 4042 vigilii
563 3957 772 4024 Pontificum
792 3975 872 4024 suae
892 3955 1069 4040 praemittit
1088 3955 1188 4020 bisto-

75 4075 152 4124 rrae.

410 4254 838 4314 *w-
