3028 4942
1092 367 1151 440 rut

61 467 196 548 legantur
216 466 376 544 universe,
396 470 422 534 si
446 487 581 550 nsquam
598 471 669 536 talts
683 471 802 554 aliquis
816 471 856 536 de
871 469 1028 536 Triuitste
1042 475 1151 538 iuven

62 577 104 632 tus
123 569 217 634 tuerit
238 569 271 632 in
301 569 563 651 interpretatione
591 582 700 638 nostra
725 593 860 648 sensns,
883 574 1013 655 quatern
1036 576 1067 636 in
1088 576 1149 638 isto

60 671 149 752 eapite
178 671 432 752 calumniantnr3
464 683 538 738 tune
566 675 695 738 demum
721 677 874 740 credatur
899 675 996 740 etiam
1025 679 1086 739 troc
1109 695 1148 740 eo

61 791 150 850 sensu,
171 791 236 852 qno
257 774 307 837 isti
327 773 523 854 contingunt,
545 795 614 840 esse
636 777 810 858 prolatum.
834 775 865 840 Si
891 797 969 840 vero
982 795 1040 858 per
1057 797 1151 841 omne

62 872 199 938 librorum
220 893 338 954 corpus
354 896 510 956 nusquam
525 879 566 942 sit
582 879 636 942 ilia
657 879 835 944 differentia
858 876 1032 953 Trinitatis,
1046 896 1150 943 nonne

64 993 195 1040 suanum
213 977 417 1060 stultumque
441 983 564 1061 pariter
591 991 808 1046 commentum
836 990 884 1044 ost
913 981 1040 1057 dicere,
1063 981 1151 1060 qnod

61 1094 112 1139 uno
129 1078 194 1142 soto
215 1080 319 1159 capite
340 1082 479 1144 haeresis
500 1081 690 1152 confirmata
710 1093 758 1148 est
771 1082 812 1146 ab
830 1102 881 1159 co,
897 1083 954 1163 qui
972 1101 1043 1146 eam
1058 1083 1149 1146 mille

61 1180 197 1258 capitibus
216 1182 480 1262 expugnaverit?
496 1203 513 1241 u

126 1278 295 1346 Praeterea
315 1284 449 1346 admissa
471 1283 658 1370 Hieronymi
689 1289 855 1364 versione,
877 1283 1152 1368 quemadmodum

60 1383 186 1458 superins
202 1387 330 1448 notavit
343 1383 502 1462 Ruffinus,
517 1387 570 1450 nbi
585 1405 687 1452 nexus
699 1385 882 1452 sermonis?
897 1387 951 1452 nbi
967 1387 1063 1450 totius
1075 1404 1150 1449 con·

62 1484 181 1546 sonantis
202 1489 490 1566 argumentationis
514 1489 611 1570 juxta
641 1490 746 1553 thema
773 1489 948 1569 principale
973 1485 1150 1566 Origenis's‘

66 1579 210 1656 Quomodo
229 1595 297 1650 stat
316 1587 440 1650 illatio:
461 1587 545 1652 sicut
558 1587 667 1653 Filius
678 1607 741 1652 uou
762 1587 845 1653 victu
867 1588 1012 1660 Putrem
1031 1586 1078 1651 ito
1096 1605 1151 1650 ucc

67 1677 179 1760 Spiritus
198 1683 340 1752 Seuctur
360 1686 444 1752 uidet
462 1687 612 1755 Filium?
632 1708 706 1754 cnm
733 1691 775 1754 de
800 1689 922 1771 Spiritu
951 1688 1067 1754 Sancto
1089 1706 1152 1752 non

63 1782 220 1852 intendatur
240 1807 370 1868 sermo,
388 1791 444 1856 sed
466 1792 505 1856 da
527 1790 611 1855 Filio
634 1802 770 1866 tautum,
787 1789 846 1871 qut
859 1801 902 1856 est
922 1789 1028 1871 imopo
1041 1789 1153 1856 inuisi·

62 1883 117 1948 tus
134 1887 187 1954 Dei
195 1910 215 1966 ,·
238 1899 273 1956 et
292 1892 324 1954 in
344 1892 406 1958 troc
428 1894 608 1958 testimonio
629 1902 781 1957 versatur
799 1892 949 1972 Origonis
976 1889 1152 1956 studium?

62 1985 175 2058 Henim
194 1992 392 2057 admittatur
408 1995 626 2076 interpolatio,
648 2004 686 2058 ut
707 1995 740 2058 in
759 1995 869 2058 codiee
900 1993 1152 2079 Hieronymiauo

60 2087 171 2173 lcgitnr5
192 2103 272 2158 tunc
292 2097 503 2176 praecipuum
524 2095 673 2176 Origenis
693 2104 921 2176 argumentum
943 2114 1005 2159 non
1031 2097 1070 2160 de
1093 2094 1153 2158 Pa·

60 2197 97 2254 tre
114 2205 310 2275 versaretur,
332 2215 390 2260 nec
410 2198 451 2262 de
472 2196 567 2274 Filio,
588 2199 644 2262 scd
668 2199 833 2262 videretur
854 2199 885 2260 in
900 2197 1054 2278 Spiritum
1075 2197 1153 2260 San·

62 2301 133 2358 ctum
146 2299 279 2375 reterri,
294 2297 379 2380 qnod
396 2301 610 2364 omnimodea
627 2302 762 2364 termino
777 2303 972 2380 quaestionis
988 2300 1153 2362 adhorret.

61 2391 205 2474 Tandem,
228 2409 267 2465 nt
287 2402 470 2465 summatim
491 2401 618 2478 dicam,
640 2420 658 2464 a
680 2403 836 2482 principio
859 2401 957 2482 hujus
981 2403 1092 2480 capitis
1111 2400 1153 2462 ad

60 2498 163 2562 exitum
182 2519 302 2581 usqne,
324 2503 392 2566 sive
414 2503 505 2578 velis,
527 2504 594 2568 sive
614 2503 709 2586 notis,
732 2509 791 2566 ant
810 2503 841 2564 in
856 2503 967 2566 ordine
983 2503 1153 2582 dogmatis,
1253 2488 1255 2494 ’

59 2612 106 2661 sen
123 2599 153 2662 iu
177 2603 295 2670 ordine
320 2605 497 2680 sermonis,
527 2605 594 2668 sive
615 2603 729 2684 queris
750 2604 931 2678 decanea,
955 2605 1001 2666 nti
1022 2603 1154 2682 spurius

61 2694 162 2776 ioetns,
182 2703 224 2768 de
247 2722 310 2784 qna
326 2706 445 2786 egitur,
461 2705 611 2786 pericope
636 2705 813 2785 reputanda
839 2706 913 2778 erit,
930 2704 1066 2784 ideoque
1083 2703 1155 2766 nnl-

58 2795 110 2862 lins
128 2807 279 2870 metuenti
298 2813 410 2871 contra
425 2807 582 2870 sinceram
596 2805 744 2886 Origenis
759 2806 799 2869 dc
813 2803 969 2870 Trinitate
984 2806 1155 2870 contessio-

59 2917 126 2966 nem.
141 2904 188 2970 Ac
202 2907 374 2972 novissime
388 2908 658 2982 concludendum,
675 2906 864 2991 Hieronymi
880 2909 1022 2972 codicem
1035 2907 1067 2970 in
1081 2907 1155 2970 loco

59 3002 140 3070 citato
159 3017 353 3091 corruptum
374 2999 610 3089 provisumque
634 3009 746 3083 tuisse,
769 3026 833 3072 non
856 3015 960 3072 tamen
981 3009 1022 3072 ab
1034 3027 1086 3080 eo,
1105 3027 1157 3068 ve·

60 3122 118 3170 rnm
136 3125 155 3174 a
174 3128 275 3176 manu
295 3110 438 3192 pertidus
462 3131 559 3193 quam
593 3110 809 3195 Hieronymus
834 3128 896 3173 non
923 3111 1030 3174 sensit.
1058 3109 1155 3186 Quod

62 3209 134 3272 tanto
157 3211 229 3274 viro
258 3211 392 3292 Origeni
415 3212 553 3275 contulit
576 3210 774 3292 vituperium
799 3211 895 3274 sicuti
917 3209 1156 3274 contentionum

59 3312 262 3382 prementibus
282 3313 484 3394 posterisque
505 3312 660 3376 tomitem.

122 3410 214 3489 Quod
236 3423 347 3478 antem
367 3413 566 3496 apertissime
579 3411 777 3476 ostendimus
793 3411 833 3476 de
848 3413 1016 3477 falsatione
1039 3411 1157 3477 codicis

63 3503 290 3600 Hieronymiani
309 3516 343 3578 in
362 3515 507 3597 praeiata
528 3515 682 3580 sententia
698 3515 782 3596 quod
799 3512 905 3578 Filius
919 3533 983 3577 uon
997 3513 1081 3576 otuu
1095 3512 1159 3577 Pa·

60 3613 136 3689 trem,
156 3617 232 3680 item
253 3615 424 3695 dicendum
444 3621 493 3680 est
513 3616 553 3678 de
568 3614 670 3681 altera
687 3615 949 3696 interpretatione
966 3614 1153 3690 verborum,

62 3724 144 3784 (tuam
165 3716 291 3797 proiert
311 3713 529 3800 Hieronymus
552 3735 594 3780 ex
621 3714 769 3795 Origenis
790 3732 849 3778 ore
877 3713 1001 3777 Fidium
1025 3714 1157 3778 dicentis

58 3823 161 3892 iuduere
178 3815 330 3880 minorem
345 3814 454 3892 Putre,
469 3835 503 3880 co
517 3816 600 3898 pund
612 3815 768 3880 secundus
781 3813 819 3878 ab
832 3811 890 3876 iiio
904 3813 946 3878 sit
960 3824 990 3877 et
1004 3813 1157 3895 Spiritum

59 3901 191 3980 Scortum
218 3917 402 3999 inferiorem
429 3915 516 3982 Filio
538 3918 574 3982 iu
601 3914 725 3982 cunctis
753 3915 924 3998 quibusque
952 3916 1072 3980 uersari
1095 3923 1155 3980 etc.

59 4003 84 4071 Si
101 4015 178 4081 enim
198 4019 296 4086 ambo
316 4021 508 4102 interpretes
529 4018 655 4084 codices
675 4035 753 4082 snos
773 4035 836 4081 nna
852 4019 990 4084 coltatos
1005 4026 1157 4084 accurate

61 4118 285 4200 expendissem,
308 4119 426 4188 codicis
447 4127 480 4186 et
501 4121 656 4186 versionis
677 4115 798 4184 Rudini
818 4121 953 4200 probata
976 4127 1009 4184 ot
1027 4127 1156 4186 serrata

60 4209 124 4296 dds,
145 4221 378 4308 interpolatum
391 4221 510 4290 codicis
523 4224 575 4290 sni
589 4229 715 4290 textum
730 4225 763 4286 ct
776 4221 849 4290 inde
868 4222 1050 4291 versionem
1065 4241 1157 4290 snam
