3066 4950
328 347 389 418 280

332 469 406 514 rum
423 449 453 512 iu
468 449 662 516 belisarium
677 458 710 513 et
725 449 926 518 Praesidium
941 457 1012 516 erut
1025 451 1257 527 resolvendus,
1278 471 1339 515 nou
1354 454 1433 532 prius

334 553 638 634 destititdutouius
663 539 762 632 quam
783 552 824 616 de
853 554 924 635 ejus
944 555 1113 629 sententia,
1137 553 1232 633 eujus
1255 555 1351 630 poulo
1370 565 1433 618 aute

332 655 476 732 memini,
498 655 539 718 ab
561 654 620 718 illo
642 673 761 734 poenas
781 657 983 736 exegisset.»
1029 723 1031 730 ¹

414 757 608 838 Priusquam
630 776 709 821 sero
731 750 879 822 Aroanse
909 755 1073 821 titstortse
1095 767 1340 838 perscrutemur
1361 759 1436 822 testi·

331 858 488 952 monium,
511 859 600 922 nobis
621 858 716 935 adsit,
738 857 824 942 quod
847 861 998 940 superius
1031 879 1072 923 ex
1096 857 1194 924 Libro
1218 857 1241 920 l.
1265 857 1346 921 lielli
1367 857 1435 922 Got-

330 960 407 1023 tbioi
428 961 533 1042 inquil
553 958 732 1040 Procopius
753 962 794 1024 de
814 959 973 1041 Belisario
985 981 996 1040 3
1026 963 1082 1042 qui
1105 979 1146 1024 ex
1169 953 1357 1038 proditionis
1378 977 1434 1020 me·

331 1067 366 1124 iu
389 1063 420 1124 in
442 1057 611 1126 Graeciam
645 1046 801 1140 relegavit
821 1059 1013 1135 silverium,
1036 1069 1067 1123 el
1090 1060 1190 1140 paulo
1213 1060 1344 1139 posted
1368 1057 1437 1120 Poo-

331 1161 488 1226 tilioatum
510 1161 660 1241 provexit
676 1161 843 1241 vigilium,
859 1161 1025 1243 adjiciens,
1041 1169 1206 1224 senatores
1227 1159 1381 1240 quosdam
1401 1161 1435 1231 ub

329 1261 477 1326 eamdem
496 1279 629 1326 esusuru
645 1264 677 1325 in
693 1263 829 1328 exilium
845 1263 968 1337 missos,
985 1263 1098 1326 deiude
1111 1261 1143 1324 iu
1159 1259 1279 1328 Urbem
1301 1279 1437 1326 resuere·

329 1382 379 1440 su,
410 1363 516 1428 solutu
540 1360 634 1430 Urbis
663 1363 844 1428 obsidione.
868 1361 911 1428 Et
933 1365 976 1426 its
1006 1364 1137 1444 quidem
1160 1365 1268 1444 quoad
1303 1362 1435 1428 belisarii
1514 1411 1515 1418 ,

329 1464 500 1528 remilium
522 1463 714 1531 destitutio
736 1466 777 1526 ab
790 1462 878 1528 Urbe
898 1467 1092 1540 amovendo,
1109 1484 1149 1528 ex
1163 1466 1303 1544 simplici
1330 1463 1436 1540 Prom-

328 1567 374 1647 pii
397 1568 581 1630 narratione
603 1585 666 1632 uon
688 1568 746 1630 nisi
770 1566 869 1632 llueis
889 1568 919 1629 in
942 1570 1071 1632 uisitare
1094 1575 1189 1648 eapte
1205 1569 1349 1646 degentis
1370 1585 1436 1630 esu·

328 1671 375 1730 tio
390 1669 678 1748 comprehenditur
690 1686 782 1744 saue,
804 1669 1029 1749 hujuscemodi
1047 1671 1158 1734 arduis
1174 1669 1433 1734 invalescentibus

330 1771 592 1846 circumstantiis,
616 1772 807 1834 oumurunis.
835 1767 1001 1837 Decuisset
1024 1779 1147 1846 nutem,
1172 1780 1344 1853 postquam
1365 1768 1438 1834 Beli·

330 1872 436 1938 tarius
457 1881 624 1942 senatores
648 1889 799 1936 romanos
823 1871 991 1945 inUrbem
1016 1872 1170 1948 restituit,
1204 1889 1266 1934 uua
1289 1872 1437 1936 cumillis

329 1973 428 2035 etium
453 1972 637 2046 Peutiioepu
659 1976 845 2055 reduxisse,
863 1976 959 2039 sinuli
980 1975 1092 2039 eudem
1115 1974 1155 2038 de
1169 1991 1268 2038 eausa
1289 1972 1436 2036 silverius

329 2074 440 2142 luerat
462 2075 643 2156 elongatus.
667 2077 887 2144 Nihilominus
910 2077 1113 2153 ilistoriuus,
1135 2077 1200 2142 illis
1227 2078 1385 2144 resiliatis
1411 2076 1436 2136 in

329 2179 482 2257 putrium,
504 2177 693 2245 destiterit
714 2181 789 2246 silet
811 2181 931 2246 reditu.

424 2275 664 2344 Tantummodo
691 2279 964 2347 oiroumstuntiam
988 2298 1050 2344 non
1082 2281 1293 2362 spernendum
1321 2281 1364 2346 ibi
1388 2298 1435 2342 uo·

328 2387 387 2454 tut,
404 2381 564 2460 iuquiens,
578 2379 784 2456 Belisariutu,
801 2381 945 2460 relegato
968 2380 1179 2448 inGrueciurn
1194 2383 1347 2462 silverio,
1363 2399 1434 2465 pte·

329 2479 363 2542 lo
379 2491 450 2560 post
467 2485 505 2546 ad
525 2481 748 2556 l'uutilicuturu
766 2487 954 2565 provexisse
971 2481 1137 2563 vigilium.
1155 2483 1314 2560 Quemvis
1332 2491 1433 2548 uuum
1515 2533 1516 2544 ,

328 2581 461 2656 delittitu
482 2585 623 2650 arduum
644 2587 697 2659 sii,
713 2585 811 2665 quale
839 2588 991 2666 temporis
1007 2587 1217 2652 interuallum
1239 2588 1381 2655 evaserit
1396 2584 1434 2658 ab

329 2685 430 2746 exilio
452 2685 580 2748 Silverii
614 2687 653 2750 sd
679 2685 786 2767 vigilii
811 2687 1017 2762 electionem,
1048 2699 1152 2754 tameo
1175 2688 1435 2766 excluditurpur
1515 2691 1516 2704 ³

329 2785 422 2848 illam
444 2787 615 2852 dictionem
636 2791 740 2868 puolo
757 2801 847 2870 post,
863 2791 993 2856 subitus
1015 2792 1157 2872 ejusdem
1175 2789 1284 2870 l'ipilii
1305 2791 1344 2854 sd
1359 2787 1437 2852 Petri
1515 2823 1516 2844 r

330 2885 525 2950 Culindrum
547 2909 718 2968 ascensus3
746 2900 857 2970 utpote
880 2893 1041 2970 uuuddum
1064 2893 1266 2972 subrepserit
1294 2894 1435 2956 obstatu-

327 2989 409 3062 lurn,
434 2993 606 3070 quominus
627 2995 751 3058 subiret
781 2994 870 3061 ttttm
891 2995 1027 3061 alterius
1061 2995 1221 3059 Pontidois
1243 2995 1369 3062 electio.
1392 2993 1433 3056 de

327 3092 413 3168 ideo,
428 3095 518 3154 etsie
542 3093 632 3158 trobis
655 3094 781 3164 deliniri
802 3106 941 3175 respuent
965 3097 1172 3162 intervallum
1189 3111 1206 3158 a
1221 3094 1352 3160 Silterii
1371 3095 1434 3158 exi·

328 3190 374 3254 lio
395 3191 434 3262 ad
457 3194 593 3258 ulterius
617 3193 854 3268 Pontificatum,
875 3201 953 3264 sutis
973 3200 1014 3262 sit
1036 3199 1097 3264 boo
1118 3213 1211 3263 nume
1231 3197 1320 3278 quod
1342 3195 1432 3262 libeat

326 3297 481 3376 temporis
502 3300 641 3376 spatium
664 3300 746 3360 inter
770 3307 948 3379 utrumque
968 3300 1096 3368 eedeus.

405 3395 539 3462 Eisone
559 3401 644 3462 eirea
662 3401 722 3462 lton
746 3401 954 3466 intervallum
969 3402 1010 3476 sl,
1036 3411 1071 3464 ut
1090 3409 1303 3482 praesumunt
1318 3399 1434 3466 Fatuu-

325 3495 384 3562 dus
406 3507 437 3562 et
462 3497 643 3574 biberetur,
668 3519 709 3564 ex
734 3500 840 3582 l'igilii
864 3503 1002 3575 ambite,
1027 3503 1102 3567 inita
1124 3502 1261 3569 notanda
1282 3505 1432 3585 pontione,

323 3609 356 3662 et
377 3617 416 3664 ex
441 3603 591 3666 mandato
606 3600 796 3666 Theodorou
818 3615 988 3684 augustae,
1007 3625 1064 3685 per
1088 3603 1279 3670 llelissrium
1299 3608 1350 3672 rix
1367 3603 1428 3668 lio-

326 3719 410 3764 mam
434 3703 612 3782 ingressum
639 3707 838 3770 amovendus
859 3715 932 3771 erut
951 3706 1147 3772 Pontificatu
1168 3707 1338 3784 Silverius,
1357 3723 1429 3772 soe·

320 3803 423 3882 jioere
444 3803 533 3881 lieet,
556 3821 619 3868 uon
641 3805 740 3884 paulo
763 3815 834 3883 pust
857 3809 1002 3888 eiusdem
1025 3806 1154 3874 Sileerii
1177 3807 1329 3885 exilium,
1351 3806 1431 3888 vrgi-

323 3903 404 3966 lium
423 3902 509 3970 Petri
524 3903 718 3972 Cstbedram
740 3907 938 3990 obtinuisse,
952 3909 1007 3974 sed
1028 3911 1148 3985 statim,
1164 3918 1274 3978 amoto
1295 3927 1370 3982 uuo,
1384 3908 1427 3972 ul·

323 4013 430 4068 terum
454 4005 484 4068 in
507 4006 578 4088 eius
598 4007 709 4073 lorum
726 4011 898 4076 intrusum.
921 4009 1008 4088 Quid
1029 4013 1114 4076 euim
1130 4011 1287 4078 Belisnrio
1308 4027 1428 4076 noemae

323 4113 395 4166 erat
421 4109 658 4186 expectatione,
691 4127 767 4176 eum
796 4109 988 4178 Theodorus
1018 4113 1205 4179 mandatum
1234 4111 1428 4195 urgeretis

325 4204 454 4296 Silverii
477 4208 590 4286 exilio,
607 4218 640 4274 ot
656 4205 764 4292 vigilii
786 4209 970 4280 eleotiuuu?
990 4210 1157 4293 Ceterum,
1173 4216 1199 4280 si
1223 4213 1366 4295 Procopii
1387 4211 1427 4272 di·
