3028 4942
295 419 335 490 98

371 523 431 589 Scd
453 523 529 604 quid
552 523 654 587 dicam
674 524 715 588 de
737 523 858 589 Rornae
880 520 1047 606 episcopis,
1071 523 1241 589 Damasum
1266 519 1398 606 inquam

294 623 415 707 Papam
429 643 466 689 ac
479 625 627 690 Siricium
651 645 868 691 successorem
890 647 985 692 suum
1009 629 1039 692 in
1054 626 1270 692 Pontiiieatu'?
1291 629 1399 690 limbo

293 729 377 790 enim
398 738 430 791 et
451 747 490 791 ex
513 727 700 810 Hieronymi
722 729 865 809 ejusdem
888 731 1098 794 obtestatione
1122 731 1166 792 nil
1191 739 1300 792 contra
1323 727 1399 792 Ori-

294 847 404 909 geucm
426 849 549 909 suaque
569 833 686 909 scripta
708 831 904 893 intentarunt
925 832 966 894 ob
987 851 1041 894 eos
1063 841 1284 913 praesumptos
1305 849 1400 893 erro·

292 949 365 1009 res;
384 932 561 1011 quinimmo
576 932 646 1012 eius
667 933 879 996 eruditionem
896 935 927 994 in
946 933 1123 1012 scripturis
1142 935 1242 996 sacris
1256 934 1350 996 sicuti
1365 939 1400 994 et

291 1033 323 1094 in
343 1035 458 1096 ceteris
486 1035 642 1097 sinceram
675 1035 781 1098 mirati
802 1042 886 1097 snut.
909 1033 950 1097 Et
972 1034 1078 1114 quoad
1103 1033 1297 1109 Damasum,
1321 1034 1400 1095 huic

291 1134 364 1196 ideo
386 1133 602 1219 Hieronymus
622 1137 852 1215 expositionem
875 1137 1016 1200 inscribit
1037 1135 1158 1202 Cantici
1173 1136 1396 1210 Canticornm‚

292 1236 455 1314 iuquiens:
478 1257 494 1294 a
516 1234 671 1316 Origenes
693 1255 766 1298 cum
789 1237 819 1298 in
841 1238 955 1299 ceteris
976 1237 1066 1300 libris
1087 1255 1195 1300 omues
1219 1237 1343 1310 vicerit,
1365 1238 1398 1297 iu

291 1333 423 1398 Cantica
445 1333 651 1399 Canticerum
673 1336 739 1414 ipse
760 1355 793 1399 se
818 1338 933 1398 vicit.»
951 1335 1099 1401 Rudinus
1121 1339 1195 1400 item
1212 1339 1242 1398 iu
1257 1335 1401 1415 Prologo

291 1433 378 1498 Libri
393 1435 416 1498 i.
433 1435 476 1498 Dc
488 1433 680 1516 Principiis:
695 1457 711 1494 a
724 1435 796 1500 Scio
811 1440 866 1512 ait,
878 1440 1134 1518 quamplurimos
1148 1439 1285 1501 iratrum
1298 1439 1401 1500 scien-

262 1549 264 1556 ’
291 1537 354 1597 tiae
369 1535 611 1616 Scripturarum
627 1536 784 1600 desiderio
799 1548 989 1617 provocatos
1002 1539 1180 1619 poposcisse
1195 1539 1235 1600 ab
1248 1537 1397 1618 aliquau-

290 1639 330 1700 tis
353 1638 428 1700 viris
444 1646 475 1700 et
497 1655 686 1716 graecarum
701 1639 886 1703 litterarum
903 1642 1024 1720 peritis,
1048 1649 1084 1702 nt
1097 1641 1270 1721 Origeuem
1293 1657 1400 1702 roma·

290 1757 369 1801 unns
391 1740 553 1812 iacerent,
576 1749 609 1803 et
628 1741 734 1802 latinis
755 1741 889 1804 auribus
920 1759 994 1803 eum
1016 1742 1181 1803 donarent.
1206 1737 1400 1819 intorques

291 1840 387 1902 etiam
410 1839 510 1902 irater
530 1849 561 1902 et
581 1841 705 1922 collega
727 1851 836 1905 uester
855 1843 895 1904 ab
916 1843 1065 1924 episcopo
1087 1843 1224 1905 Damaso
1245 1842 1400 1921 depreca-

293 1947 356 2016 tus,
379 1959 452 2002 cum
475 1939 632 2004 Homilias
653 1929 733 2004 delas
754 1945 793 2006 de
814 1945 952 2008 Canticis
974 1943 1183 2008 Cautioornm
1210 1943 1241 2005 iu
1260 1943 1407 2032 latinum·

291 2043 507 2105 transtulisset
529 2062 570 2106 ex
592 2063 708 2122 praeco
729 2051 789 2107 etc.
807 2063 823 2101 a

372 2142 418 2204 De
438 2141 551 2206 Siricio
582 2161 659 2206 sero
691 2143 907 2228 Hieronymus
929 2146 959 2207 in
994 2144 1140 2224 Epistola
1161 2143 1230 2210 tat.
1253 2157 1284 2208 n‘.
1303 2143 1334 2212 9.
1358 2146 1399 2209 ad

290 2240 483 2322 Principiam
505 2246 614 2308 scribit
635 2245 797 2309 Ruffinnm
814 2245 936 2310 Romae
959 2251 1111 2310 versionis
1136 2267 1213 2311 snae
1236 2249 1398 2312 librorum

291 2343 336 2406 Dc
352 2343 536 2425 Principiis,
549 2348 685 2410 asseclas
700 2349 847 2412 habuisse
862 2350 1054 2421 sacerdotes,
1066 2351 1237 2412 monachos
1249 2350 1398 2430 aliosque

288 2447 389 2509 seculi
406 2447 561 2522 homiues,
576 2453 606 2512 iu
621 2467 782 2512 assensum
799 2469 893 2514 sunm
909 2471 962 2514 eus
980 2453 1156 2514 trahentem
1165 2473 1175 2529 ;
1192 2470 1229 2514 ae
1244 2451 1399 2531 simplici·

291 2549 348 2610 tati
365 2549 549 2613 illudentem
571 2553 709 2631 episcopi
731 2551 848 2628 Siricii,
865 2555 919 2634 qni
937 2554 975 2616 de
989 2573 1049 2617 suo
1064 2557 1201 2632 ingenuo
1217 2561 1323 2616 cetera
1342 2571 1398 2615 ae-

290 2649 450 2712 stimabat.
476 2649 578 2715 Panlo
594 2663 663 2733 post
676 2653 715 2717 dc
729 2655 869 2718 discessu
889 2657 1019 2718 locutus
1037 2654 1153 2718 iluiiini
1175 2655 1215 2716 ab
1235 2655 1314 2718 urbe
1331 2654 1398 2717 Ho-

290 2765 375 2824 nrae‚
397 2749 473 2814 dicit
494 2751 597 2829 ipsum
620 2771 637 2814 a
659 2755 805 2833 praelato
827 2755 910 2834 Papa
933 2756 1107 2817 obtinuisse
1129 2755 1254 2816 litteras
1277 2754 1399 2816 iorrua·

293 2855 352 2923 tas,
374 2851 441 2912 sire
462 2856 762 2918 communicatorias
773 2874 784 2933 3
799 2873 883 2934 quae
906 2865 998 2917 erant
1021 2856 1119 2916 veluti
1137 2855 1283 2933 publicae
1299 2863 1397 2918 tesse-

291 2949 435 3012 raeiidei
450 2952 651 3016 orthodoxae
673 2954 709 3016 iis
733 2953 829 3035 longe
851 2955 1138 3034 peregrinantibus.
1155 2953 1305 3029 Quocum
1328 2973 1397 3018 am-

291 3050 432 3130 plissime
453 3052 619 3118 invalescit
638 3056 780 3119 studium
796 3067 955 3130 nostrum,
969 3056 1129 3118 diuturnis
1143 3055 1393 3118 discussionibus

290 3153 472 3230 excetram,
486 3156 526 3220 de
541 3157 723 3237 integritate
743 3159 861 3224 codicis
883 3156 1077 3222 Periorchuss
1098 3175 1116 3219 a
1142 3155 1271 3220 nunno
1295 3159 1394 3232 versi,

290 3255 427 3336 ejusque
442 3259 595 3323 versionis
609 3259 803 3332 sinceritate,
820 3268 852 3321 et
867 3259 1004 3338 amplius
1018 3258 1057 3321 dc
1077 3257 1220 3320 doctriua
1236 3257 1398 3336 origenia-

290 3372 331 3418 na
351 3357 382 3419 iu
405 3359 466 3421 hoc
486 3357 593 3438 Opere
614 3359 795 3422 orthodoxe
826 3360 967 3422 discussa
990 3359 1057 3422 nlla
1080 3358 1200 3438 absque
1222 3359 1395 3420 haereseos

289 3466 377 3536 nota,
393 3460 474 3523 adeo
489 3469 526 3524 nt
540 3461 780 3524 offenderentur
794 3461 957 3525 Ecclesiae
972 3459 1133 3524 Romanae
1150 3461 1219 3521 viri.
1237 3457 1300 3535 Qui
1321 3461 1397 3538 qui-

290 3558 362 3623 dem
377 3560 449 3623 ullo
463 3561 583 3640 absque
597 3559 792 3624 offendiculo
814 3563 894 3624 hanc
910 3559 1028 3625 iluilini
1048 3561 1194 3640 legerant
1213 3561 1393 3623 versionem

290 3677 332 3724 ex
350 3661 494 3738 genuinis
506 3670 633 3725 erutam
653 3661 823 3726 Codtctous
837 3685 845 3725 ε
860 3664 955 3725 etiam
976 3663 1001 3723 si
1025 3663 1086 3724 hoc
1103 3661 1196 3725 valde
1212 3669 1319 3739 postea
1341 3679 1397 3724 ae·

291 3761 451 3840 preferret
479 3781 505 3824 s.
531 3760 747 3848 Hieronymus
773 3779 791 3825 a
814 3764 935 3828 falsatis
961 3763 1125 3828 codicibus
1153 3762 1288 3838 illusus,
1311 3771 1345 3825 et
1372 3781 1394 3826 a
1481 3795 1492 3822 ·

290 3859 379 3925 Theo
404 3864 481 3927 hilo.

369 3881 507 4046 ssropter
526 3969 591 4032 hoc
613 3971 706 4034 saido
727 3970 844 4034 mirum
867 3988 998 4052 quoque
1019 3976 1078 4043 est,
1101 3968 1194 4031 sicuti
1211 3974 1318 4030 nostra
1341 3985 1395 4030 re·

289 4065 365 4141 lert,
388 4069 473 4147 quod
497 4071 563 4149 ipse
583 4069 801 4156 Hieronymus
815 4073 847 4134 in
867 4072 1014 4152 Origenis
1036 4071 1170 4150 gratiam
1187 4068 1226 4131 de
1240 4087 1273 4131 se
1295 4077 1327 4132 et
1350 4069 1393 4133 de

289 4175 355 4231 tota
378 4167 521 4234 Ecclesia
542 4169 740 4235 Occidentali
757 4173 878 4236 latetur
885 4195 897 4252 3
912 4191 996 4255 quae
1017 4190 1080 4237 una
1100 4191 1209 4235 seeum
1227 4189 1329 4252 usqne
1351 4171 1394 4234 ad

288 4265 457 4349 Theophili
471 4272 649 4336 simultates
661 4281 772 4338 contra
783 4273 955 4354 Origeuem
968 4281 1000 4340 et
1009 4274 1209 4355 origenistas,
1220 4282 1278 4338 aut
1288 4289 1395 4354 usqne
