3028 4942
141 501 283 570 Attamen
303 519 332 566 n.
354 499 412 568 17:
426 505 543 566 instans
566 501 805 586 Hieronymus,
827 509 864 568 ul
885 510 980 586 cogat
1000 502 1156 569 loannem

70 606 164 680 lateri,
186 605 268 686 quod
291 603 446 682 Origenes
467 604 588 668 animas
610 605 766 668 humanas
786 625 827 669 ex
849 608 1041 687 angelornm
1063 607 1157 669 ruina

68 707 230 771 substitisse
259 705 407 770 docuerit
421 728 429 766 r
445 729 463 766 e
481 705 656 770 Detestaris
678 725 744 784 eos,
779 709 844 785 (ait
864 709 893 770 ei
915 706 1156 792 Hieronymus)

68 811 113 890 qni
132 812 247 873 animas
268 829 310 872 ex
330 810 450 888 angelis
471 816 620 872 asserunt
641 809 725 885 lieri,
742 818 773 874 et
794 809 929 872 illorum
950 813 1077 874 ruinam
1099 827 1157 872 no·

68 923 153 974 stram
174 912 283 976 dicunt
298 911 367 974 es‘se
387 913 607 974 substantiam.
631 909 707 976 Noli
725 912 941 986 dissimulare,
958 912 1043 993 quod
1060 913 1158 988 nosti,

67 1031 114 1076 nec
125 1014 340 1092 simplicitate,
357 1014 444 1092 quod
461 1031 523 1074 uon
546 1013 655 1088 habes,
673 1013 803 1093 lingere.
819 1033 835 1072 n
853 1011 917 1078 Nec
933 1012 1082 1093 Origenes
1098 1016 1160 1093 (re-

68 1115 185 1194 spondet
198 1113 351 1192 tornues)
366 1133 507 1196 nnpnom
521 1113 618 1188 dicit,
635 1133 673 1175 ce
686 1115 805 1194 angelis
819 1115 947 1178 animas
959 1113 1029 1194 ficri
1035 1134 1047 1194 3
1063 1113 1159 1193 qnnsn

68 1214 138 1294 r‘pror
163 1217 293 1296 angelos
312 1234 422 1280 nomen
443 1236 504 1280 csse
523 1216 615 1298 officii
634 1218 767 1292 doceat,
794 1234 858 1280 non
883 1226 1027 1280 naturae.
1045 1234 1062 1274 n
1078 1215 1159 1279 Siste

69 1318 198 1396 gradum,
222 1319 329 1383 lector
350 1320 517 1396 benevole,
533 1327 565 1382 et
581 1321 651 1382 vide
672 1327 791 1399 quanta
812 1318 1028 1384 sollieitudine
1043 1315 1159 1382 Hiero·

69 1435 166 1498 nymns
186 1427 275 1499 potat
296 1421 338 1482 ab
358 1420 484 1485 Jnanue
506 1439 544 1483 ne
566 1420 768 1494 dissimulet,
790 1421 844 1484 sed
868 1420 1022 1492 fateatur,
1044 1416 1159 1498 Orige-

69 1535 124 1582 nem
143 1521 171 1584 in
192 1522 293 1585 citato
314 1539 413 1602 opere
429 1520 474 1585 tn
502 1519 677 1602 Principiis
692 1523 913 1601 potissimum:
932 1524 1081 1586 edixisse
1102 1539 1157 1584 an·

75 1619 142 1696 gelos
161 1630 193 1686 et
224 1625 360 1686 thronos
382 1632 416 1688 et
446 1624 675 1688 dominationes
705 1631 738 1688 et
758 1630 931 1706 potestates
952 1633 984 1688 et
1014 1634 1157 1690 rectores

73 1723 158 1785 mnudi
173 1731 205 1788 et
227 1724 454 1800 tenebrarum,
469 1733 501 1787 et
524 1741 618 1789 omne
639 1744 766 1800 nomen,
782 1725 868 1806 quod
891 1727 1076 1791 nominatur
1096 1747 1158 1792 uon

73 1822 157 1886 solnm
176 1827 208 1888 in
231 1828 391 1906 praesenti
412 1829 524 1892 seenlo
544 1827 599 1890 sed
621 1837 653 1889 et
673 1828 705 1888 iu
727 1825 854 1902 tuturo,
875 1829 995 1890 animas
1016 1845 1085 1892 esse
1105 1847 1158 1892 en-

71 1940 129 1988 rum
147 1944 338 2009 corporum,
361 1948 446 2010 qnae
469 1931 521 1994 vel
542 1931 715 2006 desiderio,
740 1931 790 1994 vel
813 1931 988 1994 ministerio
1008 1949 1157 2012 suscepe-

72 2026 189 2092 riutele.
204 2049 222 2088 n
240 2030 335 2107 Quae
356 2043 533 2096 commenta
549 2041 582 2096 et
598 2033 727 2114 quidem
748 2033 974 2097 absurdissima
996 2051 1160 2115 uunquam

70 2125 169 2192 dixisse
190 2149 251 2194 nee
272 2133 446 2196 somniasse
466 2134 638 2214 Origenem
659 2135 809 2215 saperius
826 2139 858 2197 et
880 2133 1081 2214 frequentius
1103 2153 1159 2215 pa·

70 2231 233 2294 lautissimis
257 2238 455 2313 argumentis
476 2237 648 2315 probatum
669 2243 738 2310 est,
762 2253 866 2315 neque
887 2234 960 2298 inde
980 2235 1070 2299 libris
1090 2239 1157 2299 suis

67 2327 243 2398 inseruisse:
274 2337 474 2418 proindeque
502 2355 559 2400 neo
580 2335 737 2400 ioannem
758 2336 867 2415 legera
888 2337 1050 2416 potuisse,
1072 2353 1158 2416 quaa

69 2428 205 2513 Origenes
229 2454 295 2500 nou
314 2438 462 2518 scripsit3
477 2455 579 2518 quum
600 2439 697 2500 aliter
711 2446 742 2500 et
763 2437 889 2516 penitus
903 2438 1064 2500 contraria
1078 2440 1158 2501 seri-

67 2537 112 2607 pto
124 2537 321 2600 mandaverit
343 2538 551 2603 Adamantius
566 2545 598 2602 et
614 2539 744 2619 quidem
760 2557 860 2617 prope
876 2539 1073 2611 catholicum
1088 2557 1157 2602 seu·

67 2649 135 2696 sum.
156 2633 197 2698 Et
211 2639 294 2701 haee
314 2637 453 2704 loannes
466 2640 532 2720 ipse
552 2639 671 2721 objecit
691 2637 889 2722 Hieronymo
897 2659 910 2718 ;
925 2658 1075 2720 quaeque
1095 2657 1156 2703 sno

67 2731 127 2799 loeo
146 2757 184 2802 ex
205 2742 333 2820 integro
354 2739 472 2804 Rudini
495 2748 586 2806 textu
609 2759 725 2821 graeco
746 2749 779 2806 et
799 2742 945 2804 versione
966 2741 1140 2804 illustravi.

131 2836 347 2904 Nihilominus
367 2859 392 2904 s.
408 2839 530 2906 Ductor
550 2843 590 2905 ab
613 2844 660 2906 bis
675 2843 975 2923 interpolationibus
991 2851 1023 2905 et
1037 2843 1174 2908 saisita.

69 2936 150 3016 tibus,
164 2943 284 3022 quibus
298 2944 348 3005 sni
370 2943 477 3008 inierti
493 2953 585 3008 eraut
605 2945 743 3020 codices,
765 2963 829 3008 nou
849 2947 925 3018 satis
941 2951 1056 3008 cautus
1072 2945 1158 3024 dpo·

67 3034 169 3118 logiam
189 3046 328 3126 ejusque
350 3049 540 3121 duetorem,
565 3045 721 3112 loannem
742 3046 849 3108 denno
871 3063 910 3108 ac
924 3045 1095 3126 Origeuem
1112 3047 1158 3109 in·

65 3140 262 3210 simulaturus
284 3149 391 3225 instat,
408 3148 529 3213 trustra
550 3147 700 3211 laborans
720 3148 816 3224 iniis,
839 3165 923 3227 quae
945 3154 1083 3228 uterque
1099 3165 1157 3212 nee

66 3247 160 3326 sensit,
175 3267 236 3312 nee
258 3251 384 3330 putavit
399 3250 438 3314 de
459 3251 617 3314 creaturis
639 3251 862 3327 rationalibus,
881 3251 982 3314 relati
996 3256 1090 3313 antea
1110 3250 1158 3314 di·

68 3350 140 3410 tium
155 3360 212 3414 ert.
236 3351 332 3428 Quod
347 3353 424 3415 item
446 3352 654 3433 repetendum
676 3360 724 3414 est
744 3351 783 3414 de
798 3353 847 3425 iis,
870 3369 954 3432 quae
974 3353 1006 3414 in
1021 3351 1082 3413 tine
1098 3351 1158 3414 bu·

66 3440 109 3521 jos
129 3447 212 3514 Libri
228 3449 446 3536 Hieronymus
467 3461 579 3516 eontra
608 3452 757 3516 eamdem
779 3451 935 3518 loannem
956 3455 1076 3516 excitat
1096 3453 1158 3514 eir·

69 3559 97 3606 tt
116 3545 371 3618 Resurrectionis
391 3554 527 3636 dogma,
550 3555 628 3630 ubi,
651 3556 755 3633 ipsum
776 3562 809 3617 et
829 3571 903 3618 cum
924 3573 964 3618 eo
984 3554 1157 3631 Origenem

68 3643 202 3716 damnare
223 3663 360 3719 conatus
377 3664 441 3733 est,
461 3657 552 3736 qnasi
573 3655 668 3718 aliter
688 3655 728 3717 ab
750 3653 913 3719 Ecclesiae
934 3655 1079 3717 doctrina
1101 3653 1158 3715 do-

68 3759 180 3830 centes,
211 3765 403 3836 praetexens
434 3775 599 3839 nunquam
629 3755 785 3822 loannem
817 3760 849 3822 in
870 3775 908 3820 ea
936 3756 1159 3838 disquisitione

68 3845 169 3918 dixisse
187 3857 328 3938 corporis
347 3858 628 3932 resurrectionem,
650 3860 704 3924 sed
726 3857 854 3922 carnia:
879 3860 1027 3941 quaudo,
1048 3858 1159 3923 subdit

68 3942 197 4022 bonnus
212 3960 252 4024 de
266 3961 385 4025 eisdem
399 3963 655 4038 accusatoribus,
677 3981 790 4044 corpur
804 3963 976 4028 bnmnnnm
994 3959 1088 4026 alind
1106 3979 1161 4024 ne·

68 4049 122 4113 seio
139 4057 213 4138 pns'd
232 4061 392 4143 pingebant
410 4084 473 4128 erac
492 4083 585 4145 qnam
600 4083 736 4130 carnem.

135 4153 175 4221 Ut
193 4179 295 4241 porro
322 4170 446 4229 constet
474 4183 572 4246 quam
593 4166 709 4231 merito
730 4165 813 4230 haue
841 4165 1076 4233 distinctionem
1097 4165 1158 4230 'eeu

71 4265 151 4319 sensu
171 4276 306 4328 saeuam
334 4267 495 4349 spreverit
516 4265 686 4347 belinus,
718 4267 895 4334 audiantur
914 4287 999 4353 qnae
1019 4267 1093 4335 ideo
1113 4268 1158 4329 ait
