3028 4942
76 437 155 521 plura
175 455 213 510 ex
231 437 292 500 boo
313 434 500 522 Hieronymi
522 435 618 500 Libro
638 434 816 500 leuioribus
836 432 990 516 objioere,
1013 435 1156 514 satisque

75 548 137 621 epta
156 547 348 618 argomento.

135 637 167 702 ln
187 641 292 718 primis
312 639 465 719 queritur
484 657 509 701 s.
532 635 666 711 llootor,
682 655 743 702 our
756 635 895 702 Jonooes
909 633 1072 700 nonnullis
1086 640 1155 698 tsn-

75 742 217 806 tnmmotlo
238 741 404 822 Epiphanii
426 739 700 804 criminationibus
723 738 937 819 responderit.
959 735 1080 802 lloiotle
1100 736 1156 800 tle·

75 841 198 906 leusiouis
212 843 309 924 ipsios
321 843 466 918 ioannis,
481 842 619 922 tideique
633 858 712 906 suae
726 840 932 920 proiessiouis
952 840 1049 903 verbo
1062 856 1157 904 soru-

75 951 144 1008 tator
161 942 382 1027 Hieronymus.
405 945 453 1007 Ao
475 945 601 1008 interim
623 961 652 1006 n.
676 939 707 1008 8.
730 942 924 1006 enumeratis
941 939 1089 1022 Origeuis
1104 957 1157 1004 or·

75 1043 192 1120 roribus,
213 1046 330 1125 quibus
349 1053 517 1124 suspectos
540 1043 601 1108 luit
624 1041 786 1119 ioannes,
810 1043 886 1106 buin
907 1041 1018 1122 adjicit
1039 1040 1156 1106 Hiero·

73 1163 185 1227 nyom:
202 1169 218 1208 e
234 1146 292 1210 llio
310 1148 400 1224 mibi,
417 1146 597 1226 disputator
617 1146 757 1226 egregie,
773 1145 812 1209 de
827 1153 901 1209 noto
922 1144 1092 1226 ospitalis,
1114 1143 1156 1207 otl

73 1267 138 1329 pune
155 1251 365 1331 responderis,
389 1250 553 1329 paulisper
573 1249 612 1312 de
627 1249 742 1312 ceteris
757 1256 862 1312 teoeas
869 1269 881 1328 ;
899 1248 1002 1328 ptime
1016 1247 1073 1310 illo
1089 1246 1158 1309 blo-

71 1350 198 1427 spbemio‚
220 1351 310 1430 quoti
331 1369 387 1414 nee
406 1348 513 1414 Filios
535 1349 660 1414 Patrem
671 1369 689 1423 ,·
710 1367 766 1412 neo
786 1347 907 1412 Fiiinm
929 1347 1034 1428 possit
1052 1348 1157 1412 nidere

72 1447 182 1530 Spiritus
201 1450 366 1529 Sanetus,
386 1454 504 1534 quibus
524 1470 543 1515 e
567 1459 598 1517 te
620 1453 690 1517 telis
710 1453 855 1516 ooniossa
883 1451 960 1516 est?
986 1449 1155 1527 Sanctam,

75 1551 152 1632 inquit
168 1553 320 1632 ioannes,
342 1563 370 1619 et
389 1555 587 1619 &mondum
609 1550 796 1618 Trinitatem
815 1551 949 1632 ejusdem
966 1552 1157 1620 substantioe

76 1659 298 1733 ammonam,
319 1654 454 1738 ejusdem
473 1653 592 1735 pieriae
610 1663 640 1718 et
653 1651 834 1718 divinitatis
847 1651 1013 1730 eredimus,
1029 1655 1158 1719 nnatbe-

74 1753 230 1821 notisuntes
247 1776 314 1833 eos,
326 1755 383 1838 psi
395 1757 514 1836 monde
527 1765 585 1820 ont
596 1773 733 1836 poronm
746 1765 804 1818 ant
816 1753 995 1835 inoepnoie,
1010 1765 1068 1820 aut
1081 1755 1159 1822 oisi-

72 1851 117 1918 iiie
130 1856 161 1921 in
180 1857 305 1924 Deitnts
331 1855 498 1948 Trinitatis
524 1855 697 1940 quidquam
716 1858 899 1938 loquuntur.
926 1852 986 1920 Sed
1004 1854 1087 1922 stem
1105 1855 1158 1922 in·

73 1959 236 2036 emporoiem
255 1957 462 2033 invisibilem,
475 1967 505 2022 et
516 1968 676 2022 oeternum
690 1955 823 2022 atetnm
838 1956 980 2034 Patrem,
995 1956 1043 2023 aie
1054 1957 1159 2024 innor-

68 2059 197 2136 poroiem,
215 2059 407 2126 invisibilem
426 2070 456 2123 et
475 2069 635 2124 murnum
655 2058 792 2125 dicimus
811 2057 934 2124 Filiam
954 2069 985 2124 et
1003 2057 1160 2143 Spiritum

70 2153 206 2226 Sanctam
222 2181 239 2222 o

132 2261 214 2329 Haeo
232 2265 348 2330 eadem
371 2266 470 2330 rerba
490 2264 673 2330 summatim
695 2283 736 2328 ex
757 2264 869 2328 eodem
890 2263 1038 2348 Origoois
1052 2268 1158 2349 eapite

70 2358 307 2445 temptassent,
329 2367 385 2431 ubi
406 2368 564 2431 intextum
586 2371 636 2428 est
662 2364 744 2429 illud
766 2366 986 2446 blasphemum
1012 2368 1155 2450 dietum

69 2461 155 2530 Filiae
172 2485 235 2531 non
255 2466 343 2532 vinee
367 2466 495 2532 Patrem
522 2476 584 2532 ete.
606 2467 693 2548 quod
721 2467 851 2548 quidem
880 2469 971 2533 siluit
996 2468 1156 2546 ioannes,

69 2583 205 2632 sunnon
225 2571 400 2651 reperisset
419 2571 451 2632 in
470 2588 532 2634 suo
551 2568 662 2634 codiee
683 2587 810 2650 graeco.
833 2568 976 2651 ideoque
1001 2589 1065 2636 uon
1085 2581 1158 2638 erat

71 2663 249 2754 Hieronymo
269 2671 501 2752 aegreferentes
523 2672 594 2736 talis
615 2669 747 2736 Joonnis
767 2671 949 2748 obtestatio,
966 2675 1011 2736 uti
1027 2692 1089 2738 nou
1106 2695 1157 2740 sa·

72 2769 101 2831 tis
117 2779 184 2854 apta
203 2774 243 2835 atl
268 2773 483 2838 ventilandam
505 2773 748 2854 imputationem
768 2772 827 2836 sibi
848 2791 887 2838 ao
914 2773 1046 2854 Origeni
1074 2779 1159 2843 irro-

72 2877 172 2949 gatam,
185 2875 279 2954 quasi
295 2881 434 2954 uterque
448 2876 479 2938 io
495 2875 556 2940 hoe
569 2875 611 2938 ab
625 2874 769 2938 Enelesia
785 2874 950 2940 catholica
964 2877 1155 2946 dissentiret.

69 2966 127 3036 Non
144 2979 226 3039 enim
247 2977 412 3057 respondit
431 2993 491 3041 uec
504 2977 646 3041 excussit
659 2975 959 3061 Hierosolymorum
973 2979 1157 3062 episeopus,

68 3090 135 3150 quae
152 3094 214 3140 oon
231 3077 314 3157 legit
332 3080 365 3142 in
385 3076 549 3142 codicibus
564 3075 768 3141 Periorebon.
783 3076 925 3159 ideoque
939 3077 1157 3166 Hieronymus

70 3172 171 3242 lmstra
191 3179 306 3261 culpat
325 3177 498 3260 Origenem
519 3187 645 3243 etcum
666 3199 706 3244 eo
726 3179 882 3246 ioannem
908 3182 949 3246 ob
977 3183 1158 3263 praelatam

67 3281 232 3344 sententiam
248 3280 337 3361 quoti
351 3277 458 3344 Filios
475 3276 541 3344 noia
560 3279 644 3344 videt
663 3281 792 3346 Patrem
806 3290 867 3346 ete.
884 3300 958 3346 eum
979 3285 1157 3372 patentissi-

68 3393 138 3442 mum
157 3381 218 3458 sit,
240 3383 343 3462 ipsam
364 3381 476 3446 baberi
497 3370 797 3464 interpolationem}
819 3384 1021 3464 proindeque
1041 3383 1158 3448 Hiero-

67 3491 180 3561 nymum
198 3483 294 3548 nullo
310 3482 387 3565 jnre
406 3490 609 3564 nuncupatos
635 3485 721 3548 risos
751 3486 877 3549 arianos
898 3484 1010 3550 iecisse
1030 3485 1156 3566 liquido

67 3593 180 3650 temtat.

131 3684 299 3752 Praeterea
319 3707 362 3752 ex
382 3685 495 3752 eodem
515 3687 601 3751 libro
621 3687 817 3752 advertendo
836 3695 924 3766 suot,
946 3705 1031 3770 quse
1051 3687 1083 3749 in
1103 3705 1156 3752 eo·

68 3779 147 3848 olesin
166 3787 471 3872 Hierosolymorum
486 3807 596 3854 eoram
610 3789 732 3870 populo
747 3791 944 3871 loquebator
960 3789 1156 3872 Epiphanius

68 3895 160 3950 eontra
177 3893 361 3973 suppositos
383 3891 530 3972 Origeois
554 3910 683 3958 errores
711 3911 776 3958 una
796 3894 933 3958 suadens
946 3893 1062 3960 losoni
1079 3891 1157 3974 lipi-

69 4001 149 4068 scope
169 4001 205 4058 ut
225 3993 404 4060 Auctorem
432 4015 574 4080 suosque
603 4015 732 4061 errores
755 3997 992 4061 condemnaret
1020 3995 1080 4060 Cui
1104 4011 1157 4059 re·

70 4091 177 4164 spoottt
195 4092 348 4171 loannes,
369 4113 404 4159 se
424 4104 457 4160 et
477 4095 633 4177 populum
652 4115 749 4160 sunm
763 4097 908 4160 eamdem
923 4103 1031 4160 tenere
1045 4093 1153 4170 tidem,

70 4203 151 4264 tiam
169 4192 365 4278 Epiphanius
386 4197 611 4278 profitebatur,
631 4215 795 4279 quamque
813 4199 889 4265 item
904 4199 1025 4281 populo
1040 4195 1155 4264 suade·
