3066 4950
330 367 394 437 edd

762 469 901 540 CAPUT
921 469 1010 536 xxt.

334 677 475 744 Liberali
501 675 650 742 distortae
675 678 712 742 de
733 678 885 761 Apnpeti,
905 675 1035 743 Silorrii
1064 682 1093 740 ci
1118 670 1227 756 thtttt
1250 669 1425 752 Pontifienbt

375 777 482 844 ceteris
494 779 630 860 ejusdem
651 777 764 844 notatis
781 781 915 846 collatae
934 775 1134 856 testimoniis,
1155 773 1286 858 salsitas
1304 771 1427 852 nudipur

373 881 615 956 comprobetur:
630 901 728 962 quere
748 881 887 964 emplius
907 877 1096 946 illustretur
1113 875 1310 960 propositum
1327 871 1427 956 preld¹

371 981 485 1062 citime
504 981 605 1066 ipsine
629 981 742 1066 Vipilt'i
759 982 972 1067 assumptione
990 984 1026 1050 in
1046 981 1139 1050 Petri
1161 979 1356 1048 Gntlcsdrnm.

1500 1216 1501 1247 l

339 1209 533 1333 Liberatus
554 1271 585 1332 in
611 1269 708 1332 citato
730 1267 855 1334 Libello
877 1289 905 1334 c.
929 1267 1030 1334 xxti.
1052 1267 1092 1332 dc
1112 1265 1253 1334 silverio
1275 1267 1309 1326 ei
1330 1259 1428 1342 vigilio
1500 1255 1501 1260 ’

339 1373 418 1434 boec
433 1380 544 1435 narrat
559 1393 568 1434 ε
586 1392 603 1432 ιι
618 1370 677 1436 llis
692 1373 842 1450 peractis,
865 1374 1060 1436 constituens
1076 1369 1241 1450 llgapetus
1262 1364 1344 1446 l'apa
1359 1358 1428 1442 spud
1500 1439 1501 1456 ἶ

340 1471 585 1554 imperatorem,
608 1475 851 1554 apocrisiarium
874 1473 1038 1538 Ecclesiae
1058 1490 1136 1536 suae
1154 1469 1321 1550 Pelagium
1342 1465 1430 1528 disco·

338 1593 415 1638 ιιιιιιι
437 1593 547 1649 anum,
564 1575 640 1638 dum
664 1575 694 1637 in
717 1573 842 1640 ltaliam
865 1577 985 1639 reverti
1008 1575 1157 1653 disponit,
1173 1565 1431 1646 Constantinopoli
1499 1621 1501 1658 ,

341 1675 430 1738 obiit.
456 1674 501 1738 lle
524 1674 618 1756 cnjus
641 1673 774 1738 decessu
796 1675 928 1739 audieus
950 1675 1094 1740 Romana
1117 1674 1251 1748 Civitas,
1275 1669 1429 1739 silverium
1500 1663 1501 1690 ¹

339 1775 572 1839 subdiaconum
596 1773 786 1840 llormisdae
801 1777 962 1857 quondam
987 1776 1091 1858 Papae
1112 1775 1230 1850 filium,
1246 1774 1344 1856 elegit
1360 1770 1429 1836 ordi·
1500 1807 1501 1850 ᾗ

341 1877 492 1939 nandum.
516 1874 661 1956 Augusta
686 1895 764 1940 vern
787 1895 903 1940 vocaus
926 1875 1077 1956 vigilium
1103 1875 1242 1956 Agapeti
1265 1876 1430 1944 diaconum,
1500 1899 1501 1964 j

341 1977 487 2056 profiteri
508 1978 566 2040 sibi
589 1985 716 2043 secreto
737 1977 778 2041 ab
800 1996 838 2044 eo
859 1978 1026 2056 llagitarii,
1050 1985 1086 2042 ut
1106 1978 1130 2041 si
1155 1975 1242 2058 Papa
1264 1977 1365 2051 beret,
1385 1972 1431 2037 tol·

340 2080 424 2142 leret
445 2076 623 2164 synodum,
642 2089 675 2144 et
688 2082 844 2145 scriberet
865 2077 1058 2154 Theodosio,
1077 2079 1240 2156 dntbimo,
1265 2085 1298 2146 et
1317 2077 1432 2143 Severo:

341 2190 372 2245 et
402 2199 460 2259 por
488 2182 657 2262 epistolam
688 2199 780 2246 suem
801 2201 916 2246 eorum
948 2181 1092 2246 firmaret
1123 2181 1231 2256 fldem,
1260 2181 1431 2264 promittent

343 2281 421 2344 darc
444 2284 471 2346 ai
495 2291 704 2364 pracceptum
726 2284 766 2347 ed
789 2282 995 2361 Belisarium,
1010 2293 1048 2348 ut
1069 2283 1154 2372 Papa
1177 2284 1391 2354 ordinaretur,
1408 2284 1433 2343 el

343 2386 412 2449 dari
436 2387 615 2450 centenaria
632 2393 765 2467 sepiem.
783 2384 948 2451 Lubeutcr
967 2405 1045 2464 crgo
1066 2387 1205 2466 suscepit
1221 2383 1357 2466 vigilius
1375 2397 1434 2462 pro·

344 2489 477 2551 missum
493 2488 563 2568 ejus
583 2505 695 2553 amore
709 2487 913 2568 episcopales
934 2493 966 2551 et
987 2490 1070 2552 euri.
1086 2486 1128 2550 Et
1143 2485 1433 2567 lactsproleseioce,
1500 2507 1501 2586 p

344 2585 481 2652 Romam
504 2589 670 2668 proiectus
683 2595 749 2654 est:
773 2590 828 2654 ubi
850 2591 978 2654 veniens
999 2590 1120 2654 invenit
1138 2588 1315 2654 Silrerium
1336 2585 1434 2664 Papau

345 2689 541 2753 ordinatum.
567 2691 652 2768 Quin
674 2699 705 2755 et
726 2689 898 2755 Ravennae
931 2695 1052 2772 reperit
1073 2689 1265 2756 Belisnrium
1289 2691 1320 2752 in
1341 2686 1432 2750 eaden

305 2807 308 2813 ’
345 2790 429 2856 urbe
449 2793 624 2868 sedentem,
641 2812 777 2875 eumque
792 2793 998 2857 obtinentem.
1014 2793 1075 2859 Cui
1097 2792 1226 2857 tradens
1243 2794 1434 2872 praecepium
1500 2873 1501 2880 ἶ

347 2889 527 2973 Aspasiae,
551 2895 741 2976 promisitei
762 2893 828 2958 dno
849 2895 922 2958 auri
937 2897 1133 2972 centenaria,
1148 2894 1174 2958 si
1195 2893 1336 2958 Silrerio
1349 2905 1435 2954 reno·
1500 2883 1501 2978 l

349 2999 395 3068 to,
418 2995 626 3059 ordinaretur
646 2998 714 3076 ipse
736 3013 796 3077 pro
817 3015 866 3060 eo.
890 2995 1067 3060 belisarius
1089 3014 1168 3060 vero
1189 2993 1325 3060 Romam
1346 3005 1435 3057 rerer·

348 3114 416 3170 sus,
436 3115 572 3160 evocans
586 3097 760 3163 Silverinm
776 3097 815 3160 ad
838 3095 1011 3175 Palatium,
1027 3097 1203 3162 intentabat
1217 3099 1246 3161 el
1262 3094 1434 3164 calumniam

350 3200 443 3268 euasi
465 3199 569 3274 gothis
590 3200 780 3279 scripsisset,
802 3206 839 3262 nt
860 3197 996 3263 Romam
1018 3198 1200 3263 introirent.

432 3297 583 3364 «Fertur
596 3307 704 3364 eutem
715 3297 864 3365 Marcum
885 3301 1057 3382 quemdam
1068 3299 1297 3372 scholasticum
1312 3303 1343 3363 el
1354 3295 1437 3362 lulis·

352 3417 430 3464 num
452 3401 624 3479 quemdem
646 3405 888 3483 praetorianum
911 3401 1000 3467 lictae
1022 3401 1203 3474 denomino
1223 3397 1350 3466 Silrerii
1368 3413 1437 3462 con·

353 3501 498 3578 posuisse
523 3501 648 3567 litteras
670 3504 737 3586 regi
753 3504 926 3584 gothorum
947 3503 1103 3584 scriptas;
1124 3521 1164 3566 cx
1186 3503 1305 3582 quibus
1329 3497 1435 3564 caurio
1500 3551 1501 3558 ,

354 3607 487 3664 caretur
500 3599 657 3665 silverius
679 3601 857 3666 Romanam
874 3603 959 3666 selle
980 3604 1116 3684 perdere
1131 3601 1313 3668 Civitatem.
1328 3600 1436 3666 secun

354 3708 464 3764 antem
486 3697 662 3766 Belisarius
683 3703 806 3784 eteius
836 3703 957 3785 conjux
980 3702 1215 3785 persuadebant
1245 3700 1375 3766 Silrerio
1392 3696 1435 3757 iu·

353 3799 443 3878 plere
465 3809 674 3881 praeceptum
697 3802 865 3884 Augustae
893 3813 929 3868 ut
946 3805 1120 3868 tolleretur
1134 3797 1384 3867 chalcedonensis
1393 3791 1437 3878 Sp·

303 3968 309 3978 „
353 3899 470 3972 nodus,
493 3911 524 3963 et
546 3920 605 3981 per
624 3905 794 3982 epistolam
814 3925 906 3970 suam
929 3906 1169 3970 baereticorum
1190 3903 1333 3966 firmaret
1351 3897 1434 3962 blau·

354 3998 418 4076 Qui
441 4021 518 4067 mcx
538 4005 578 4066 de
602 4003 725 4072 Palatio
746 4023 906 4088 egressus,
928 4008 1005 4088 quid
1028 4007 1068 4071 de
1089 4026 1128 4072 eo
1149 4007 1253 4084 lieret,
1275 3993 1436 4068 consiliariis
1500 3999 1501 4084 ᾖ

354 4101 422 4165 suis
442 4103 574 4168 locutus
595 4111 653 4170 eei.
682 4105 723 4170 El
744 4109 873 4172 veniens
893 4109 1030 4172 contulit
1050 4129 1084 4173 se
1105 4109 1135 4172 in
1166 4107 1326 4172 basilicam
1346 4102 1435 4165 butte
1500 4099 1501 4170 f

355 4200 482 4268 Mariae
495 4203 628 4270 Sabinae
639 4228 651 4288 3
667 4209 776 4292 ibique
797 4212 959 4289 monebat,
976 4212 1030 4276 ubi
1051 4219 1082 4276 ct
1097 4212 1238 4276 directus
1259 4215 1307 4274 eet
1325 4201 1361 4270 ed
1378 4209 1434 4264 ew
