3042 4940
321 423 383 500 itti

746 524 886 594 CAPUT
907 525 997 594 xllt.

316 724 426 807 Pergit
438 723 595 792 discussio
608 745 707 808 supro
722 731 900 811 praefetam
910 727 1085 808 prtolons
1096 726 1245 791 adversos
1257 723 1410 808 Oripcnsn,

355 826 469 910 quami
488 827 640 893 nimirem
658 829 809 910 saciando
827 827 872 893 ss't
901 825 1003 910 ipsius
1021 825 1214 902 auctoritas,
1233 838 1262 890 ct
1280 847 1336 910 pao
1352 837 1411 890 aas·

349 947 426 1012 pora
444 927 635 996 concinnato
650 928 712 1003 sita
726 929 828 994 aeriis
841 928 908 993 ideo
922 927 1047 994 collatis
1067 931 1104 993 de
1118 929 1224 992 eedem
1235 925 1411 1002 testimonib,

352 1029 465 1111 quitos
478 1030 580 1110 megia
595 1032 722 1111 patefiat
734 1030 821 1094 sotor
839 1029 960 1110 scripta
979 1031 1160 1112 apocrypho
1178 1031 1261 1094 heac
1281 1031 1402 1093 mosdm

351 1132 425 1195 dom
444 1149 520 1208 essa,
540 1130 689 1213 nulloque
702 1131 778 1213 jnre
796 1128 982 1196 Iustiniana
1002 1130 1249 1196 inscribendam.

314 1375 446 1498 Valde
475 1439 547 1513 post
566 1433 629 1498 hoc
646 1433 780 1510 mirum,
802 1439 1011 1515 nostramque
1037 1440 1185 1514 repetens
1205 1431 1411 1498 consideratio·

315 1553 389 1599 nem
412 1533 492 1597 illud
514 1541 573 1610 esi,
589 1534 676 1615 qood
698 1535 730 1598 in
752 1534 813 1598 line
830 1533 994 1616 Epistolae
1007 1535 1122 1598 statuit
1140 1542 1175 1597 ot
1189 1535 1316 1598 mandat
1330 1531 1412 1597 insti·

319 1637 432 1700 nianus
462 1634 588 1698 dicens:
606 1632 672 1701 oln
693 1645 861 1714 posterum
882 1653 942 1700 nec
961 1637 1059 1700 aliter
1080 1635 1275 1723 ordinentur
1294 1633 1412 1716 episcopi

316 1745 375 1802 ant
394 1736 665 1802 monasteriorum
687 1737 854 1818 praelecti,
884 1737 942 1801 nisi
964 1738 1055 1818 prins
1087 1755 1161 1801 cum
1173 1737 1256 1799 -aliis
1286 1735 1412 1800 omnihus

314 1839 486 1906 haereticis
508 1837 584 1918 (qni
609 1836 649 1902 de
670 1856 760 1903 more
781 1841 813 1902 ln
834 1839 927 1902 oditis
951 1838 1070 1902 libellis
1102 1833 1411 1910 anathematizantur)

315 1939 397 2004 idest
411 1938 552 2005 Sabellio
569 1939 648 2002 Ario
668 1946 733 2002 otc.
757 1939 853 2003 etiam
870 1939 1071 2019 praedictum
1093 1937 1266 2018 Origcnam
1283 1956 1341 2001 nna
1353 1953 1412 1998 cun

315 2039 504 2104 execrandis
519 2047 551 2104 et
566 2040 669 2118 impiis
683 2040 755 2120 ejus
768 2040 972 2120 dogmatibus
987 2039 1269 2103 anathematizent.
1283 2059 1299 2096 s
1313 2036 1412 2100 lamen

312 2140 444 2204 ubinam
465 2139 587 2220 legitur
609 2141 670 2205 hoc
691 2141 723 2204 in
743 2140 887 2207 eeclesiis
913 2127 1080 2221 expletum
1111 2137 1285 2204 iustiniani
1307 2136 1414 2201 manda·

315 2238 412 2304 tum?
433 2235 515 2302 Com
530 2246 563 2302 et
583 2239 649 2318 lpse
669 2240 794 2319 primam
809 2239 907 2318 paulo
928 2246 1002 2318 post
1021 2237 1084 2302 hnc
1109 2247 1324 2319 transgressus
1342 2235 1412 2300 sitin

316 2357 376 2404 sna
398 2347 506 2403 rectae
530 2339 604 2402 lidei
630 2337 848 2417 Confesslnne,
870 2356 986 2404 nomen
1010 2345 1043 2402 et
1066 2339 1226 2404 haeresim
1247 2347 1282 2404 et
1306 2335 1415 2402 amthe·

317 2458 371 2506 ma
393 2443 540 2505 omittens
561 2439 737 2520 origenis?

396 2539 476 2606 ltem
499 2541 667 2606 dicendum
689 2541 729 2606 de
752 2539 882 2622 Pelagio
904 2541 929 2606 l.
946 2562 1042 2624 quem
1064 2561 1146 2624 opus
1166 2561 1278 2619 sunm,
1293 2559 1361 2608 cun
1378 2557 1416 2604 es·

316 2649 368 2706 set
387 2643 614 2723 apocrisiarius
634 2643 720 2723 apud
742 2642 973 2719 lastinianum,
996 2643 1165 2709 tabnlntnr
1184 2642 1351 2708 Liberatus
1367 2641 1415 2702 im·

318 2742 515 2823 pendissent
536 2743 746 2808 damnaretur
758 2742 925 2824 Origenes.
948 2742 1163 2810 Nihilominus
1184 2763 1260 2810 cum
1282 2739 1417 2808 essctPa·

318 2863 372 2925 pa,
391 2845 422 2909 in
443 2846 577 2926 epistola
599 2846 643 2908 cd
655 2843 841 2909 universum
854 2845 1009 2925 populum
1027 2843 1095 2924 liet,
1112 2845 1167 2910 nbi
1193 2845 1324 2928 exponit
1341 2858 1415 2908 suan

320 2945 414 3010 fidem
430 2946 586 3012 adversus
606 2946 823 3026 quorumdam
844 2947 1053 3029 suspiciones,
1065 2955 1098 3034 et
1113 2945 1286 3028 profitetur
1303 2963 1335 3010 se
1353 2957 1417 3024 qua

320 3056 398 3114 tuor
420 3035 571 3114 venerari
589 3048 733 3132 synodos
749 3049 926 3130 generales,
942 3057 976 3114 et
996 3050 1146 3130 epistolas
1163 3048 1350 3113 Pontificum
1363 3044 1415 3108 llo-

318 3166 490 3214 manorum
505 3157 538 3214 et
558 3151 679 3216 hahere
695 3151 874 3226 damnatos,
889 3168 971 3231 qnos
988 3151 1047 3230 ipsi
1069 3150 1277 3226 damnarunt,
1293 3145 1417 3226 transigit

319 3253 448 3316 omnino
472 3251 619 3332 Origcnis
649 3253 831 3330 anathemo,
853 3258 886 3315 et
910 3248 1017 3332 vigilii
1039 3253 1207 3316 decretum
1242 3251 1283 3315 de
1303 3251 1358 3314 hac
1374 3247 1418 3310 da·

320 3355 494 3418 mantione.
681 3343 690 3358 ⁶

400 3454 526 3520 Pariter
540 3457 570 3517 in
582 3455 654 3518 fidei
667 3453 869 3518 Proiessione
881 3451 1031 3536 Pelagius
1043 3453 1129 3534 Papa
1145 3451 1187 3518 ll.
1199 3454 1285 3519 circa
1299 3471 1346 3517 an.
1356 3446 1413 3516 ssi.

320 3553 352 3617 iu
373 3555 506 3635 epistola
522 3556 548 3619 l.
565 3555 603 3618 ad
621 3553 724 3619 Elium
746 3562 780 3618 et
798 3555 965 3636 episcopos
985 3547 1111 3631 latrin'e,
1127 3556 1252 3620 dicitse
1273 3554 1361 3618 iidem
1382 3556 1417 3612 to-

320 3673 398 3719 nare
418 3657 459 3719 ab
478 3656 641 3737 Apostolls
658 3655 806 3719 traditam
821 3661 855 3720 et
878 3675 938 3737 per
957 3674 1160 3721 successores
1187 3675 1301 3721 eornm
1327 3657 1417 3718 cusio-

320 3756 418 3820 ditem
441 3759 683 3836 inviolabiliter,
705 3774 743 3822 ac
764 3757 925 3821 firmatam
947 3758 979 3820 in
1004 3764 1150 3840 quatuor
1175 3756 1309 3840 Synodis
1338 3768 1417 3818 oecu-

322 3860 464 3934 menicis,
487 3861 540 3922 sed
556 3868 588 3922 et
602 3860 634 3922 in
656 3860 790 3948 epistola
807 3859 921 3925 Leonis
943 3857 1049 3940 Papae
1069 3859 1108 3922 ad
1126 3857 1328 3930 Flavianum,
1349 3867 1417 3934 qnae

322 3966 356 4023 et
370 3957 482 4023 Tomos
492 3967 710 4041 nuncupatur.
723 3959 759 4024 in
773 3979 836 4041 qna
853 3959 1049 4040 professione
1066 3957 1226 4040 Pelagius,
1241 3973 1339 4038 quum
1352 3950 1418 4016 Lea

321 4061 370 4124 nis
391 4061 547 4140 epistolae
561 4061 742 4124 meminerit
755 4061 787 4123 in
802 4060 1043 4124 haereticorum
1065 4059 1278 4132 damnatione,
1296 4053 1360 4134 poni
1372 4065 1417 4111 cu·

322 4177 359 4224 ra
381 4157 550 4223 iustiniani
568 4158 746 4241 Epistolam
767 4159 807 4223 ad
829 4157 980 4228 Mannum
1011 4177 1165 4226 revocans
1186 4159 1338 4224 adversus
1355 4149 1415 4215 Ori·

323 4277 447 4342 genem,
476 4261 572 4326 tstom
593 4257 752 4340 peculiari
780 4259 984 4328 anathemate
1013 4259 1200 4330 nominatim
1229 4251 1415 4322 distinxisset
