3138 4950
378 399 441 476 titi

809 501 950 574 cuent
970 503 1072 576 XXV.

378 691 464 783 Quia
484 705 680 772 sentiendum
693 705 738 770 eit
757 709 794 770 tte
813 708 868 786 iis,
890 727 970 792 qaae
987 715 1060 790 poet
1080 706 1243 790 Samiam
1264 708 1296 776 V.
1319 721 1393 778 nata
1413 725 1479 777 seat

414 810 567 874 adversas
602 807 794 888 Enipeiiam
830 808 1009 892 episcopam
1044 811 1425 894 noestautiaepotitaooea
1451 815 1481 878 ie

414 909 597 992 quaestione
617 907 665 974 De
687 909 945 993 tueorruptinttt,
973 910 1171 979 testantium
1193 914 1368 997 praecipue
1399 915 1481 981 rete

415 1013 493 1094 doro
514 1009 634 1078 decido
657 1009 825 1078 Caesareae
856 1011 1073 1095 Cappadociae
1093 1013 1236 1097 episeopo
1256 1025 1286 1080 et
1304 1014 1481 1083 Jteetiuiaeto

414 1113 603 1196 imperatore
615 1135 624 1179 ε
645 1116 730 1179 aede
743 1113 796 1179 ieie
817 1114 950 1181 oremus
962 1117 1113 1198 eotpatter
1127 1117 1315 1198 iaeretieeea,
1331 1128 1361 1184 et
1375 1118 1410 1183 ia
1421 1119 1481 1182 tet·

413 1215 478 1280 resi
496 1217 663 1299 &saneim
681 1215 813 1282 mator.

351 1593 357 1604 ‚
378 1465 585 1588 Nouissime
601 1469 687 1588 eirea
702 1520 836 1603 Evagrii
850 1519 1040 1612 scholastici
1061 1529 1095 1589 et
1108 1523 1227 1608 Cyn-itti
1249 1523 1482 1590 testimoniata
1552 1575 1553 1592 2

376 1622 496 1711 synodi
512 1621 551 1688 V.
569 1621 670 1701 Aetia,
687 1623 742 1688 ubi
763 1623 823 1705 ipsi
838 1624 931 1706 ajunt
951 1632 1084 1707 praeter
1099 1627 1159 1689 triu
1181 1625 1349 1707 Capitate,
1365 1627 1484 1692 mum·
1552 1675 1553 1696 t

375 1737 425 1790 tot
447 1744 581 1807 qnoque
610 1723 798 1807 origenem,
821 1723 998 1806 Evagrium
1022 1730 1217 1792 monaahum
1238 1738 1272 1794 et
1301 1729 1481 1816 ttidpmuu,

377 1837 412 1890 et
433 1828 574 1909 amptius
595 1824 805 1893 Theodorum
828 1827 978 1892 tisuidum
999 1830 1105 1908 uttan,
1124 1847 1210 1910 quae
1229 1833 1363 1913 scripsit
1383 1833 1423 1896 tte
1441 1843 1485 1894 re·

376 1929 595 2006 surrectione,
617 1935 651 1994 et
673 1929 731 1993 ubi
753 1931 972 2011 patentissime
992 1939 1121 1996 onustat
1141 1933 1224 1996 etune
1243 1934 1424 2014 scripturas
1441 1949 1485 2014 pe·

375 2031 511 2096 uuinum
533 2029 716 2096 contudisse
738 2031 778 2094 de
801 2031 905 2095 tribus
919 2029 1078 2113 Capitulis
1099 2051 1235 2116 eeupum
1255 2033 1289 2096 in
1308 2052 1349 2097 eu
1366 2033 1484 2118 Sponte
1528 2025 1532 2036 “

374 2135 547 2206 intentum,
571 2132 725 2198 addentes
746 2151 832 2216 quae
852 2139 948 2198 extra
972 2133 1034 2199 hee
1048 2133 1232 2200 Concilium
1247 2143 1400 2215 permuta
1420 2139 1485 2200 auat

377 2235 575 2300 amuuuettts
597 2235 896 2318 palaestineueitens,
912 2237 1075 2317 quaedum
1095 2237 1361 2304 animadvertere
1376 2241 1483 2321 planet,
1552 2243 1553 2258 ¹

374 2337 514 2402 undeet
535 2354 640 2417 quere
661 2338 799 2419 praefati
820 2339 997 2419 scripturae
1012 2347 1102 2405 tauto
1121 2340 1230 2404 stuttiu
1251 2341 1484 2407 insurrexerint
1552 2377 1553 2436 3

375 2438 533 2503 atterens
556 2435 739 2521 praefatum
761 2437 972 2506 Theodorum
994 2438 1173 2509 Caesareae
1195 2443 1299 2508 satuti
1321 2461 1402 2510 eum
1420 2442 1486 2509 Ort·
1552 2447 1553 2520 ξ

376 2557 456 2621 geue
478 2549 652 2605 errantem.

456 2640 526 2706 lieo
546 2651 655 2709 eutem
677 2663 740 2709 uuu
773 2653 898 2709 tuntum
929 2645 973 2710 ott
1002 2643 1212 2712 Theodorum
1243 2647 1481 2729 iiseeptautuu
1552 2683 1553 2724 ,

375 2745 460 2810 tuoe
472 2765 483 2824 3
504 2745 559 2811 eet
583 2749 759 2828 praecipue
779 2747 821 2810 ub
841 2746 1085 2812 tnetiuienum:
1107 2751 1165 2828 qut
1186 2749 1318 2830 quidem
1339 2751 1483 2817 sieutiiu
1552 2745 1553 2758 ¹

376 2848 565 2928 quaestione
583 2845 680 2910 trium
704 2846 945 2928 Capituturum,
962 2849 1005 2913 ita
1028 2851 1058 2912 iu
1081 2851 1142 2914 tuae
1164 2851 1250 2913 hond
1266 2851 1482 2916 orthodoxa·

375 2965 434 3012 nee
454 2949 593 3030 probum
616 2949 785 3013 rideretur
814 2967 885 3015 seen
914 2951 1110 3032 praestitisse
1138 2952 1257 3014 tirum.
1291 2947 1481 3034 tinius-oti

373 3065 475 3128 porro
497 3049 696 3114 insimulatio
726 3051 902 3114 discutitur
929 3051 971 3115 ab
994 3050 1164 3115 Eustatttiu
1185 3054 1217 3114 iu
1240 3048 1313 3115 Vita
1336 3071 1363 3116 s.
1388 3051 1479 3137 Euty·

376 3149 452 3227 enti,
475 3150 736 3232 euiussnperius
758 3152 898 3216 memini.
921 3151 949 3215 te
971 3154 1054 3215 euim
1071 3151 1267 3232 explanatis,
1281 3171 1368 3232 quae
1391 3151 1484 3234 insp-

375 3253 461 3316 nodn
482 3270 556 3316 cum
585 3253 657 3316 otiis
677 3254 835 3334 episeopis
866 3252 995 3317 decreta
1017 3261 1092 3318 suut
1113 3254 1153 3316 ne
1178 3254 1284 3317 tribus
1315 3252 1477 3333 Capitulis,

374 3355 489 3417 transit
508 3362 716 3433 narraturus,
731 3357 817 3436 qnae
833 3354 1003 3420 duodecim
1024 3355 1155 3420 circiter
1174 3372 1274 3418 anuos
1297 3365 1369 3436 pust
1390 3353 1481 3418 tuso·

372 3454 468 3518 niano
483 3471 714 3536 supervenere,
731 3456 879 3537 inquiens
899 3457 1004 3537 ipsum
1019 3457 1147 3537 lapsum
1169 3457 1201 3519 iu
1215 3475 1364 3520 arsurem
1382 3453 1479 3519 ineer-

372 3553 586 3638 eoptititiens,
608 3556 820 3621 asserentium
836 3555 955 3622 Christi
978 3575 1098 3637 eorpus
1119 3564 1194 3620 ente
1214 3559 1479 3622 resurrectionen

373 3657 473 3722 inissa
493 3658 798 3739 incorruptibiles«
816 3657 920 3739 Cuius
940 3658 1086 3739 quidem,
1098 3661 1156 3734 ait,
1172 3659 1342 3740 improbae
1362 3657 1479 3738 opinio

372 3761 422 3824 uie
443 3759 588 3839 magistri
610 3758 795 3822 execranda
816 3761 948 3839 nugacis
964 3761 1113 3840 Ortpeuis
1134 3769 1167 3822 et
1182 3759 1316 3842 Evagrii
1337 3769 1370 3824 et
1393 3757 1482 3840 utty·
1552 3761 1553 3812 t

374 3861 417 3924 mi
432 3860 584 3940 dogmata
599 3859 836 3942 deiendebeut3
856 3878 998 3942 quorum
1021 3863 1148 3926 uomina
1162 3861 1266 3926 tineus
1281 3869 1478 3943 praetereo...

373 3959 429 4026 tuti
452 3963 565 4043 igitur,
585 3971 623 4028 ut
642 3964 841 4040 dictumest,
857 3963 1092 4028 execrabilium
1115 3970 1147 4026 et
1162 3965 1338 4044 impiorum
1356 3963 1480 4044 dogma·

373 4071 442 4128 tum
464 4064 572 4128 studio
589 4065 841 4146 simplieitatem
863 4063 1074 4147 imperaturis
1096 4072 1338 4145 perverterunt.
1360 4063 1404 4128 Bt
1423 4061 1478 4128 sat

374 4165 563 4248 Ieeorropti
577 4168 746 4258 oecasiune
770 4169 891 4248 inique,
910 4176 948 4230 ut
969 4168 1216 4238 monstrabitur,
1235 4167 1361 4230 tuentum
1379 4165 1476 4226 eirunt
1552 4229 1553 4244 χ

372 4265 613 4352 (Eutychium)
645 4277 888 4349 oppugnarunt.
918 4265 960 4331 Hi
981 4275 1106 4347 eutem,
1138 4269 1196 4349 qui
1219 4269 1298 4332 haee
1319 4263 1481 4333 maenium
