2982 4934
51 477 145 542 testae
164 477 341 543 falsationis
356 479 495 556 tesseris,
511 479 558 542 uti
573 477 756 560 singillatim
769 478 836 561 jara
858 477 899 542 ab
920 477 1017 560 bajas
1034 485 1151 542 traam·

50 591 96 646 tas
116 583 205 646 initio
220 583 360 646 iniieare
381 599 420 644 ao
440 579 578 662 prebere
598 581 720 644 sanant.

120 683 279 756 Secundo,
296 683 432 746 notanda
453 693 540 756 saut,
556 700 640 763 qaae
654 680 794 746 Severus
809 681 875 760 ipae
896 678 936 742 aa
947 678 1095 759 Origenia
1111 677 1148 739 li·

48 783 128 858 bris,
150 801 291 864 quoram
313 782 466 848 nonnulla
490 801 564 846 oum
590 784 737 863 legisset,
762 781 888 862 sibique
914 781 1006 844 valde
1026 779 1151 845 satista-

49 895 160 957 emeat,
182 885 339 966 adjecerit
358 905 392 950 se
407 886 565 965 quaedam
581 885 727 948 abnuisse
742 886 796 964 (et
811 901 848 946 ea
863 884 929 965 ipsa
944 891 1049 957 erant,
1065 899 1150 962 qaae

50 987 184 1050 monaehi
207 988 332 1067 penitus
354 987 465 1051 lelaata
491 987 670 1062 trabebant)
690 1004 728 1049 aa
748 987 846 1050 simui
874 1001 985 1048 seeum
1006 986 1076 1065 ipso
1099 1001 1152 1047 re·

51 1087 205 1152 tementes·
225 1087 496 1169 obstupefaciant,
515 1089 602 1168 qnod
624 1088 681 1152 ilie
697 1088 781 1152 idem
796 1087 952 1166 Origenes
968 1094 1031 1150 tam
1045 1085 1159 1148 atven'

52 1205 80 1249 sa
98 1205 133 1250 ae
148 1191 312 1253 contraria
333 1190 475 1254 seribere
495 1191 671 1269 potuissets
691 1207 794 1270 qaum
815 1191 847 1252 in
867 1187 904 1250 iia
924 1205 943 1248 a
963 1204 998 1249 se
1013 1187 1152 1265 sareptis

53 1296 79 1350 et
90 1289 242 1367 probatis,
257 1287 411 1354 seminem
420 1298 492 1370 post
502 1289 666 1371 Apostolus
673 1307 783 1370 parem
795 1287 937 1352 babuisse
947 1286 1052 1366 dieat3
1065 1285 1151 1366 quoti

54 1387 118 1452 item
140 1391 222 1452 tbesi
243 1399 372 1454 nostrae
391 1391 604 1470 subrepatur.

119 1488 243 1568 Tertio,
260 1510 334 1556 eam
356 1493 452 1556 addat
472 1489 612 1556 Severus
625 1490 667 1551 ab
687 1489 843 1570 episeopis
863 1489 947 1552 lecta
966 1487 1062 1552 laissa
1080 1485 1156 1567 pla·

55 1609 85 1652 ra
95 1609 131 1652 an
143 1591 237 1657 libris
253 1592 398 1674 Oripema
412 1601 620 1673 excerpimus
633 1609 764 1670 prorsam
777 1589 946 1654 eotboiieoe
959 1590 1032 1671 fidei
1044 1590 1154 1654 odom·

54 1703 123 1768 aaa,
138 1695 249 1776 aoeipe
263 1695 378 1768 laeter,
396 1712 515 1758 novum
529 1695 569 1758 de
583 1695 736 1769 Centena,
751 1693 819 1756 sive
833 1692 994 1773 Rapsoita
1010 1691 1155 1756 laisatio·

56 1812 131 1868 uam,
145 1805 177 1861 et
193 1814 211 1859 a
227 1799 354 1862 aniame
370 1797 501 1861 laissa-io
514 1795 694 1872 elaborata,
711 1795 926 1859 testimoniam
937 1813 952 1884 5
968 1811 1073 1874 eoque
1088 1809 1155 1856 ma·

58 1895 93 1972 gia
105 1899 188 1976 quoti
205 1899 250 1962 ibi
263 1899 339 1962 eitet
352 1897 510 1979 Sulpitius
524 1897 763 1978 paragraphum
788 1896 863 1958 libri
880 1893 935 1958 tv.
961 1893 1154 1958 Parioreboe

58 1996 88 2058 ie
105 2001 243 2064 munda
266 2000 384 2066 Christi
410 1999 640 2080 Redemptione
661 1999 766 2078 ‹leqne
787 1998 950 2060 daemonis
972 1997 1083 2060 lutura
1105 2012 1157 2060 aa·

58 2097 137 2178 iate;
156 2117 260 2180 qaum
280 2101 482 2181 amplissimis
514 2101 711 2179 argumentis
731 2116 772 2162 ex
793 2097 916 2160 sineere
939 2095 1057 2159 ilnillni
1081 2111 1154 2159 rer·

57 2199 147 2274 stane,
168 2202 287 2266 nedum
308 2203 425 2266 dixisse
445 2200 639 2280 wigonem,
674 2215 779 2279 neque
801 2215 943 2279 unquam
965 2195 1151 2280 hujusmodi

59 2302 216 2366 somniasse
237 2304 414 2368 absurdam
436 2302 664 2380 probarerim3
680 2317 820 2380 eumque
834 2300 863 2361 in
880 2300 960 2364 rivis
974 2299 1081 2364 adbuc
1101 2296 1156 2361 de·

60 2417 123 2477 pem
142 2401 288 2478 Auctor,
310 2406 488 2470 obtestatus
508 2412 602 2478 esset,
618 2403 744 2466 auitum
764 2400 828 2464 nisi
848 2411 948 2466 mente
960 2409 1086 2481 raptum
1099 2399 1157 2462 boe

60 2499 149 2564 licere
165 2505 319 2585 petuisse.

127 2601 265 2681 Quarto,
287 2609 354 2687 ipse
374 2607 569 2687 obstupescit
589 2603 742 2681 Severus,
758 2605 1045 2685 praestantissimos
1068 2603 1154 2666 viros

62 2701 107 2776 tin
124 2707 240 2784 quibas
256 2705 490 2792 Hieronymum
511 2709 615 2770 omnia
633 2706 781 2788 origenis
798 2707 917 2786 scripta
938 2705 1155 2776 damnantem,

62 2821 124 2866 eam
144 2817 234 2871 antea
257 2809 429 2888 laudasset)
451 2811 492 2870 ab
514 2819 655 2889 utroque
677 2809 778 2872 latere
801 2823 992 2887 magnopere
1012 2806 1156 2868 decerta·

63 2922 92 2966 re
104 2907 131 2968 iu
145 2927 180 2970 ea
200 2911 413 2990 qaaestione5
436 2929 495 2972 nee
517 2911 589 2973 ideo
605 2912 709 2990 ipsam
726 2909 847 2973 andere
861 2909 1036 2989 quidquam
1060 2915 1158 2970 teme·

64 3021 93 3068 re
110 3008 289 3074 decernere.
323 3010 416 3088 Quod
440 3012 499 3075 sibi
523 3010 616 3088 vall,
638 3027 841 3091 nequaquam
864 3009 1155 3090 utriusquepartis

64 3107 120 3170 sire
138 3115 360 3194 episcoporum
374 3115 442 3178 sive
457 3115 703 3191 monachornm,
720 3112 896 3193 spernenda
918 3113 1062 3191 exposita
1079 3110 1158 3174 inis-

66 3223 306 3292 aureamento,
328 3233 386 3280 neo
409 3215 453 3280 ibi
473 3223 581 3280 aetam
603 3214 643 3279 tie
663 3214 867 3295 blasphemiis
887 3212 1017 3293 Oriqeui
1039 3212 1158 3276 adseri·

67 3311 127 3384 itis,
141 3313 178 3376 ie
197 3333 338 3395 quarum
354 3317 556 3380 anathemate
569 3315 660 3379 uuila
674 3315 821 3395 quaestio
829 3334 842 3393 3
863 3313 918 3378 aed
940 3313 1160 3393 quaerebatur

67 3423 131 3472 anm
150 3431 205 3479 aee
226 3435 265 3480 ne
290 3416 396 3481 terent
416 3416 608 3496 interpolata
631 3417 731 3497 ipsius
750 3416 880 3496 scripta.
916 3411 951 3476 in
973 3432 1040 3495 quo
1061 3413 1156 3476 animi

68 3506 242 3582 tuctaames
257 3518 352 3582 laoiie
371 3519 477 3582 sanari
493 3518 682 3597 potuissent,
697 3516 805 3581 subdit
826 3515 995 3596 Saipitina,
1010 3524 1043 3578 et
1056 3531 1156 3594 qnae·

69 3611 119 3674 atie
131 3614 215 3680 brevi
229 3612 377 3695 dissolri,'
389 3619 445 3682 nisi
462 3637 513 3682 res
527 3619 608 3682 adeo
623 3617 755 3681 luissent
770 3617 930 3696 turbatam
942 3624 974 3679 et
988 3616 1046 3679 uisi
1057 3615 1158 3701 Syno-

70 3707 103 3773 lo
120 3717 345 3782 aeclesiasticae
367 3719 473 3802 (enjus
493 3727 566 3782 nota
584 3719 755 3800 praecipua
776 3717 905 3781 sedatas
927 3716 1156 3797 disputantiam

72 3814 195 3896 animast
215 3821 364 3885 subiisset
383 3821 521 3884 invidiae
541 3829 573 3883 et
592 3820 755 3885 seditionis
775 3819 899 3898 terror,
922 3835 960 3884 ao
980 3818 1052 3882 iaie
1072 3817 1159 3900 prin-

73 3911 163 3991 ripum
181 3921 377 3986 secularium
398 3938 587 3986 concursus.

137 4016 264 4100 Quinto,
287 4025 345 4086 etsi
366 4023 505 4088 Severus
526 4038 603 4103 erga
617 4038 652 4085 se
666 4039 779 4102 reapse
798 4037 947 4098 severas,
968 4037 1073 4102 nsque
1092 4019 1158 4084 bae

74 4125 254 4188 severitatem
275 4143 418 4200 servans,
434 4142 452 4187 a
464 4126 587 4208 judicio
607 4143 642 4188 ae
657 4123 839 4188 cohibuerit
864 4125 895 4186 ia
922 4123 982 4187 bae
1006 4141 1053 4198 re,
1076 4128 1157 4186 atta·

75 4229 132 4282 uen
155 4227 245 4292 totins
271 4228 466 4309 quaestionis
494 4227 646 4294 terminos
676 4227 898 4306 considerans,
923 4241 1069 4292 errorem
1100 4239 1155 4305 po·
