2982 4934
301 355 365 428 nnn

303 457 442 525 oriminis
464 477 547 524 reos.
571 458 718 541 ipsorum
749 477 825 526 anne
845 459 923 524 tides
943 467 976 524 et
1000 460 1100 540 pletas
1130 455 1356 542 chrysostomo
1372 461 1400 519 et

302 561 483 643 Epiphanio
503 565 649 644 quamvis
669 583 763 639 sero,
785 565 861 628 satis
883 576 1068 646 perspectae
1090 565 1192 627 luero.
1215 562 1263 625 do
1283 561 1400 640 insuper

304 664 536 728 monachornm
567 665 768 748 colloquium
800 685 875 731 eum
897 667 1047 749 praelatis
1076 665 1245 740 Patribus,
1280 671 1311 726 et
1331 677 1399 725 eura
1485 701 1486 724 i

304 764 376 828 inde
397 768 557 846 maxima,
579 770 737 848 quamde
759 771 833 848 ipsis
854 773 918 851 egit
938 769 1088 843 loannes,
1111 771 1202 832 istius
1221 769 1348 830 litterae
1366 763 1398 824 ad

306 863 547 948 Theophilum,
569 880 606 935 ut
630 875 846 936 communioni
862 874 1097 937 ecclesiastieae
1118 873 1303 935 admitteret
1326 867 1400 930 siros

305 968 354 1032 uti
379 971 544 1048 innocuos,
568 974 701 1037 illorum
724 977 894 1055 sepultura
919 976 950 1035 in
975 973 1115 1037 eeclesiis
1137 981 1330 1056 martyrum,
1352 970 1400 1031 ho·

187 1073 189 1078 “
305 1090 398 1136 nores
419 1073 492 1153 ipsis
514 1074 672 1139 delnnotis
694 1076 818 1152 collati,
840 1095 877 1140 ne
899 1076 1061 1161 lacrymae
1077 1073 1220 1156 ejusdem
1242 1069 1401 1151 Theophili

308 1175 351 1239 oh
365 1175 525 1239 dmmooii
539 1178 663 1241 obitum
685 1197 725 1240 es
740 1178 804 1242 iltis
826 1179 945 1254 unius,
966 1195 1048 1256 qnos
1068 1183 1160 1238 antea
1182 1175 1270 1248 dicit,
1292 1191 1325 1236 se
1344 1170 1402 1232 dis·
1485 1231 1486 1242 g

305 1276 381 1342 bolo
405 1279 570 1343 tradidisse
589 1279 630 1341 ad
652 1297 803 1359 perversa
825 1278 973 1360 Origenis
1001 1278 1147 1360 dogmata
1168 1276 1211 1338 ab
1231 1293 1271 1338 eo
1291 1277 1403 1336 ratast
1485 1303 1486 1311 κ

307 1387 458 1461 neoepta,
492 1390 523 1444 et
544 1380 620 1462 qnid
644 1377 829 1445 testantur?
850 1380 917 1445 Nisi
938 1383 1094 1446 insertam
1114 1376 1286 1457 Theophili
1306 1371 1403 1438 eondi-
1485 1377 1486 1412 ³

308 1481 425 1544 tionem
442 1482 559 1562 suique
573 1482 669 1548 animi
682 1482 959 1547 conturbationem
981 1475 1265 1561 pravitatemque?
1281 1478 1327 1541 Ao
1346 1483 1404 1536 tan·
1485 1475 1486 1513 ἒ

309 1582 451 1646 tamdem
475 1584 717 1648 immaculatum
740 1585 971 1649 monachorum
993 1601 1120 1647 sensum
1144 1582 1174 1643 in
1197 1581 1319 1642 ratione
1338 1595 1404 1658 pro·
1485 1587 1486 1590 ’

308 1685 397 1763 prise
419 1683 504 1758 fidei,
519 1686 614 1748 sicuti
630 1695 663 1748 et
676 1685 824 1760 alterins,
846 1686 926 1750 idest
940 1684 1087 1765 Origenis
1105 1681 1332 1745 orthodoxiam
1344 1677 1403 1740 suis
1485 1683 1486 1718 ἐ

309 1783 458 1848 insertam
481 1785 572 1848 iihris
586 1790 809 1867 comprohnnt3
824 1804 922 1867 quom
945 1787 1150 1848 vehementer
1170 1784 1404 1863 propugnarunt
1485 1786 1486 1808 l

308 1897 419 1950 eontra
441 1885 655 1967 Theophilum
679 1890 782 1969 ipsum
803 1905 945 1968 suosque
967 1887 1158 1949 foederatos.

389 1985 568 2066 lloousqne
588 1991 732 2068 exposita
748 1987 858 2052 Severi
881 1990 1025 2052 narratio
1039 1989 1078 2050 de
1094 1987 1236 2068 genuinis
1258 1983 1335 2046 notis
1352 1979 1402 2064 Sp·
1485 1993 1486 2014 ¹

308 2089 381 2152 nodi
403 2089 653 2166 alexandrinae,
684 2109 722 2154 so
744 2093 782 2154 de
802 2109 925 2154 summa
948 2091 1069 2154 decreti
1091 2107 1108 2150 n
1130 2085 1310 2166 Theophilo
1336 2085 1402 2147 suh·

310 2192 434 2272 scripti,
460 2210 601 2270 quonum
625 2192 772 2273 Origents
800 2193 943 2275 eiusdem
964 2193 1039 2255 lihri
1064 2190 1317 2260 damnabantur,
1347 2199 1401 2248 nna
1485 2191 1486 2230 l

310 2309 423 2354 eornm
438 2292 577 2356 lectione
593 2295 774 2370 interdieta,
791 2295 833 2356 ita
856 2294 968 2374 nequis
990 2293 1099 2371 (velut
1113 2295 1158 2356 ait
1174 2289 1313 2369 Prosper
1324 2284 1405 2365 aqui·
1485 2293 1486 2328 ῑ

311 2397 403 2454 tanus
418 2392 449 2454 io
465 2391 636 2473 Chronico)
652 2413 706 2457 eos
722 2395 844 2473 legeret
857 2405 916 2457 aot
929 2393 1073 2467 haberet,
1084 2400 1117 2456 et
1130 2399 1223 2455 extra
1239 2389 1404 2452 Ecclesiam
1480 2399 1486 2472 j

313 2491 404 2557 tieret
419 2495 617 2575 quicumque
631 2494 778 2577 Origenis
800 2513 898 2576 opera
920 2495 1097 2575 probasset,
1120 2491 1322 2572 apertissime
1339 2485 1407 2550 iodi-

310 2605 375 2667 ent‚
398 2614 495 2674 quam
519 2606 638 2662 temere
660 2599 701 2660 ihi
723 2599 906 2662 consultum
928 2599 968 2658 sit
992 2597 1031 2658 de
1052 2597 1113 2658 hao
1138 2593 1326 2674 quaestione
1346 2597 1404 2650 tum

313 2697 420 2775 quoad
442 2698 584 2779 ejusdem
600 2699 700 2763 libros
721 2719 862 2779 suosque
886 2698 1081 2770 defensores,
1098 2706 1165 2758 tum
1187 2694 1229 2757 nb
1252 2693 1405 2756 decretum

1474 2690 1482 2787 l

310 2797 458 2861 absolute
479 2797 694 2880 obsignatum,
716 2801 865 2863 inauditio
888 2819 946 2861 neo
966 2799 1109 2861 admissis
1130 2793 1404 2863 obtestationibus,
1482 2809 1483 2814 ¹

313 2915 397 2977 quae
418 2899 448 2960 in
475 2900 632 2964 similibus
664 2902 761 2965 rebus
783 2900 960 2964 nullimode
989 2907 1081 2962 erent
1109 2895 1330 2977 respuendae;
1358 2907 1405 2954 neo

312 3000 417 3062 minus
433 3002 624 3066 omittendae
645 3003 757 3084 quales
786 3003 861 3066 huie
880 3004 1010 3066 dooreto
1029 3000 1260 3082 praecesserint
1283 2998 1406 3060 eircum-

312 3101 467 3181 stantiae3
487 3122 554 3184 quo
574 3105 679 3168 animo
700 3115 817 3168 snotor
830 3107 1022 3186 praecipuus
1042 3101 1239 3182 Theophilus
1261 3100 1341 3162 hano
1359 3095 1405 3157 iui-

315 3201 357 3264 rit
381 3201 605 3268 discussionem
617 3225 628 3284 3
647 3206 735 3286 quali
760 3207 987 3288 praeventione
1008 3205 1155 3284 Origenis
1180 3203 1345 3266 anathema
1359 3195 1407 3280 Sy·

314 3303 399 3368 nodo
420 3305 601 3371 submiserit
610 3327 623 3386 3
639 3317 672 3371 et
691 3308 780 3388 quoti
802 3309 934 3390 pertidia
953 3310 1078 3388 incepta
1101 3307 1247 3386 quaestio
1266 3307 1309 3368 sit
1327 3301 1363 3364 nd
1380 3317 1407 3360 e·
1484 3337 1485 3346 κ

316 3405 420 3468 xitum
436 3407 601 3487 perducta.
618 3405 710 3484 Quae
726 3421 839 3473 ennota
855 3429 956 3489 quum
973 3411 1057 3473 haud
1073 3409 1149 3473 satis
1166 3407 1334 3488 diligenter
1349 3419 1406 3485 per·

316 3514 425 3585 speetu
446 3510 540 3572 sinte
556 3511 702 3590 posteris,
727 3509 794 3574 lere
817 3514 992 3573 universim
1015 3521 1162 3590 putatum
1184 3518 1244 3581 est,
1258 3507 1333 3590 jore
1353 3515 1407 3567 tan·

317 3622 416 3685 qnam
438 3607 616 3674 haereticos
637 3611 802 3674 damnatos
817 3629 879 3674 non
899 3613 1005 3676 solnm
1021 3609 1206 3691 (bigenem,
1220 3621 1252 3673 et
1266 3611 1360 3690 ipsios
1377 3605 1407 3665 li·

318 3706 406 3783 bros,
420 3711 475 3772 aed
497 3720 530 3773 et
551 3713 636 3774 siros
657 3713 713 3792 qni
729 3713 799 3793 eins
821 3721 926 3792 partes
941 3718 1147 3792 snseepersnt
1169 3711 1337 3790 (quamvis
1354 3708 1407 3788 pri·

324 3824 395 3872 mus
409 3818 441 3873 et
460 3811 591 3874 soonndi
609 3811 649 3874 ab
669 3815 754 3875 omni
770 3829 902 3893 prorsus
925 3814 1093 3876 haereseos
1107 3811 1289 3892 suspicione
1309 3811 1407 3872 immo·

321 3932 377 3977 nea
397 3913 509 3993 erant)
530 3914 611 3977 adeo
631 3921 668 3978 ut
690 3915 728 3974 ad
751 3923 890 3976 nostram
913 3931 1044 3994 quoque
1064 3921 1201 3977 aetatem
1224 3916 1365 3993 pergeret
1381 3907 1407 3967 iu

322 4014 466 4079 Eoelesia
483 4016 589 4097 opinio
604 4035 663 4080 nee
677 4015 807 4096 Origsoi
824 4017 974 4096 propitia,
992 4017 1155 4079 monachis
1170 4025 1278 4082 nutem
1294 4010 1406 4076 nitrien·

321 4117 409 4182 albus
431 4135 507 4182 sere
528 4119 587 4200 piis
610 4137 685 4184 vere
705 4119 822 4181 sanetis
844 4117 938 4181 ratde
958 4118 1202 4198 ignominiosa.'

719 4313 1033 4369 ..ἠφα-
