3042 4940
1138 331 1181 402 39

76 460 131 522 ne,
149 443 240 508 sicuti
268 444 418 523 superins
444 440 651 508 Theodorum
672 441 853 505 adsernissc
878 441 1095 502 monstratum
1117 448 1177 512 est,

75 542 278 606 anathematis
298 561 399 623 poeno
421 561 601 625 pereussos.
617 542 679 609 Uhi
699 560 763 608 uon
782 541 889 606 unium
910 541 971 615 illi,
987 540 1044 621 qni
1064 538 1179 602 eodem

77 652 211 724 tempore
232 645 329 724 ipsius
350 655 444 710 erant
463 647 605 712 haeresis
630 652 828 720 sectatores,
852 653 968 708 rernm
989 641 1086 707 etiam
1108 640 1178 716 illi,

75 745 126 824 qni
139 744 381 810 succutientibus
395 746 594 826 temporibus
616 743 767 810 eumdem
790 750 1004 826 mqueentur
1018 759 1179 816 errorem,

74 847 209 926 ejusdem
229 846 441 910 anathematis
462 847 600 912 vinculis
623 847 835 927 reperiuntur
863 845 1021 934 adstricu.
1043 841 1105 908 Cui
1126 844 1183 910 da·

74 947 216 1010 mustinni
235 944 444 1013 Theodorum
465 965 599 1028 qnoque
619 946 838 1030 llopsuestiae
865 961 994 1010 necesso
1015 954 1065 1008 est
1084 942 1183 1008 luisse

72 1049 258 1131 subjectum,
274 1049 332 1131 qui
346 1050 594 1131 praedamnatae
608 1049 749 1116 haeresis
768 1054 911 1114 sociator
928 1055 961 1113 ot
975 1043 1180 1126 praedicator

73 1151 197 1216 clientas
215 1161 276 1216 est

147 1250 245 1316 allec
260 1252 343 1316 enim
358 1252 535 1328 auterens,
555 1269 638 1334 qnos
652 1251 737 1318 nono
751 1251 784 1316 in
803 1249 961 1326 amanam,
974 1248 1028 1313 rel
1039 1247 1072 1310 in
1087 1246 1186 1312 aliam

74 1353 244 1433 quamlibet
273 1353 429 1418 haeresim
450 1355 632 1436 repetitam
652 1353 853 1435 implicatos,
881 1350 950 1432 jam
971 1349 1184 1412 anathematis

77 1471 172 1534 poena
193 1454 361 1518 damnatos
383 1455 580 1535 accipitrem
600 1454 659 1518 nisi
680 1455 756 1535 quia
778 1453 810 1517 in
830 1450 1079 1533 praedamnatis,
1101 1465 1186 1529 quos

77 1560 246 1630 sectantur,
268 1556 450 1632 erroribus,
472 1557 684 1619 inueniuntur
703 1554 762 1636 ipsi
782 1569 917 1634 quoque
936 1549 1077 1612 damnati
1093 1593 1101 1610 .
1118 1591 1126 1610 .
1145 1593 1153 1611 .
1175 1592 1184 1610 .

76 1651 135 1718 Pro
149 1656 195 1720 his
210 1657 312 1736 igitur
321 1657 470 1720 omnihus
483 1655 629 1721 licelesia
642 1655 833 1724 universatis
847 1641 1001 1734 agnoscat
1015 1649 1111 1730 cujus
1124 1649 1188 1713 nti·

76 1756 168 1834 litari,
189 1775 229 1822 ue
250 1757 371 1822 Christi
394 1756 451 1821 [lei
472 1757 573 1822 nostri
595 1757 685 1838 plehs
705 1755 844 1836 amplius
863 1754 1053 1828 seducatur,
1075 1756 1186 1814 nostra

75 1860 169 1922 servit
187 1858 333 1922 intentio.
365 1856 472 1934 Quam
494 1857 669 1923 utilitatem
691 1874 750 1938 per
770 1854 933 1920 Theodori
954 1869 1070 1919 nomeu
1089 1859 1189 1931 atque

76 1961 186 2040 scripta
206 1958 294 2024 laedi
314 1975 415 2036 supra
440 1960 664 2034 meminimus,
684 1957 772 2040 juste
792 1974 850 2020 uns
871 1964 903 2020 et
923 1955 990 2018 sine
1010 1954 1120 2034 aliqua
1141 1971 1193 2016 re·

76 2060 281 2138 precessione
300 2059 339 2120 ad
362 2075 412 2134 ea,
433 2076 518 2139 quae
542 2063 703 2138 praesenti
724 2058 918 2122 anctoritate
937 2055 1123 2130 statuimus,
1137 2055 1193 2117 de·
1251 2099 1256 2116 ,

76 2160 226 2224 socndlsee
241 2203 250 2222 .
267 2202 277 2221 .
294 2201 302 2219 .
319 2203 327 2222 .
344 2159 483 2240 Propter
503 2158 593 2239 qnod
615 2160 744 2224 clarum
762 2166 837 2234 est,
857 2156 938 2220 nihii
959 2157 1035 2220 nori
1054 2171 1112 2220 uos
1133 2171 1193 2236 per

76 2257 152 2324 hauc
171 2259 408 2340 damnationem
428 2267 586 2336 statuere,
601 2259 656 2324 sed
671 2277 709 2324 ea
736 2257 1033 2333 anathematizasse,
1054 2272 1140 2336 quae
1159 2261 1193 2319 et

76 2366 177 2423 sancta
200 2359 463 2426 chalcedonensis
491 2359 640 2445 synodus
661 2360 828 2439 respuit'et
849 2359 916 2438 ipse
936 2373 1069 2438 quoque
1089 2353 1194 2420 Theo-

78 2459 194 2526 doritns
217 2463 389 2544 episcopos
416 2463 484 2525 illic
512 2480 572 2526 sua
598 2462 798 2542 professione
830 2459 1066 2524 condemnarit.
1099 2455 1195 2522 Pran-

78 2561 153 2626 dicta
175 2563 280 2643 igitur
300 2563 362 2626 tria
381 2564 479 2644 impia
502 2561 656 2642 capitula
692 2562 1001 2628 anathematisamus
1021 2567 1121 2640 atque
1140 2559 1196 2620 da·

78 2680 229 2742 mmmm,
245 2662 329 2728 idest
344 2663 533 2746 Epistulam,
556 2681 641 2744 quae
663 2664 783 2728 dieitur
808 2663 894 2741 lhae,
921 2663 963 2726 ad
986 2660 1102 2724 hierius
1120 2657 1197 2722 l’er·

78 2781 160 2829 sam:
182 2768 215 2828 in
235 2784 303 2848 qua
324 2765 480 2830 netandae
499 2767 652 2846 superius
672 2764 854 2846 designatae
885 2763 1101 2844 hiasphemiac
1121 2779 1197 2824 con·

80 2863 215 2932 tinentnr
235 2910 246 2947 ,
270 2875 304 2932 et
323 2869 457 2948 impium
478 2864 687 2952 Theodorum
707 2873 969 2948 mopsuestenum
990 2882 1065 2928 eom
1087 2861 1196 2926 ocian-

80 2965 123 3030 dis
136 2968 206 3050 eius
220 2971 426 3050 conscriptis,
444 2979 575 3049 atquae
590 2967 687 3050 impie
702 2965 919 3032 Theodoritns
932 2965 1133 3044 conscripsit.
1153 2961 1196 3027 Et

81 3070 277 3151 quicumque
297 3086 334 3130 ea
350 3085 485 3149 quoquo
507 3078 655 3148 tempore
682 3067 859 3134 crediderit
876 3064 1061 3146 accipianda
1077 3063 1128 3127 vel
1146 3063 1201 3126 de·

82 3165 231 3232 iendcada
250 3187 264 3250 3
294 3177 352 3233 aut
373 3178 508 3234 conatus
532 3169 633 3235 inerit
653 3169 828 3249 aliqnando
848 3175 1048 3249 praesentem
1068 3165 1199 3228 damna·
1274 3158 1276 3164 ’

82 3266 190 3340 tionem
205 3269 388 3346 resolvere,
404 3271 475 3350 pari
496 3270 701 3334 anathemate
724 3269 986 3332 condemnamus.
1005 3265 1069 3328 Eos
1088 3272 1197 3329 autem

81 3369 131 3446 qni
151 3377 378 3435 consecrantes
410 3379 532 3436 rectam
561 3370 655 3436 iidem
686 3369 860 3451 praedictis
887 3373 1033 3449 quatuor
1060 3363 1197 3447 synodis

79 3470 314 3546 praedicatam,
338 3479 517 3536 memorata
543 3471 604 3534 tria
645 3469 800 3550 capitula
826 3469 1043 3545 Mmaruui,
1066 3465 1121 3532 rol
1144 3464 1201 3531 do·

82 3580 195 3648 mosot,
218 3572 338 3638 iratres
357 3580 391 3637 et
409 3571 653 3637 consacerdotes
676 3572 843 3634 hahemus.

155 3695 172 3734 s
193 3671 431 3754 Quascumque
446 3691 535 3738 reru
550 3674 620 3736 aire
634 3691 706 3736 men
730 3674 857 3736 nomine
881 3671 950 3744 sire
973 3667 1196 3752 quorumlihet

84 3789 138 3852 pro
152 3773 337 3840 delendum
352 3783 607 3838 memoratorum
623 3773 721 3837 trium
736 3769 962 3853 Capirmorum
978 3770 1105 3852 prolata
1128 3767 1197 3831 inc·

83 3874 153 3950 rint,
167 3875 218 3940 rel
232 3876 429 3958 ubicumque
439 3882 588 3956 reperta,
601 3874 760 3954 praesenti
772 3879 881 3937 nostra
894 3871 1066 3953 plenissimi
1077 3869 1201 3936 Consti·

86 3977 362 4048 tutianctoritaic
388 3993 596 4042 evacuamus.
609 3973 698 4052 Quas
726 3989 836 4038 omues
857 3973 1035 4053 designatas
1053 3971 1201 4051 blasphe-

84 4077 311 4144 missamissa
327 4078 500 4144 unircranli
517 4076 673 4155 Ecclesia,
690 4086 727 4140 ot
748 4078 921 4157 qnisquam
935 4081 1057 4136 asserat
1072 4071 1200 4153 praedi·

86 4183 148 4246 ctus
159 4181 462 4264 qnatocrssnodos
477 4179 529 4250 rel
544 4195 640 4246 nnam
656 4196 698 4244 cx
712 4179 758 4244 cis
776 4179 976 4260 suscepisse,
994 4172 1045 4238 scl
1060 4193 1128 4252 ens,
1143 4172 1202 4253 oui
