<?xml version="1.0" encoding="UTF-8"?>
<!DOCTYPE html PUBLIC "-//W3C//DTD XHTML 1.0 Transitional//EN"
    "http://www.w3.org/TR/xhtml1/DTD/xhtml1-transitional.dtd">
<html xmlns="http://www.w3.org/1999/xhtml" xml:lang="en" lang="en">
 <head>
  <title>
</title>
<meta http-equiv="Content-Type" content="text/html;charset=utf-8" />
  <meta name='ocr-system' content='tesseract 3.04.00' />
  <meta name='ocr-capabilities' content='ocr_page ocr_carea ocr_par ocr_line ocrx_word'/>
</head>
<body>
  <div class='ocr_page' id='page_1' title='image "./insgregoriinyss01vincgoog/insgregoriinyss01vincgoog_0548.png"; bbox 0 0 3048 4946; ppageno 0'>
   <div class='ocr_carea' id='block_1_1' title="bbox 80 395 1188 582">
    <p class='ocr_par' dir='ltr' id='par_1_1' title="bbox 80 395 1188 582">
     <span class='ocr_line' id='line_1_1' title="bbox 80 395 1188 582; baseline 0.005 -24"><span class='ocrx_word' id='word_1_1' title='bbox 80 493 116 558; x_wconf 85' lang='lat' dir='ltr'><strong>ad</strong></span> <span class='ocrx_word' id='word_1_2' title='bbox 135 511 208 560; x_wconf 89' lang='lat' dir='ltr'><strong>eum</strong></span> <span class='ocrx_word' id='word_1_3' title='bbox 238 493 457 576; x_wconf 89' lang='lat' dir='ltr'><strong>recipiendum</strong></span> <span class='ocrx_word' id='word_1_4' title='bbox 479 497 655 580; x_wconf 86' lang='lat' dir='ltr'><strong>proniores.</strong></span> <span class='ocrx_word' id='word_1_5' title='bbox 687 495 786 564; x_wconf 64' lang='lat' dir='ltr'><strong>“istis</strong></span> <span class='ocrx_word' id='word_1_6' title='bbox 815 498 878 566; x_wconf 87' lang='lat' dir='ltr'><strong>init</strong></span> <span class='ocrx_word' id='word_1_7' title='bbox 898 505 1008 566; x_wconf 84' lang='lat' dir='ltr'><strong>autam</strong></span> <span class='ocrx_word' id='word_1_8' title='bbox 1029 395 1188 582; x_wconf 55' lang='lat' dir='ltr'><strong>aroreffi</strong></span> 
     </span>
    </p>
   </div>
   <div class='ocr_carea' id='block_1_2' title="bbox 79 593 1182 684">
    <p class='ocr_par' dir='ltr' id='par_1_2' title="bbox 79 593 1182 684">
     <span class='ocr_line' id='line_1_2' title="bbox 79 593 1182 684; baseline 0.006 -25"><span class='ocrx_word' id='word_1_9' title='bbox 79 593 148 662; x_wconf 88' lang='lat' dir='ltr'><strong>ibae</strong></span> <span class='ocrx_word' id='word_1_10' title='bbox 166 595 298 664; x_wconf 68' lang='lat' dir='ltr'><strong>dbentis</strong></span> <span class='ocrx_word' id='word_1_11' title='bbox 311 617 322 661; x_wconf 81' lang='lat' dir='ltr'><strong>r</strong></span> <span class='ocrx_word' id='word_1_12' title='bbox 335 598 502 664; x_wconf 74' lang='lat' dir='ltr'><strong>baetim</strong></span> <span class='ocrx_word' id='word_1_13' title='bbox 521 609 550 666; x_wconf 85' lang='lat' dir='ltr'><strong>rt</strong></span> <span class='ocrx_word' id='word_1_14' title='bbox 569 597 635 684; x_wconf 72' lang='grc' dir='ltr'><strong><em>ὄρει·</em></strong></span> <span class='ocrx_word' id='word_1_15' title='bbox 653 598 799 669; x_wconf 84' lang='lat' dir='ltr'><strong>Nartoric</strong></span> <span class='ocrx_word' id='word_1_16' title='bbox 821 609 850 666; x_wconf 88' lang='lat' dir='ltr'><strong>et</strong></span> <span class='ocrx_word' id='word_1_17' title='bbox 862 599 1015 683; x_wconf 69' lang='lat' dir='ltr'><strong>deperi,</strong></span> <span class='ocrx_word' id='word_1_18' title='bbox 1034 610 1064 666; x_wconf 86' lang='lat' dir='ltr'><strong>rt</strong></span> <span class='ocrx_word' id='word_1_19' title='bbox 1081 617 1182 666; x_wconf 76' lang='lat' dir='ltr'><strong>asem</strong></span> 
     </span>
    </p>
   </div>
   <div class='ocr_carea' id='block_1_3' title="bbox 77 695 1183 880">
    <p class='ocr_par' dir='ltr' id='par_1_3' title="bbox 77 695 1183 880">
     <span class='ocr_line' id='line_1_3' title="bbox 77 695 1183 785; baseline 0.009 -25"><span class='ocrx_word' id='word_1_20' title='bbox 77 695 188 762; x_wconf 82' lang='lat' dir='ltr'><strong>dierotr&#39;</strong></span> <span class='ocrx_word' id='word_1_21' title='bbox 206 706 369 764; x_wconf 70' lang='lat' dir='ltr'><strong>marom.</strong></span> <span class='ocrx_word' id='word_1_22' title='bbox 389 698 431 766; x_wconf 73' lang='lat' dir='ltr'><strong>Bt</strong></span> <span class='ocrx_word' id='word_1_23' title='bbox 449 717 571 766; x_wconf 74' lang='lat' dir='ltr'><strong>ommam</strong></span> <span class='ocrx_word' id='word_1_24' title='bbox 582 721 665 782; x_wconf 80' lang='lat' dir='ltr'><strong>anas,</strong></span> <span class='ocrx_word' id='word_1_25' title='bbox 680 701 737 785; x_wconf 80' lang='lat' dir='ltr'><strong>pati</strong></span> <span class='ocrx_word' id='word_1_26' title='bbox 748 720 815 768; x_wconf 81' lang='lat' dir='ltr'><strong>noa</strong></span> <span class='ocrx_word' id='word_1_27' title='bbox 835 701 920 784; x_wconf 82' lang='lat' dir='ltr'><strong>sopit</strong></span> <span class='ocrx_word' id='word_1_28' title='bbox 933 700 1096 768; x_wconf 73' lang='lat' dir='ltr'><strong>eiecticia</strong></span> <span class='ocrx_word' id='word_1_29' title='bbox 1108 721 1183 770; x_wconf 81' lang='lat' dir='ltr'><strong>sna·</strong></span> 
     </span>
     <span class='ocr_line' id='line_1_4' title="bbox 78 794 602 880; baseline -0.002 -14"><span class='ocrx_word' id='word_1_30' title='bbox 78 807 126 866; x_wconf 77' lang='lat' dir='ltr'><strong>din</strong></span> <span class='ocrx_word' id='word_1_31' title='bbox 144 794 301 880; x_wconf 60' lang='grc' dir='ltr'><strong>Μαι,</strong></span> <span class='ocrx_word' id='word_1_32' title='bbox 322 801 602 868; x_wconf 63' lang='lat' dir='ltr'><strong>mamertino.»</strong></span> 
     </span>
    </p>
   </div>
   <div class='ocr_carea' id='block_1_4' title="bbox 77 898 1186 1598">
    <p class='ocr_par' dir='ltr' id='par_1_4' title="bbox 77 898 1186 1598">
     <span class='ocr_line' id='line_1_5' title="bbox 157 898 1185 991; baseline 0.008 -27"><span class='ocrx_word' id='word_1_33' title='bbox 157 898 328 968; x_wconf 75' lang='lat' dir='ltr'><strong>inarare·</strong></span> <span class='ocrx_word' id='word_1_34' title='bbox 342 903 369 968; x_wconf 89' lang='lat' dir='ltr'><strong>ai</strong></span> <span class='ocrx_word' id='word_1_35' title='bbox 383 904 560 972; x_wconf 82' lang='lat' dir='ltr'><strong>uerborum</strong></span> <span class='ocrx_word' id='word_1_36' title='bbox 573 907 731 991; x_wconf 74' lang='lat' dir='ltr'><strong>syniuria,</strong></span> <span class='ocrx_word' id='word_1_37' title='bbox 745 906 940 989; x_wconf 72' lang='lat' dir='ltr'><strong>quibuscum</strong></span> <span class='ocrx_word' id='word_1_38' title='bbox 953 905 1118 973; x_wconf 76' lang='lat' dir='ltr'><strong>biarimus</strong></span> <span class='ocrx_word' id='word_1_39' title='bbox 1130 905 1185 988; x_wconf 83' lang='lat' dir='ltr'><strong>jn·</strong></span> 
     </span>
     <span class='ocr_line' id='line_1_6' title="bbox 81 1001 1183 1085; baseline 0.005 -21"><span class='ocrx_word' id='word_1_40' title='bbox 81 1001 193 1068; x_wconf 90' lang='lat' dir='ltr'><strong>dicium</strong></span> <span class='ocrx_word' id='word_1_41' title='bbox 214 1005 455 1083; x_wconf 73' lang='lat' dir='ltr'><strong>pronunciavit,</strong></span> <span class='ocrx_word' id='word_1_42' title='bbox 467 1007 703 1085; x_wconf 82' lang='lat' dir='ltr'><strong>consideretur,</strong></span> <span class='ocrx_word' id='word_1_43' title='bbox 720 1006 862 1074; x_wconf 81' lang='lat' dir='ltr'><strong>Facundi</strong></span> <span class='ocrx_word' id='word_1_44' title='bbox 884 1007 995 1074; x_wconf 88' lang='lat' dir='ltr'><strong>iiinsio</strong></span> <span class='ocrx_word' id='word_1_45' title='bbox 1014 1016 1093 1074; x_wconf 91' lang='lat' dir='ltr'><strong>tuuc</strong></span> <span class='ocrx_word' id='word_1_46' title='bbox 1114 1024 1183 1071; x_wconf 91' lang='lat' dir='ltr'><strong>sm·</strong></span> 
     </span>
     <span class='ocr_line' id='line_1_7' title="bbox 79 1102 1183 1191; baseline 0.005 -24"><span class='ocrx_word' id='word_1_47' title='bbox 79 1103 162 1185; x_wconf 87' lang='lat' dir='ltr'><strong>piins</strong></span> <span class='ocrx_word' id='word_1_48' title='bbox 181 1102 397 1185; x_wconf 76' lang='lat' dir='ltr'><strong>revelabitur,</strong></span> <span class='ocrx_word' id='word_1_49' title='bbox 422 1107 553 1190; x_wconf 86' lang='lat' dir='ltr'><strong>qnando</strong></span> <span class='ocrx_word' id='word_1_50' title='bbox 578 1110 646 1190; x_wconf 90' lang='lat' dir='ltr'><strong>ipse</strong></span> <span class='ocrx_word' id='word_1_51' title='bbox 665 1108 811 1191; x_wconf 82' lang='lat' dir='ltr'><strong>ejusdem</strong></span> <span class='ocrx_word' id='word_1_52' title='bbox 836 1108 1183 1174; x_wconf 78' lang='lat' dir='ltr'><strong>biartmtaeutmttam</strong></span> 
     </span>
     <span class='ocr_line' id='line_1_8' title="bbox 78 1205 1186 1292; baseline 0.006 -24"><span class='ocrx_word' id='word_1_53' title='bbox 78 1205 108 1270; x_wconf 91' lang='lat' dir='ltr'><strong>in</strong></span> <span class='ocrx_word' id='word_1_54' title='bbox 127 1206 255 1292; x_wconf 73' lang='lat' dir='ltr'><strong>Syoodo</strong></span> <span class='ocrx_word' id='word_1_55' title='bbox 276 1213 377 1278; x_wconf 85' lang='lat' dir='ltr'><strong>citans</strong></span> <span class='ocrx_word' id='word_1_56' title='bbox 398 1211 439 1276; x_wconf 93' lang='lat' dir='ltr'><strong>de</strong></span> <span class='ocrx_word' id='word_1_57' title='bbox 460 1212 619 1292; x_wconf 85' lang='lat' dir='ltr'><strong>rescripto</strong></span> <span class='ocrx_word' id='word_1_58' title='bbox 641 1211 742 1292; x_wconf 85' lang='lat' dir='ltr'><strong>ipsius</strong></span> <span class='ocrx_word' id='word_1_59' title='bbox 774 1208 850 1275; x_wconf 91' lang='lat' dir='ltr'><strong>lbaa</strong></span> <span class='ocrx_word' id='word_1_60' title='bbox 873 1207 1049 1291; x_wconf 82' lang='lat' dir='ltr'><strong>Epistulae,</strong></span> <span class='ocrx_word' id='word_1_61' title='bbox 1078 1209 1186 1290; x_wconf 82' lang='lat' dir='ltr'><strong>inquii</strong></span> 
     </span>
     <span class='ocr_line' id='line_1_9' title="bbox 78 1305 1180 1395; baseline 0.003 -24"><span class='ocrx_word' id='word_1_62' title='bbox 78 1305 184 1374; x_wconf 83' lang='lat' dir='ltr'><strong>Patres</strong></span> <span class='ocrx_word' id='word_1_63' title='bbox 204 1313 449 1392; x_wconf 85' lang='lat' dir='ltr'><strong>pronunciasse,</strong></span> <span class='ocrx_word' id='word_1_64' title='bbox 476 1313 563 1394; x_wconf 81' lang='lat' dir='ltr'><strong>qnod</strong></span> <span class='ocrx_word' id='word_1_65' title='bbox 582 1312 760 1377; x_wconf 78' lang='lat' dir='ltr'><strong>ortbodomo</strong></span> <span class='ocrx_word' id='word_1_66' title='bbox 780 1310 934 1393; x_wconf 80' lang='lat' dir='ltr'><strong>apparuit</strong></span> <span class='ocrx_word' id='word_1_67' title='bbox 951 1311 1018 1395; x_wconf 76' lang='lat' dir='ltr'><strong>ajars</strong></span> <span class='ocrx_word' id='word_1_68' title='bbox 1038 1308 1180 1376; x_wconf 79' lang='lat' dir='ltr'><strong>dictatio.</strong></span> 
     </span>
     <span class='ocr_line' id='line_1_10' title="bbox 77 1399 1180 1498; baseline 0.005 -27"><span class='ocrx_word' id='word_1_69' title='bbox 77 1405 301 1480; x_wconf 69' lang='lat' dir='ltr'><strong>Verumtamen</strong></span> <span class='ocrx_word' id='word_1_70' title='bbox 316 1431 493 1494; x_wconf 88' lang='lat' dir='ltr'><strong>pronomen</strong></span> <span class='ocrx_word' id='word_1_71' title='bbox 506 1413 575 1498; x_wconf 76' lang='lat' dir='ltr'><strong>ejas</strong></span> <span class='ocrx_word' id='word_1_72' title='bbox 595 1432 637 1480; x_wconf 85' lang='lat' dir='ltr'><strong>ex</strong></span> <span class='ocrx_word' id='word_1_73' title='bbox 658 1432 775 1494; x_wconf 73' lang='lat' dir='ltr'><strong>praeco</strong></span> <span class='ocrx_word' id='word_1_74' title='bbox 794 1408 904 1490; x_wconf 71' lang='lat' dir='ltr'><strong>duria,</strong></span> <span class='ocrx_word' id='word_1_75' title='bbox 919 1399 1031 1490; x_wconf 72' lang='lat' dir='ltr'><strong>contra</strong></span> <span class='ocrx_word' id='word_1_76' title='bbox 1053 1410 1180 1478; x_wconf 79' lang='lat' dir='ltr'><strong>Faenu-</strong></span> 
     </span>
     <span class='ocr_line' id='line_1_11' title="bbox 78 1506 1181 1598; baseline 0.004 -24"><span class='ocrx_word' id='word_1_77' title='bbox 78 1506 163 1587; x_wconf 87' lang='lat' dir='ltr'><strong>dum,</strong></span> <span class='ocrx_word' id='word_1_78' title='bbox 184 1532 399 1598; x_wconf 60' lang='lat' dir='ltr'><strong>unusquam·</strong></span> <span class='ocrx_word' id='word_1_79' title='bbox 412 1516 557 1581; x_wconf 81' lang='lat' dir='ltr'><strong>retertur</strong></span> <span class='ocrx_word' id='word_1_80' title='bbox 576 1516 616 1580; x_wconf 93' lang='lat' dir='ltr'><strong>ad</strong></span> <span class='ocrx_word' id='word_1_81' title='bbox 637 1509 805 1596; x_wconf 58' lang='lat' dir='ltr'><strong>&amp;scrobis</strong></span> <span class='ocrx_word' id='word_1_82' title='bbox 824 1515 992 1598; x_wconf 82' lang='lat' dir='ltr'><strong>epistolam</strong></span> <span class='ocrx_word' id='word_1_83' title='bbox 1014 1513 1181 1579; x_wconf 89' lang='lat' dir='ltr'><strong>ioemiuini</strong></span> 
     </span>
    </p>
   </div>
   <div class='ocr_carea' id='block_1_5' title="bbox 76 1614 1235 4425">
    <p class='ocr_par' dir='ltr' id='par_1_5' title="bbox 76 1614 1235 2311">
     <span class='ocr_line' id='line_1_12' title="bbox 80 1614 1183 1700; baseline 0.005 -24"><span class='ocrx_word' id='word_1_84' title='bbox 80 1614 209 1692; x_wconf 74' lang='lat' dir='ltr'><strong>geneda,</strong></span> <span class='ocrx_word' id='word_1_85' title='bbox 230 1615 288 1680; x_wconf 89' lang='lat' dir='ltr'><strong>sed</strong></span> <span class='ocrx_word' id='word_1_86' title='bbox 309 1617 349 1682; x_wconf 88' lang='lat' dir='ltr'><strong>ad</strong></span> <span class='ocrx_word' id='word_1_87' title='bbox 373 1615 448 1682; x_wconf 89' lang='lat' dir='ltr'><strong>ibae</strong></span> <span class='ocrx_word' id='word_1_88' title='bbox 468 1618 664 1700; x_wconf 71' lang='lat' dir='ltr'><strong>apologiam,</strong></span> <span class='ocrx_word' id='word_1_89' title='bbox 686 1636 784 1700; x_wconf 87' lang='lat' dir='ltr'><strong>quam</strong></span> <span class='ocrx_word' id='word_1_90' title='bbox 805 1636 866 1700; x_wconf 91' lang='lat' dir='ltr'><strong>pro</strong></span> <span class='ocrx_word' id='word_1_91' title='bbox 886 1635 921 1682; x_wconf 88' lang='lat' dir='ltr'><strong>se</strong></span> <span class='ocrx_word' id='word_1_92' title='bbox 943 1617 1050 1682; x_wconf 80' lang='lat' dir='ltr'><strong>texuit</strong></span> <span class='ocrx_word' id='word_1_93' title='bbox 1071 1632 1183 1681; x_wconf 89' lang='lat' dir='ltr'><strong>eoram</strong></span> 
     </span>
     <span class='ocr_line' id='line_1_13' title="bbox 79 1709 1185 1801; baseline 0.003 -24"><span class='ocrx_word' id='word_1_94' title='bbox 79 1709 234 1782; x_wconf 81' lang='lat' dir='ltr'><strong>Patribus.</strong></span> <span class='ocrx_word' id='word_1_95' title='bbox 269 1716 473 1800; x_wconf 80' lang='lat' dir='ltr'><strong>Proindequo</strong></span> <span class='ocrx_word' id='word_1_96' title='bbox 502 1721 704 1801; x_wconf 83' lang='lat' dir='ltr'><strong>praeclarius</strong></span> <span class='ocrx_word' id='word_1_97' title='bbox 731 1719 924 1795; x_wconf 85' lang='lat' dir='ltr'><strong>adstruitur,</strong></span> <span class='ocrx_word' id='word_1_98' title='bbox 951 1717 1090 1798; x_wconf 88' lang='lat' dir='ltr'><strong>ineptam</strong></span> <span class='ocrx_word' id='word_1_99' title='bbox 1113 1713 1185 1781; x_wconf 90' lang='lat' dir='ltr'><strong>deri</strong></span> 
     </span>
     <span class='ocr_line' id='line_1_14' title="bbox 79 1813 1184 1902; baseline 0.003 -24"><span class='ocrx_word' id='word_1_100' title='bbox 79 1813 226 1895; x_wconf 68' lang='lat' dir='ltr'><strong>ejusdem,</strong></span> <span class='ocrx_word' id='word_1_101' title='bbox 238 1817 384 1884; x_wconf 81' lang='lat' dir='ltr'><strong>Facundi</strong></span> <span class='ocrx_word' id='word_1_102' title='bbox 397 1821 631 1902; x_wconf 83' lang='lat' dir='ltr'><strong>expositionem</strong></span> <span class='ocrx_word' id='word_1_103' title='bbox 651 1829 685 1884; x_wconf 90' lang='lat' dir='ltr'><strong>et</strong></span> <span class='ocrx_word' id='word_1_104' title='bbox 698 1819 936 1895; x_wconf 87' lang='lat' dir='ltr'><strong>deductionem,</strong></span> <span class='ocrx_word' id='word_1_105' title='bbox 952 1818 1044 1902; x_wconf 85' lang='lat' dir='ltr'><strong>qnasi</strong></span> <span class='ocrx_word' id='word_1_106' title='bbox 1059 1815 1184 1899; x_wconf 80' lang='lat' dir='ltr'><strong>Episto-</strong></span> 
     </span>
     <span class='ocr_line' id='line_1_15' title="bbox 77 1913 1184 2006; baseline 0.003 -26"><span class='ocrx_word' id='word_1_107' title='bbox 77 1913 122 1980; x_wconf 86' lang='lat' dir='ltr'><strong>ine</strong></span> <span class='ocrx_word' id='word_1_108' title='bbox 138 1917 337 1986; x_wconf 57' lang='lat' dir='ltr'><strong>&amp;nudans</strong></span> <span class='ocrx_word' id='word_1_109' title='bbox 358 1922 526 2003; x_wconf 72' lang='lat' dir='ltr'><strong>probasset</strong></span> <span class='ocrx_word' id='word_1_110' title='bbox 544 1919 705 2006; x_wconf 74' lang='lat' dir='ltr'><strong>Synoduer</strong></span> <span class='ocrx_word' id='word_1_111' title='bbox 719 1939 796 1986; x_wconf 90' lang='lat' dir='ltr'><strong>cnm</strong></span> <span class='ocrx_word' id='word_1_112' title='bbox 816 1919 913 1984; x_wconf 89' lang='lat' dir='ltr'><strong>aliter</strong></span> <span class='ocrx_word' id='word_1_113' title='bbox 930 1921 1057 2002; x_wconf 84' lang='lat' dir='ltr'><strong>penitus</strong></span> <span class='ocrx_word' id='word_1_114' title='bbox 1070 1919 1184 1985; x_wconf 90' lang='lat' dir='ltr'><strong>ortbo·</strong></span> 
     </span>
     <span class='ocr_line' id='line_1_16' title="bbox 77 2013 1235 2126; baseline 0.009 -46"><span class='ocrx_word' id='word_1_115' title='bbox 77 2017 154 2084; x_wconf 88' lang='lat' dir='ltr'><strong>dora</strong></span> <span class='ocrx_word' id='word_1_116' title='bbox 175 2021 216 2085; x_wconf 92' lang='lat' dir='ltr'><strong>ab</strong></span> <span class='ocrx_word' id='word_1_117' title='bbox 238 2042 277 2088; x_wconf 91' lang='lat' dir='ltr'><strong>ea</strong></span> <span class='ocrx_word' id='word_1_118' title='bbox 300 2024 434 2105; x_wconf 90' lang='lat' dir='ltr'><strong>probata</strong></span> <span class='ocrx_word' id='word_1_119' title='bbox 456 2032 504 2090; x_wconf 88' lang='lat' dir='ltr'><strong>est</strong></span> <span class='ocrx_word' id='word_1_120' title='bbox 524 2040 588 2088; x_wconf 93' lang='lat' dir='ltr'><strong>nou</strong></span> <span class='ocrx_word' id='word_1_121' title='bbox 608 2023 742 2090; x_wconf 86' lang='lat' dir='ltr'><strong>dictatio</strong></span> <span class='ocrx_word' id='word_1_122' title='bbox 753 2021 918 2104; x_wconf 87' lang='lat' dir='ltr'><strong>Epistolae</strong></span> <span class='ocrx_word' id='word_1_123' title='bbox 941 2022 997 2089; x_wconf 82' lang='lat' dir='ltr'><strong>aad</strong></span> <span class='ocrx_word' id='word_1_124' title='bbox 1021 2013 1185 2126; x_wconf 68' lang='lat' dir='ltr'><strong>dnopopdoe</strong></span> <span class='ocrx_word' id='word_1_125' title='bbox 1232 2068 1235 2077; x_wconf 86' lang='lat'><em>·</em></span> 
     </span>
     <span class='ocr_line' id='line_1_17' title="bbox 76 2114 1185 2206; baseline -0.002 -18"><span class='ocrx_word' id='word_1_126' title='bbox 76 2114 167 2190; x_wconf 66' lang='lat' dir='ltr'><strong>birds</strong></span> <span class='ocrx_word' id='word_1_127' title='bbox 192 2126 376 2201; x_wconf 79' lang='lat' dir='ltr'><strong>excusatio,</strong></span> <span class='ocrx_word' id='word_1_128' title='bbox 400 2125 452 2190; x_wconf 89' lang='lat' dir='ltr'><strong>rel</strong></span> <span class='ocrx_word' id='word_1_129' title='bbox 468 2124 612 2190; x_wconf 85' lang='lat' dir='ltr'><strong>deieusio</strong></span> <span class='ocrx_word' id='word_1_130' title='bbox 639 2125 751 2206; x_wconf 86' lang='lat' dir='ltr'><strong>ipsius,</strong></span> <span class='ocrx_word' id='word_1_131' title='bbox 773 2123 856 2189; x_wconf 88' lang='lat' dir='ltr'><strong>idest</strong></span> <span class='ocrx_word' id='word_1_132' title='bbox 876 2123 965 2202; x_wconf 88' lang='lat' dir='ltr'><strong>ibae,</strong></span> <span class='ocrx_word' id='word_1_133' title='bbox 986 2129 1102 2189; x_wconf 85' lang='lat' dir='ltr'><strong>eontra</strong></span> <span class='ocrx_word' id='word_1_134' title='bbox 1126 2122 1185 2188; x_wconf 92' lang='lat' dir='ltr'><strong>ad·</strong></span> 
     </span>
     <span class='ocr_line' id='line_1_18' title="bbox 81 2223 1183 2311; baseline 0.002 -27"><span class='ocrx_word' id='word_1_135' title='bbox 81 2225 297 2290; x_wconf 82' lang='lat' dir='ltr'><strong>romariorum</strong></span> <span class='ocrx_word' id='word_1_136' title='bbox 327 2226 598 2294; x_wconf 79' lang='lat' dir='ltr'><strong>insimulationem</strong></span> <span class='ocrx_word' id='word_1_137' title='bbox 626 2243 686 2308; x_wconf 93' lang='lat' dir='ltr'><strong>per</strong></span> <span class='ocrx_word' id='word_1_138' title='bbox 705 2225 853 2292; x_wconf 85' lang='lat' dir='ltr'><strong>libellum</strong></span> <span class='ocrx_word' id='word_1_139' title='bbox 874 2223 1005 2311; x_wconf 79' lang='lat' dir='ltr'><strong>synodo</strong></span> <span class='ocrx_word' id='word_1_140' title='bbox 1024 2223 1183 2290; x_wconf 76' lang='lat' dir='ltr'><strong>oblatura</strong></span> 
     </span>
    </p>

    <p class='ocr_par' dir='ltr' id='par_1_6' title="bbox 80 2325 1235 3310">
     <span class='ocr_line' id='line_1_19' title="bbox 153 2325 1183 2418; baseline 0.001 -28"><span class='ocrx_word' id='word_1_141' title='bbox 153 2325 329 2418; x_wconf 84' lang='lat' dir='ltr'><strong>Facundus</strong></span> <span class='ocrx_word' id='word_1_142' title='bbox 349 2347 450 2409; x_wconf 92' lang='lat' dir='ltr'><strong>porro</strong></span> <span class='ocrx_word' id='word_1_143' title='bbox 480 2329 564 2394; x_wconf 91' lang='lat' dir='ltr'><strong>bane</strong></span> <span class='ocrx_word' id='word_1_144' title='bbox 585 2329 700 2394; x_wconf 86' lang='lat' dir='ltr'><strong>iaisam</strong></span> <span class='ocrx_word' id='word_1_145' title='bbox 730 2327 1029 2409; x_wconf 88' lang='lat' dir='ltr'><strong>interpretationem</strong></span> <span class='ocrx_word' id='word_1_146' title='bbox 1051 2325 1183 2392; x_wconf 83' lang='lat' dir='ltr'><strong>ridetur</strong></span> 
     </span>
     <span class='ocr_line' id='line_1_20' title="bbox 81 2425 1184 2510; baseline 0 -22"><span class='ocrx_word' id='word_1_147' title='bbox 81 2433 243 2494; x_wconf 86' lang='lat' dir='ltr'><strong>mutuatus</strong></span> <span class='ocrx_word' id='word_1_148' title='bbox 258 2446 276 2491; x_wconf 89' lang='lat' dir='ltr'><strong>a</strong></span> <span class='ocrx_word' id='word_1_149' title='bbox 292 2427 460 2496; x_wconf 83' lang='lat' dir='ltr'><strong>Farrando</strong></span> <span class='ocrx_word' id='word_1_150' title='bbox 480 2431 513 2495; x_wconf 91' lang='lat' dir='ltr'><strong>io</strong></span> <span class='ocrx_word' id='word_1_151' title='bbox 533 2430 651 2495; x_wconf 85' lang='lat' dir='ltr'><strong>litteris</strong></span> <span class='ocrx_word' id='word_1_152' title='bbox 671 2429 777 2494; x_wconf 86' lang='lat' dir='ltr'><strong>citatis</strong></span> <span class='ocrx_word' id='word_1_153' title='bbox 796 2428 836 2494; x_wconf 87' lang='lat' dir='ltr'><strong>ad</strong></span> <span class='ocrx_word' id='word_1_154' title='bbox 861 2427 1027 2510; x_wconf 70' lang='lat' dir='ltr'><strong>Pelagium</strong></span> <span class='ocrx_word' id='word_1_155' title='bbox 1049 2433 1082 2491; x_wconf 90' lang='lat' dir='ltr'><strong>et</strong></span> <span class='ocrx_word' id='word_1_156' title='bbox 1097 2425 1184 2490; x_wconf 76' lang='lat' dir='ltr'><strong>dua·</strong></span> 
     </span>
     <span class='ocr_line' id='line_1_21' title="bbox 84 2525 1184 2612; baseline 0.001 -23"><span class='ocrx_word' id='word_1_157' title='bbox 84 2527 206 2606; x_wconf 87' lang='lat' dir='ltr'><strong>toiinm,</strong></span> <span class='ocrx_word' id='word_1_158' title='bbox 222 2530 281 2594; x_wconf 92' lang='lat' dir='ltr'><strong>ubi</strong></span> <span class='ocrx_word' id='word_1_159' title='bbox 300 2530 420 2596; x_wconf 85' lang='lat' dir='ltr'><strong>clamat</strong></span> <span class='ocrx_word' id='word_1_160' title='bbox 441 2538 553 2597; x_wconf 87' lang='lat' dir='ltr'><strong>contra</strong></span> <span class='ocrx_word' id='word_1_161' title='bbox 569 2527 646 2597; x_wconf 91' lang='lat' dir='ltr'><strong>lbao</strong></span> <span class='ocrx_word' id='word_1_162' title='bbox 665 2529 831 2612; x_wconf 72' lang='lat' dir='ltr'><strong>Epistulae</strong></span> <span class='ocrx_word' id='word_1_163' title='bbox 852 2527 1111 2606; x_wconf 68' lang='lat' dir='ltr'><strong>damnationum</strong></span> <span class='ocrx_word' id='word_1_164' title='bbox 1126 2525 1184 2592; x_wconf 94' lang='lat' dir='ltr'><strong>ubi</strong></span> 
     </span>
     <span class='ocr_line' id='line_1_22' title="bbox 81 2627 1186 2714; baseline 0.003 -25"><span class='ocrx_word' id='word_1_165' title='bbox 81 2633 112 2690; x_wconf 88' lang='lat' dir='ltr'><strong>at</strong></span> <span class='ocrx_word' id='word_1_166' title='bbox 130 2629 195 2710; x_wconf 88' lang='lat' dir='ltr'><strong>ipsa</strong></span> <span class='ocrx_word' id='word_1_167' title='bbox 215 2649 334 2712; x_wconf 82' lang='lat' dir='ltr'><strong>pamm</strong></span> <span class='ocrx_word' id='word_1_168' title='bbox 354 2639 471 2696; x_wconf 86' lang='lat' dir='ltr'><strong>cautus</strong></span> <span class='ocrx_word' id='word_1_169' title='bbox 498 2649 674 2714; x_wconf 85' lang='lat' dir='ltr'><strong>pronomen</strong></span> <span class='ocrx_word' id='word_1_170' title='bbox 694 2627 791 2701; x_wconf 66' lang='lat' dir='ltr'><strong>dorda</strong></span> <span class='ocrx_word' id='word_1_171' title='bbox 811 2631 850 2695; x_wconf 95' lang='lat' dir='ltr'><strong>ad</strong></span> <span class='ocrx_word' id='word_1_172' title='bbox 872 2629 1052 2712; x_wconf 86' lang='lat' dir='ltr'><strong>Epistoiam</strong></span> <span class='ocrx_word' id='word_1_173' title='bbox 1072 2643 1186 2710; x_wconf 79' lang='lat' dir='ltr'><strong>repor-</strong></span> 
     </span>
     <span class='ocr_line' id='line_1_23' title="bbox 82 2727 1188 2814; baseline 0 -22"><span class='ocrx_word' id='word_1_174' title='bbox 82 2739 147 2795; x_wconf 85' lang='lat' dir='ltr'><strong>tsra</strong></span> <span class='ocrx_word' id='word_1_175' title='bbox 160 2733 370 2810; x_wconf 79' lang='lat' dir='ltr'><strong>existimarit,</strong></span> <span class='ocrx_word' id='word_1_176' title='bbox 391 2733 546 2799; x_wconf 84' lang='lat' dir='ltr'><strong>scribens:</strong></span> <span class='ocrx_word' id='word_1_177' title='bbox 562 2733 624 2798; x_wconf 80' lang='lat' dir='ltr'><strong>«st</strong></span> <span class='ocrx_word' id='word_1_178' title='bbox 639 2738 716 2799; x_wconf 89' lang='lat' dir='ltr'><strong>tuuc</strong></span> <span class='ocrx_word' id='word_1_179' title='bbox 735 2732 854 2814; x_wconf 86' lang='lat' dir='ltr'><strong>aliquis</strong></span> <span class='ocrx_word' id='word_1_180' title='bbox 873 2736 1046 2796; x_wconf 89' lang='lat' dir='ltr'><strong>aecusator</strong></span> <span class='ocrx_word' id='word_1_181' title='bbox 1058 2727 1188 2812; x_wconf 75' lang='lat' dir='ltr'><strong>aputa-</strong></span> 
     </span>
     <span class='ocr_line' id='line_1_24' title="bbox 80 2828 1185 2914; baseline -0.001 -21"><span class='ocrx_word' id='word_1_182' title='bbox 80 2828 141 2907; x_wconf 90' lang='lat' dir='ltr'><strong>iaa,</strong></span> <span class='ocrx_word' id='word_1_183' title='bbox 161 2831 256 2914; x_wconf 74' lang='lat' dir='ltr'><strong>cujas</strong></span> <span class='ocrx_word' id='word_1_184' title='bbox 276 2832 433 2898; x_wconf 75' lang='lat' dir='ltr'><strong>corbolien</strong></span> <span class='ocrx_word' id='word_1_185' title='bbox 462 2851 526 2904; x_wconf 76' lang='lat' dir='ltr'><strong>erre</strong></span> <span class='ocrx_word' id='word_1_186' title='bbox 545 2831 676 2898; x_wconf 75' lang='lat' dir='ltr'><strong>dictatio</strong></span> <span class='ocrx_word' id='word_1_187' title='bbox 695 2829 828 2906; x_wconf 73' lang='lat' dir='ltr'><strong>ademit,</strong></span> <span class='ocrx_word' id='word_1_188' title='bbox 848 2829 889 2896; x_wconf 90' lang='lat' dir='ltr'><strong>ad</strong></span> <span class='ocrx_word' id='word_1_189' title='bbox 912 2831 1036 2913; x_wconf 82' lang='lat' dir='ltr'><strong>maiora</strong></span> <span class='ocrx_word' id='word_1_190' title='bbox 1061 2828 1185 2912; x_wconf 85' lang='lat' dir='ltr'><strong>judicia</strong></span> 
     </span>
     <span class='ocr_line' id='line_1_25' title="bbox 82 2929 1185 3015; baseline 0.001 -23"><span class='ocrx_word' id='word_1_191' title='bbox 82 2939 286 3008; x_wconf 79' lang='lat' dir='ltr'><strong>provocaret,</strong></span> <span class='ocrx_word' id='word_1_192' title='bbox 307 2934 381 3014; x_wconf 80' lang='lat' dir='ltr'><strong>qnia</strong></span> <span class='ocrx_word' id='word_1_193' title='bbox 400 2935 464 2998; x_wconf 92' lang='lat' dir='ltr'><strong>erit</strong></span> <span class='ocrx_word' id='word_1_194' title='bbox 485 2939 558 3015; x_wconf 86' lang='lat' dir='ltr'><strong>post</strong></span> <span class='ocrx_word' id='word_1_195' title='bbox 588 2941 693 3000; x_wconf 87' lang='lat' dir='ltr'><strong>tantos</strong></span> <span class='ocrx_word' id='word_1_196' title='bbox 713 2939 747 2998; x_wconf 91' lang='lat' dir='ltr'><strong>et</strong></span> <span class='ocrx_word' id='word_1_197' title='bbox 767 2933 846 2996; x_wconf 87' lang='lat' dir='ltr'><strong>talea</strong></span> <span class='ocrx_word' id='word_1_198' title='bbox 868 2929 1038 2998; x_wconf 80' lang='lat' dir='ltr'><strong>Pontidoes</strong></span> <span class='ocrx_word' id='word_1_199' title='bbox 1064 2929 1185 3011; x_wconf 70' lang='lat' dir='ltr'><strong>negotii</strong></span> 
     </span>
     <span class='ocr_line' id='line_1_26' title="bbox 83 3028 1189 3116; baseline -0.001 -21"><span class='ocrx_word' id='word_1_200' title='bbox 83 3028 146 3110; x_wconf 84' lang='lat' dir='ltr'><strong>jam</strong></span> <span class='ocrx_word' id='word_1_201' title='bbox 160 3035 286 3112; x_wconf 90' lang='lat' dir='ltr'><strong>peracti</strong></span> <span class='ocrx_word' id='word_1_202' title='bbox 310 3051 414 3100; x_wconf 81' lang='lat' dir='ltr'><strong>nouus</strong></span> <span class='ocrx_word' id='word_1_203' title='bbox 427 3040 461 3101; x_wconf 90' lang='lat' dir='ltr'><strong>at</strong></span> <span class='ocrx_word' id='word_1_204' title='bbox 475 3035 610 3100; x_wconf 87' lang='lat' dir='ltr'><strong>idonens</strong></span> <span class='ocrx_word' id='word_1_205' title='bbox 630 3031 836 3116; x_wconf 73' lang='lat' dir='ltr'><strong>cognitori»</strong></span> <span class='ocrx_word' id='word_1_206' title='bbox 851 3031 954 3098; x_wconf 78' lang='lat' dir='ltr'><strong>Etsie</strong></span> <span class='ocrx_word' id='word_1_207' title='bbox 974 3033 1061 3097; x_wconf 87' lang='lat' dir='ltr'><strong>altar</strong></span> <span class='ocrx_word' id='word_1_208' title='bbox 1079 3031 1120 3096; x_wconf 86' lang='lat' dir='ltr'><strong>ab</strong></span> <span class='ocrx_word' id='word_1_209' title='bbox 1140 3030 1189 3095; x_wconf 83' lang='lat' dir='ltr'><strong>ai·</strong></span> 
     </span>
     <span class='ocr_line' id='line_1_27' title="bbox 81 3133 1235 3218; baseline 0.003 -23"><span class='ocrx_word' id='word_1_210' title='bbox 81 3140 148 3198; x_wconf 85' lang='lat' dir='ltr'><strong>tero</strong></span> <span class='ocrx_word' id='word_1_211' title='bbox 168 3134 289 3200; x_wconf 79' lang='lat' dir='ltr'><strong>illusus</strong></span> <span class='ocrx_word' id='word_1_212' title='bbox 308 3141 358 3200; x_wconf 91' lang='lat' dir='ltr'><strong>ast</strong></span> <span class='ocrx_word' id='word_1_213' title='bbox 377 3136 410 3200; x_wconf 93' lang='lat' dir='ltr'><strong>in</strong></span> <span class='ocrx_word' id='word_1_214' title='bbox 431 3135 695 3218; x_wconf 75' lang='lat' dir='ltr'><strong>interpretatione</strong></span> <span class='ocrx_word' id='word_1_215' title='bbox 714 3134 922 3200; x_wconf 86' lang='lat' dir='ltr'><strong>senteutiaea</strong></span> <span class='ocrx_word' id='word_1_216' title='bbox 942 3133 1088 3200; x_wconf 79' lang='lat' dir='ltr'><strong>Maximo</strong></span> <span class='ocrx_word' id='word_1_217' title='bbox 1107 3149 1186 3213; x_wconf 92' lang='lat' dir='ltr'><strong>pro·</strong></span> <span class='ocrx_word' id='word_1_218' title='bbox 1226 3143 1235 3162; x_wconf 89' lang='lat'><strong>·</strong></span> 
     </span>
     <span class='ocr_line' id='line_1_28' title="bbox 80 3229 1185 3310; baseline 0.003 -15"><span class='ocrx_word' id='word_1_219' title='bbox 80 3229 176 3310; x_wconf 89' lang='lat' dir='ltr'><strong>iataa,</strong></span> <span class='ocrx_word' id='word_1_220' title='bbox 196 3242 235 3300; x_wconf 93' lang='lat' dir='ltr'><strong>ut</strong></span> <span class='ocrx_word' id='word_1_221' title='bbox 257 3241 381 3300; x_wconf 84' lang='lat' dir='ltr'><strong>tratum</strong></span> <span class='ocrx_word' id='word_1_222' title='bbox 402 3234 516 3302; x_wconf 85' lang='lat' dir='ltr'><strong>deiude</strong></span> <span class='ocrx_word' id='word_1_223' title='bbox 536 3237 569 3300; x_wconf 94' lang='lat' dir='ltr'><strong>in</strong></span> <span class='ocrx_word' id='word_1_224' title='bbox 582 3233 729 3302; x_wconf 85' lang='lat' dir='ltr'><strong>Ecclesia</strong></span> <span class='ocrx_word' id='word_1_225' title='bbox 750 3235 964 3301; x_wconf 79' lang='lat' dir='ltr'><strong>invalesceret</strong></span> <span class='ocrx_word' id='word_1_226' title='bbox 983 3234 1185 3301; x_wconf 86' lang='lat' dir='ltr'><strong>scandalum.</strong></span> 
     </span>
    </p>

    <p class='ocr_par' dir='ltr' id='par_1_7' title="bbox 80 3330 1187 4425">
     <span class='ocr_line' id='line_1_29' title="bbox 153 3330 1187 3417; baseline 0 -21"><span class='ocrx_word' id='word_1_227' title='bbox 153 3330 223 3398; x_wconf 80' lang='lat' dir='ltr'><strong>liae</strong></span> <span class='ocrx_word' id='word_1_228' title='bbox 237 3334 366 3400; x_wconf 89' lang='lat' dir='ltr'><strong>iuterim</strong></span> <span class='ocrx_word' id='word_1_229' title='bbox 380 3335 526 3417; x_wconf 80' lang='lat' dir='ltr'><strong>exposita</strong></span> <span class='ocrx_word' id='word_1_230' title='bbox 541 3333 677 3401; x_wconf 78' lang='lat' dir='ltr'><strong>Maximi</strong></span> <span class='ocrx_word' id='word_1_231' title='bbox 697 3335 867 3414; x_wconf 87' lang='lat' dir='ltr'><strong>sententia,</strong></span> <span class='ocrx_word' id='word_1_232' title='bbox 881 3353 923 3400; x_wconf 85' lang='lat' dir='ltr'><strong>ex</strong></span> <span class='ocrx_word' id='word_1_233' title='bbox 937 3353 1002 3417; x_wconf 85' lang='lat' dir='ltr'><strong>qua</strong></span> <span class='ocrx_word' id='word_1_234' title='bbox 1023 3333 1187 3400; x_wconf 83' lang='lat' dir='ltr'><strong>evanescit</strong></span> 
     </span>
     <span class='ocr_line' id='line_1_30' title="bbox 80 3428 1186 3517; baseline 0.003 -21"><span class='ocrx_word' id='word_1_235' title='bbox 80 3428 208 3512; x_wconf 92' lang='lat' dir='ltr'><strong>limpida</strong></span> <span class='ocrx_word' id='word_1_236' title='bbox 232 3437 386 3516; x_wconf 85' lang='lat' dir='ltr'><strong>surpicio,</strong></span> <span class='ocrx_word' id='word_1_237' title='bbox 401 3439 506 3517; x_wconf 91' lang='lat' dir='ltr'><strong>ipsum</strong></span> <span class='ocrx_word' id='word_1_238' title='bbox 527 3436 645 3502; x_wconf 91' lang='lat' dir='ltr'><strong>ibidem</strong></span> <span class='ocrx_word' id='word_1_239' title='bbox 666 3435 946 3516; x_wconf 80' lang='lat' dir='ltr'><strong>comprehendisse</strong></span> <span class='ocrx_word' id='word_1_240' title='bbox 967 3435 1043 3502; x_wconf 90' lang='lat' dir='ltr'><strong>ibae</strong></span> <span class='ocrx_word' id='word_1_241' title='bbox 1057 3434 1186 3516; x_wconf 76' lang='lat' dir='ltr'><strong>iipistn⁴</strong></span> 
     </span>
     <span class='ocr_line' id='line_1_31' title="bbox 80 3529 1184 3620; baseline 0.001 -22"><span class='ocrx_word' id='word_1_242' title='bbox 80 3529 142 3614; x_wconf 74' lang='lat' dir='ltr'><strong>lam</strong></span> <span class='ocrx_word' id='word_1_243' title='bbox 161 3533 203 3600; x_wconf 92' lang='lat' dir='ltr'><strong>ad</strong></span> <span class='ocrx_word' id='word_1_244' title='bbox 222 3535 356 3615; x_wconf 82' lang='lat' dir='ltr'><strong>liarim,</strong></span> <span class='ocrx_word' id='word_1_245' title='bbox 375 3547 474 3620; x_wconf 86' lang='lat' dir='ltr'><strong>atque</strong></span> <span class='ocrx_word' id='word_1_246' title='bbox 492 3538 730 3619; x_wconf 83' lang='lat' dir='ltr'><strong>subscriptione</strong></span> <span class='ocrx_word' id='word_1_247' title='bbox 743 3537 970 3619; x_wconf 81' lang='lat' dir='ltr'><strong>comprobasse</strong></span> <span class='ocrx_word' id='word_1_248' title='bbox 990 3537 1184 3602; x_wconf 84' lang='lat' dir='ltr'><strong>catholicam</strong></span> 
     </span>
     <span class='ocr_line' id='line_1_32' title="bbox 84 3633 1187 3726; baseline -0.001 -24"><span class='ocrx_word' id='word_1_249' title='bbox 84 3633 192 3715; x_wconf 80' lang='lat' dir='ltr'><strong>iunod</strong></span> <span class='ocrx_word' id='word_1_250' title='bbox 212 3655 303 3716; x_wconf 86' lang='lat' dir='ltr'><strong>sana,</strong></span> <span class='ocrx_word' id='word_1_251' title='bbox 319 3646 357 3704; x_wconf 95' lang='lat' dir='ltr'><strong>ut</strong></span> <span class='ocrx_word' id='word_1_252' title='bbox 376 3642 422 3704; x_wconf 77' lang='lat' dir='ltr'><strong>ott</strong></span> <span class='ocrx_word' id='word_1_253' title='bbox 441 3637 579 3720; x_wconf 70' lang='lat' dir='ltr'><strong>vigilios</strong></span> <span class='ocrx_word' id='word_1_254' title='bbox 602 3639 634 3702; x_wconf 94' lang='lat' dir='ltr'><strong>tu</strong></span> <span class='ocrx_word' id='word_1_255' title='bbox 655 3637 850 3715; x_wconf 81' lang='lat' dir='ltr'><strong>Constituto,</strong></span> <span class='ocrx_word' id='word_1_256' title='bbox 865 3639 1044 3704; x_wconf 86' lang='lat' dir='ltr'><strong>contrairet</strong></span> <span class='ocrx_word' id='word_1_257' title='bbox 1063 3636 1187 3726; x_wconf 71' lang='lat' dir='ltr'><strong>Spuodi</strong></span> 
     </span>
     <span class='ocr_line' id='line_1_33' title="bbox 81 3735 1186 3824; baseline 0.005 -27"><span class='ocrx_word' id='word_1_258' title='bbox 81 3735 338 3806; x_wconf 81' lang='lat' dir='ltr'><strong>chalcedonensis</strong></span> <span class='ocrx_word' id='word_1_259' title='bbox 357 3740 475 3824; x_wconf 86' lang='lat' dir='ltr'><strong>scopo)</strong></span> <span class='ocrx_word' id='word_1_260' title='bbox 499 3740 682 3806; x_wconf 86' lang='lat' dir='ltr'><strong>iudrmatar</strong></span> <span class='ocrx_word' id='word_1_261' title='bbox 704 3739 848 3805; x_wconf 85' lang='lat' dir='ltr'><strong>Facundi</strong></span> <span class='ocrx_word' id='word_1_262' title='bbox 868 3741 992 3820; x_wconf 88' lang='lat' dir='ltr'><strong>opinio,</strong></span> <span class='ocrx_word' id='word_1_263' title='bbox 1011 3741 1068 3821; x_wconf 81' lang='lat' dir='ltr'><strong>qui</strong></span> <span class='ocrx_word' id='word_1_264' title='bbox 1091 3746 1186 3820; x_wconf 88' lang='lat' dir='ltr'><strong>puta·</strong></span> 
     </span>
     <span class='ocr_line' id='line_1_34' title="bbox 81 3835 1184 3924; baseline 0.005 -26"><span class='ocrx_word' id='word_1_265' title='bbox 81 3835 126 3900; x_wconf 82' lang='lat' dir='ltr'><strong>uit</strong></span> <span class='ocrx_word' id='word_1_266' title='bbox 144 3857 185 3904; x_wconf 83' lang='lat' dir='ltr'><strong>ox</strong></span> <span class='ocrx_word' id='word_1_267' title='bbox 206 3841 306 3920; x_wconf 80' lang='lat' dir='ltr'><strong>ipsius</strong></span> <span class='ocrx_word' id='word_1_268' title='bbox 330 3841 465 3908; x_wconf 79' lang='lat' dir='ltr'><strong>biarimi</strong></span> <span class='ocrx_word' id='word_1_269' title='bbox 483 3842 679 3908; x_wconf 80' lang='lat' dir='ltr'><strong>adbaasiooa</strong></span> <span class='ocrx_word' id='word_1_270' title='bbox 700 3841 851 3907; x_wconf 89' lang='lat' dir='ltr'><strong>roborari</strong></span> <span class='ocrx_word' id='word_1_271' title='bbox 872 3841 1184 3924; x_wconf 89' lang='lat' dir='ltr'><strong>interpretationem,</strong></span> 
     </span>
     <span class='ocr_line' id='line_1_35' title="bbox 83 3930 1185 4016; baseline 0.001 -15"><span class='ocrx_word' id='word_1_272' title='bbox 83 3953 176 4016; x_wconf 86' lang='lat' dir='ltr'><strong>qnam</strong></span> <span class='ocrx_word' id='word_1_273' title='bbox 197 3944 336 4007; x_wconf 87' lang='lat' dir='ltr'><strong>eontulit</strong></span> <span class='ocrx_word' id='word_1_274' title='bbox 350 3942 456 4009; x_wconf 85' lang='lat' dir='ltr'><strong>Photii</strong></span> <span class='ocrx_word' id='word_1_275' title='bbox 477 3943 609 4008; x_wconf 88' lang='lat' dir='ltr'><strong>decreto</strong></span> <span class='ocrx_word' id='word_1_276' title='bbox 623 3949 656 4007; x_wconf 89' lang='lat' dir='ltr'><strong>et</strong></span> <span class='ocrx_word' id='word_1_277' title='bbox 669 3930 833 4010; x_wconf 83' lang='lat' dir='ltr'><strong>E&#39;ustatbii</strong></span> <span class='ocrx_word' id='word_1_278' title='bbox 848 3942 1090 4009; x_wconf 79' lang='lat' dir='ltr'><strong>obtestantium:</strong></span> <span class='ocrx_word' id='word_1_279' title='bbox 1106 3942 1185 4004; x_wconf 87' lang='lat' dir='ltr'><strong>reir-</strong></span> 
     </span>
     <span class='ocr_line' id='line_1_36' title="bbox 80 4038 1186 4124; baseline 0.004 -24"><span class='ocrx_word' id='word_1_280' title='bbox 80 4038 311 4124; x_wconf 68' lang='lat' dir='ltr'><strong>manimius</strong></span> <span class='ocrx_word' id='word_1_281' title='bbox 332 4041 491 4124; x_wconf 72' lang='lat' dir='ltr'><strong>Epirota,</strong></span> <span class='ocrx_word' id='word_1_282' title='bbox 506 4040 709 4124; x_wconf 79' lang='lat' dir='ltr'><strong>ocpaoor‘mue</strong></span> <span class='ocrx_word' id='word_1_283' title='bbox 731 4057 799 4106; x_wconf 81' lang='lat' dir='ltr'><strong>euin</strong></span> <span class='ocrx_word' id='word_1_284' title='bbox 822 4062 884 4108; x_wconf 85' lang='lat' dir='ltr'><strong>caea</strong></span> <span class='ocrx_word' id='word_1_285' title='bbox 903 4039 1186 4108; x_wconf 64' lang='lat' dir='ltr'><strong>ceterorumve</strong></span> 
     </span>
     <span class='ocr_line' id='line_1_37' title="bbox 80 4141 1183 4227; baseline 0.005 -26"><span class='ocrx_word' id='word_1_286' title='bbox 80 4153 142 4215; x_wconf 80' lang='lat' dir='ltr'><strong>ona</strong></span> <span class='ocrx_word' id='word_1_287' title='bbox 160 4143 317 4208; x_wconf 69' lang='lat' dir='ltr'><strong>mnbudu</strong></span> <span class='ocrx_word' id='word_1_288' title='bbox 337 4160 412 4210; x_wconf 90' lang='lat' dir='ltr'><strong>cum</strong></span> <span class='ocrx_word' id='word_1_289' title='bbox 433 4143 530 4209; x_wconf 91' lang='lat' dir='ltr'><strong>modo</strong></span> <span class='ocrx_word' id='word_1_290' title='bbox 543 4145 641 4225; x_wconf 89' lang='lat' dir='ltr'><strong>ptura</strong></span> <span class='ocrx_word' id='word_1_291' title='bbox 661 4141 861 4209; x_wconf 83' lang='lat' dir='ltr'><strong>d&#39;ucutiaoda</strong></span> <span class='ocrx_word' id='word_1_292' title='bbox 880 4147 943 4211; x_wconf 88' lang='lat' dir='ltr'><strong>siut</strong></span> <span class='ocrx_word' id='word_1_293' title='bbox 963 4143 1071 4227; x_wconf 85' lang='lat' dir='ltr'><strong>quoad</strong></span> <span class='ocrx_word' id='word_1_294' title='bbox 1094 4141 1183 4207; x_wconf 87' lang='lat' dir='ltr'><strong>iilius</strong></span> 
     </span>
     <span class='ocr_line' id='line_1_38' title="bbox 81 4245 1186 4332; baseline 0.004 -28"><span class='ocrx_word' id='word_1_295' title='bbox 81 4249 327 4320; x_wconf 70' lang='lat' dir='ltr'><strong>consumantes</strong></span> <span class='ocrx_word' id='word_1_296' title='bbox 346 4246 502 4313; x_wconf 74' lang='lat' dir='ltr'><strong>audiatur</strong></span> <span class='ocrx_word' id='word_1_297' title='bbox 526 4245 604 4328; x_wconf 86' lang='lat' dir='ltr'><strong>quid</strong></span> <span class='ocrx_word' id='word_1_298' title='bbox 624 4259 743 4314; x_wconf 70' lang='lat' dir='ltr'><strong>&#39;rursus</strong></span> <span class='ocrx_word' id='word_1_299' title='bbox 764 4263 826 4327; x_wconf 79' lang='lat' dir='ltr'><strong>pro</strong></span> <span class='ocrx_word' id='word_1_300' title='bbox 845 4247 914 4332; x_wconf 89' lang='lat' dir='ltr'><strong>ipsa</strong></span> <span class='ocrx_word' id='word_1_301' title='bbox 931 4245 1076 4330; x_wconf 83' lang='lat' dir='ltr'><strong>Epistola</strong></span> <span class='ocrx_word' id='word_1_302' title='bbox 1093 4252 1186 4328; x_wconf 85' lang='lat' dir='ltr'><strong>puta·</strong></span> 
     </span>
     <span class='ocr_line' id='line_1_39' title="bbox 84 4343 552 4425; baseline 0.028 -26"><span class='ocrx_word' id='word_1_303' title='bbox 84 4343 164 4409; x_wconf 78' lang='lat' dir='ltr'><strong>verit</strong></span> <span class='ocrx_word' id='word_1_304' title='bbox 183 4347 349 4425; x_wconf 87' lang='lat' dir='ltr'><strong>praeiatus</strong></span> <span class='ocrx_word' id='word_1_305' title='bbox 369 4347 552 4418; x_wconf 78' lang='lat' dir='ltr'><strong>Facundus.</strong></span> 
     </span>
    </p>
   </div>
   <div class='ocr_carea' id='block_1_6' title="bbox 0 0 1528 4946">
    <p class='ocr_par' dir='ltr' id='par_1_8' title="bbox 0 0 1528 4946">
     <span class='ocr_line' id='line_1_40' title="bbox 0 0 1528 4946; baseline 0 0"><span class='ocrx_word' id='word_1_306' title='bbox 0 0 1528 4946; x_wconf 95' lang='lat' dir='ltr'><strong> </strong></span> 
     </span>
    </p>
   </div>
  </div>
 </body>
</html>
