3138 4950
103 552 188 622 Cum
209 551 293 616 euim
314 551 359 615 tit
381 569 421 616 es
443 553 560 616 uostris
582 551 621 615 ad
643 551 938 642 incorruptibilium
959 552 1128 618 recessisse
1149 553 1226 619 bbe-

104 657 218 733 resim‚
232 673 271 720 ac
292 672 351 736 por
366 669 466 718 nonan
486 653 621 719 terbum
643 653 725 720 idest
744 651 985 734 incorruptibile
1002 653 1169 720 devenisse
1190 659 1229 722 nl

38 785 45 830 t
103 757 272 832 sentirent,
294 773 379 838 quae
401 755 554 819 haeretiei
569 756 724 831 sentiunt,
741 756 836 837 piane
857 755 976 820 iudicat
996 756 1221 836 quaestionem

103 866 183 923 tnnc
198 858 229 920 iu
252 854 395 921 Eeeleaia
417 856 582 936 agitatum,
605 857 677 920 aliis
690 857 767 932 alia,
783 864 817 920 et
837 857 968 939 quidem
990 857 1032 920 ab
1052 857 1143 922 initio
1165 858 1223 924 itu·

103 976 144 1022 na
160 955 236 1034 lide,
250 958 475 1034 sentientibus,
489 957 591 1022 donee
612 958 734 1039 publici
753 958 841 1041 iuris
863 957 984 1024 iactum
1006 965 1055 1022 est
1069 943 1225 1027 iustinia-

104 1062 137 1124 ni
158 1060 317 1124 edietum:
349 1069 462 1126 contre
484 1058 571 1140 qnod
596 1058 778 1143 Eutpebius
807 1061 930 1138 primus
956 1060 1151 1136 insurrexit,
1174 1078 1227 1124 ar·

106 1161 248 1226 bitratus
263 1163 326 1225 boe
346 1161 385 1225 ad
400 1161 600 1224 haereticam
622 1159 805 1225 conducere
824 1159 1017 1224 doctrinam.
1034 1157 1089 1236 Et,
1112 1159 1144 1224 ul
1166 1158 1226 1226 iul·

103 1263 173 1340 ier,
194 1263 251 1344 qui
276 1265 307 1328 in
329 1261 391 1325 huc
406 1261 534 1343 dialogo
557 1269 821 1342 repraesentatur
835 1278 853 1325 a
869 1259 1005 1325 Leontio
1025 1261 1085 1326 sibi
1108 1260 1226 1326 adver·

103 1363 211 1432 satiust
232 1371 265 1428 et
285 1365 482 1440 haereticum
505 1363 573 1444 ipse
594 1369 643 1428 est
664 1360 859 1428 Theodorus
882 1363 1059 1428 monachus
1079 1378 1118 1428 re
1139 1361 1229 1428 dein·

103 1467 338 1548 eoepiscopus
364 1462 541 1530 Caesareae
563 1463 787 1545 Cappadociae
818 1462 991 1528 iustinianl
1019 1463 1225 1529 euneillarint

105 1575 140 1633 ει
159 1567 268 1632 socius
289 1567 321 1630 in
341 1565 403 1630 iste
423 1566 592 1642 sententia,
608 1583 706 1646 quarn
728 1583 918 1647 expugnare
939 1573 1075 1632 conatus
1095 1573 1144 1632 ert
1165 1561 1226 1632 Lt-

105 1668 216 1734 ontinr
236 1666 324 1732 ulter
343 1666 385 1730 ab
406 1684 446 1730 eo
466 1665 619 1746 Origents
641 1675 790 1746 petrono.

188 1767 237 1832 its
259 1784 400 1848 namque
421 1769 452 1830 in
474 1766 616 1848 Protogo
639 1770 736 1830 trium
758 1769 943 1834 librorums
970 1788 987 1830 c
1011 1785 1154 1849 qnorum
1175 1786 1227 1834 so·

104 1870 234 1936 enudus
254 1875 368 1934 eontra
382 1869 694 1950 opbtbortodocetos,
708 1870 813 1951 inquit
828 1868 994 1945 Leontius,
1016 1869 1102 1935 liber
1121 1878 1170 1936 est
1191 1869 1224 1934 iu

106 1991 178 2049 eos,
207 1973 264 2053 qai
283 1991 327 2036 ει
349 1973 466 2035 nostris
487 1989 653 2036 accessere
683 1971 722 2033 ad
745 1979 933 2052 corruptam
959 1972 1150 2036 sententiam
1171 1988 1226 2035 en·

104 2092 196 2150 rum,
218 2073 274 2155 qul
297 2090 417 2153 eorpus
433 2067 560 2136 Domini
583 2072 832 2153 incorruptibile
852 2082 927 2136 ante
950 2074 1224 2140 resurrectionem

103 2173 301 2255 tradebaut3
319 2169 392 2255 'qui
414 2192 456 2238 ex
479 2191 520 2239 eo
542 2176 649 2238 vocati
670 2184 746 2240 sunt
765 2169 1061 2274 ἀφθαρτοδεκῆται.
1082 2173 1228 2246 lusttut·

107 2293 162 2342 me
183 2284 292 2341 antem
313 2285 389 2340 sunt
410 2275 441 2338 bi
463 2275 648 2351 accusandi,
671 2277 727 2356 qui
752 2280 848 2342 nnius
870 2272 997 2340 Domini
1018 2295 1056 2340 ae
1077 2274 1227 2344 Sulcato·

107 2379 155 2444 rit
177 2377 277 2444 nostri
298 2374 378 2441 tesu
401 2374 520 2441 Christi
541 2376 755 2440 diiierentiem
776 2385 809 2440 et
823 2377 1038 2457 proprietates
1059 2384 1092 2440 et
1112 2395 1228 2459 opera·
1291 2411 1293 2416 ·

109 2483 214 2546 tiones
232 2484 350 2546 reiuut.
369 2479 432 2544 Ena
452 2488 575 2553 antem,
590 2479 646 2558 qui
664 2480 786 2543 naturis
807 2479 1035 2554 adversantur,
1058 2488 1090 2542 ct
1111 2497 1227 2546 earnm

106 2579 325 2646 differentiam
348 2588 463 2662 negant
485 2587 556 2662 post
578 2581 748 2654 unionem,
771 2598 808 2644 ae
838 2581 1053 2660 proprietates
1073 2588 1106 2644 et
1126 2581 1231 2646 actiu-

107 2703 167 2750 net
189 2685 220 2746 in
244 2685 290 2748 cis
311 2683 470 2748 scelerate
491 2681 706 2757 contundunt,
725 2699 787 2744 non
810 2683 909 2762 magis
933 2681 1075 2745 ridemus
1095 2691 1234 2763 propter

107 2787 269 2851 inscitiam
290 2801 389 2866 quam
410 2783 560 2848 notemus
582 2790 614 2846 et
635 2784 829 2847 miseramur
850 2789 985 2864 propter
1007 2783 1227 2864 impietatem:

107 2883 167 2968 qni
190 2885 230 2950 do
252 2883 348 2950 modo
371 2882 497 2948 unionis
519 2889 712 2946 naturarum
739 2881 900 2957 dubitent,
923 2899 1004 2962 ques
1025 2899 1132 2960 neque
1151 2899 1230 2946 con·

107 2984 243 3061 endunt,
267 3001 373 3064 neque
394 2990 518 3065 ponunt
539 3001 617 3046 esse.
645 2980 828 3062 Oportebat
859 2983 942 3045 enim
973 2981 1115 3062 primunt
1147 2982 1232 3060 posi·

108 3096 181 3154 tum
204 3105 272 3152 esse
298 3097 331 3151 et
352 3085 455 3150 fixum
485 3085 561 3165 ipsis
596 3102 678 3160 ease,
707 3083 832 3146 servari
861 3090 934 3162 post
965 3082 1116 3145 unionem
1139 3089 1233 3145 natu·
1316 3125 1321 3128 -

109 3207 184 3255 ram
206 3189 382 3252 divinitatio
410 3185 530 3253 Christi
552 3194 584 3249 ει
604 3195 755 3249 naturam
785 3182 993 3246 humanitatis
1014 3182 1106 3262 ejus:
1129 3191 1231 3264 etque

108 3295 156 3357 ita
179 3291 346 3371 inquirere
366 3297 490 3372 postea,
513 3287 678 3369 quomodo
700 3305 734 3350 se
756 3284 894 3348 habeant
916 3284 1066 3361 intense,
1097 3293 1129 3348 et
1150 3301 1232 3365 qno·

109 3391 211 3458 modo
231 3394 308 3457 sint.

194 3493 330 3576 «Hujus
344 3491 420 3559 iibri
436 3492 530 3558 stilus
545 3491 766 3558 ceninrmetus
782 3495 830 3554 est
844 3489 875 3550 in
891 3486 1107 3567 disputatione
1121 3493 1154 3552 et
1166 3485 1232 3550 dia·

107 3599 202 3679 l⁰b0i
218 3595 376 3674 nihilque,
391 3602 428 3658 ut
449 3593 605 3668 arbitror,
625 3592 774 3656 relictum
789 3596 980 3663 esseorum,
996 3603 1082 3666 quaa
1102 3587 1142 3651 nd
1158 3606 1234 3668 pro·

108 3701 252 3783 positam
273 3697 494 3778 quaestionem
515 3695 704 3775 spectabant
724 3699 758 3756 et
777 3690 947 3756 commoda
969 3697 1072 3752 erant.
1101 3687 1151 3755 Ne
1176 3707 1235 3753 nu·

109 3813 358 3885 temporeneas
380 3799 673 3872 contunderentur,
690 3812 826 3875 persone
848 3791 1025 3856 dubitantis
1047 3791 1234 3857 unbeistei-

108 3907 178 3970 iam
198 3904 403 3984 insignitam:
432 3917 569 3981 persona
589 3897 746 3963 solventis
777 3889 994 3958 dubitationes
1015 3892 1153 3972 liguram
1177 3893 1233 3955 ha·

108 4007 166 4071 het
180 4006 298 4071 erucis.
322 4001 406 4068 Note
421 4001 505 4065 enim
519 3998 635 4064 stellae
657 3995 875 4077 significemur
901 4001 1029 4059 tenuem
1045 4001 1077 4058 ει
1099 4011 1160 4055 uon
1177 4011 1234 4056 ex·

109 4110 265 4192 plicatam
287 4106 502 4186 cognitionem
530 4117 688 4183 personna
719 4097 918 4176 dubitantis3
951 4096 1153 4162 defensuram
1175 4112 1234 4160 au·
1333 4155 1340 4166 ,,

110 4219 180 4278 tent
204 4210 349 4281 ueritatis
371 4205 530 4288 trophaeo
550 4203 660 4278 erucis
680 4200 889 4270 armavimus.
907 4217 923 4258 u
