<?xml version="1.0" encoding="UTF-8"?>
<!DOCTYPE html PUBLIC "-//W3C//DTD XHTML 1.0 Transitional//EN"
    "http://www.w3.org/TR/xhtml1/DTD/xhtml1-transitional.dtd">
<html xmlns="http://www.w3.org/1999/xhtml" xml:lang="en" lang="en">
 <head>
  <title>
</title>
<meta http-equiv="Content-Type" content="text/html;charset=utf-8" />
  <meta name='ocr-system' content='tesseract 3.04.00' />
  <meta name='ocr-capabilities' content='ocr_page ocr_carea ocr_par ocr_line ocrx_word'/>
</head>
<body>
  <div class='ocr_page' id='page_1' title='image "./insgregoriinyss01vincgoog/insgregoriinyss01vincgoog_0486.png"; bbox 0 0 3042 4940; ppageno 0'>
   <div class='ocr_carea' id='block_1_1' title="bbox 96 385 1235 686">
    <p class='ocr_par' dir='ltr' id='par_1_1' title="bbox 96 385 1235 686">
     <span class='ocr_line' id='line_1_1' title="bbox 96 385 1235 578; baseline -0.009 -18"><span class='ocrx_word' id='word_1_1' title='bbox 96 491 241 578; x_wconf 83' lang='lat' dir='ltr'><strong>praelatis</strong></span> <span class='ocrx_word' id='word_1_2' title='bbox 261 492 338 556; x_wconf 84' lang='lat' dir='ltr'><strong>airis</strong></span> <span class='ocrx_word' id='word_1_3' title='bbox 359 489 514 558; x_wconf 80' lang='lat' dir='ltr'><strong>Facundo</strong></span> <span class='ocrx_word' id='word_1_4' title='bbox 533 495 566 556; x_wconf 87' lang='lat' dir='ltr'><strong>el</strong></span> <span class='ocrx_word' id='word_1_5' title='bbox 587 491 748 560; x_wconf 84' lang='lat' dir='ltr'><strong>Liberale.</strong></span> <span class='ocrx_word' id='word_1_6' title='bbox 771 491 827 558; x_wconf 83' lang='lat' dir='ltr'><strong>lati</strong></span> <span class='ocrx_word' id='word_1_7' title='bbox 848 492 945 567; x_wconf 88' lang='lat' dir='ltr'><strong>euim,</strong></span> <span class='ocrx_word' id='word_1_8' title='bbox 966 385 1204 572; x_wconf 45' lang='lat' dir='ltr'><strong>germascit?</strong></span> <span class='ocrx_word' id='word_1_9' title='bbox 1230 543 1235 550; x_wconf 95' lang='lat'>.</span> 
     </span>
     <span class='ocr_line' id='line_1_2' title="bbox 97 591 1199 686; baseline -0.005 -26"><span class='ocrx_word' id='word_1_10' title='bbox 97 605 193 686; x_wconf 78' lang='lat' dir='ltr'><strong>tuant,</strong></span> <span class='ocrx_word' id='word_1_11' title='bbox 208 595 378 676; x_wconf 89' lang='lat' dir='ltr'><strong>Origenem</strong></span> <span class='ocrx_word' id='word_1_12' title='bbox 394 595 492 676; x_wconf 87' lang='lat' dir='ltr'><strong>paulo</strong></span> <span class='ocrx_word' id='word_1_13' title='bbox 511 602 585 660; x_wconf 90' lang='lat' dir='ltr'><strong>ante</strong></span> <span class='ocrx_word' id='word_1_14' title='bbox 605 596 770 682; x_wconf 76' lang='lat' dir='ltr'><strong>synodum</strong></span> <span class='ocrx_word' id='word_1_15' title='bbox 785 597 930 677; x_wconf 83' lang='lat' dir='ltr'><strong>quintam</strong></span> <span class='ocrx_word' id='word_1_16' title='bbox 950 591 1199 657; x_wconf 83' lang='lat' dir='ltr'><strong>anatbcmatlaa·</strong></span> 
     </span>
    </p>
   </div>
   <div class='ocr_carea' id='block_1_2' title="bbox 92 691 1205 1178">
    <p class='ocr_par' dir='ltr' id='par_1_2' title="bbox 92 691 1205 1178">
     <span class='ocr_line' id='line_1_3' title="bbox 97 691 1202 774; baseline -0.003 -14"><span class='ocrx_word' id='word_1_17' title='bbox 97 705 172 770; x_wconf 86' lang='lat' dir='ltr'><strong>tum,</strong></span> <span class='ocrx_word' id='word_1_18' title='bbox 192 713 231 760; x_wconf 88' lang='lat' dir='ltr'><strong>ac</strong></span> <span class='ocrx_word' id='word_1_19' title='bbox 251 695 270 759; x_wconf 85' lang='lat' dir='ltr'>J</span> <span class='ocrx_word' id='word_1_20' title='bbox 275 695 468 759; x_wconf 86' lang='lat' dir='ltr'><strong>ustiuianum</strong></span> <span class='ocrx_word' id='word_1_21' title='bbox 495 696 571 762; x_wconf 89' lang='lat' dir='ltr'><strong>hnic</strong></span> <span class='ocrx_word' id='word_1_22' title='bbox 592 697 774 762; x_wconf 71' lang='lat' dir='ltr'><strong>adhaesisse</strong></span> <span class='ocrx_word' id='word_1_23' title='bbox 794 695 989 762; x_wconf 68' lang='lat' dir='ltr'><strong>damnationi</strong></span> <span class='ocrx_word' id='word_1_24' title='bbox 999 713 1012 774; x_wconf 80' lang='lat'>3</span> <span class='ocrx_word' id='word_1_25' title='bbox 1041 691 1202 758; x_wconf 84' lang='lat' dir='ltr'><strong>nibilomi-</strong></span> 
     </span>
     <span class='ocr_line' id='line_1_4' title="bbox 95 794 1202 878; baseline 0 -20"><span class='ocrx_word' id='word_1_26' title='bbox 95 815 150 860; x_wconf 90' lang='lat' dir='ltr'><strong>nus</strong></span> <span class='ocrx_word' id='word_1_27' title='bbox 169 795 208 860; x_wconf 90' lang='lat' dir='ltr'><strong>de</strong></span> <span class='ocrx_word' id='word_1_28' title='bbox 228 796 355 878; x_wconf 78' lang='lat' dir='ltr'><strong>Synodo</strong></span> <span class='ocrx_word' id='word_1_29' title='bbox 377 797 450 861; x_wconf 83' lang='lat' dir='ltr'><strong>iden</strong></span> <span class='ocrx_word' id='word_1_30' title='bbox 471 796 745 878; x_wconf 71' lang='lat' dir='ltr'><strong>Constantinopoli</strong></span> <span class='ocrx_word' id='word_1_31' title='bbox 775 796 917 862; x_wconf 86' lang='lat' dir='ltr'><strong>adunata</strong></span> <span class='ocrx_word' id='word_1_32' title='bbox 938 795 1032 859; x_wconf 88' lang='lat' dir='ltr'><strong>sicuti</strong></span> <span class='ocrx_word' id='word_1_33' title='bbox 1054 794 1087 857; x_wconf 93' lang='lat' dir='ltr'><strong>in</strong></span> <span class='ocrx_word' id='word_1_34' title='bbox 1108 809 1202 875; x_wconf 84' lang='lat' dir='ltr'><strong>pruo-</strong></span> 
     </span>
     <span class='ocr_line' id='line_1_5' title="bbox 93 895 1203 979; baseline 0.005 -21"><span class='ocrx_word' id='word_1_35' title='bbox 93 897 179 960; x_wconf 87' lang='lat' dir='ltr'><strong>dictis</strong></span> <span class='ocrx_word' id='word_1_36' title='bbox 193 896 445 978; x_wconf 83' lang='lat' dir='ltr'><strong>quaestionibus,</strong></span> <span class='ocrx_word' id='word_1_37' title='bbox 466 899 622 960; x_wconf 86' lang='lat' dir='ltr'><strong>nonsatis</strong></span> <span class='ocrx_word' id='word_1_38' title='bbox 642 905 754 979; x_wconf 86' lang='lat' dir='ltr'><strong>sparte</strong></span> <span class='ocrx_word' id='word_1_39' title='bbox 774 897 926 962; x_wconf 88' lang='lat' dir='ltr'><strong>indicant.</strong></span> <span class='ocrx_word' id='word_1_40' title='bbox 950 895 1087 978; x_wconf 84' lang='lat' dir='ltr'><strong>insuper</strong></span> <span class='ocrx_word' id='word_1_41' title='bbox 1106 899 1133 964; x_wconf 90' lang='lat' dir='ltr'><strong>ai</strong></span> <span class='ocrx_word' id='word_1_42' title='bbox 1152 915 1203 963; x_wconf 87' lang='lat' dir='ltr'><strong>se·</strong></span> 
     </span>
     <span class='ocr_line' id='line_1_6' title="bbox 92 995 1203 1078; baseline 0.004 -20"><span class='ocrx_word' id='word_1_43' title='bbox 92 997 166 1060; x_wconf 84' lang='lat' dir='ltr'><strong>acto</strong></span> <span class='ocrx_word' id='word_1_44' title='bbox 185 997 318 1060; x_wconf 89' lang='lat' dir='ltr'><strong>illorum</strong></span> <span class='ocrx_word' id='word_1_45' title='bbox 343 996 427 1060; x_wconf 89' lang='lat' dir='ltr'><strong>dicta</strong></span> <span class='ocrx_word' id='word_1_46' title='bbox 449 996 682 1077; x_wconf 84' lang='lat' dir='ltr'><strong>ponderentur,</strong></span> <span class='ocrx_word' id='word_1_47' title='bbox 711 995 842 1061; x_wconf 76' lang='lat' dir='ltr'><strong>aliunde</strong></span> <span class='ocrx_word' id='word_1_48' title='bbox 863 1001 1016 1078; x_wconf 90' lang='lat' dir='ltr'><strong>repetunt</strong></span> <span class='ocrx_word' id='word_1_49' title='bbox 1035 997 1203 1062; x_wconf 85' lang='lat' dir='ltr'><strong>historiam</strong></span> 
     </span>
     <span class='ocr_line' id='line_1_7' title="bbox 93 1096 1205 1178; baseline 0.003 -18"><span class='ocrx_word' id='word_1_50' title='bbox 93 1097 187 1178; x_wconf 78' lang='lat' dir='ltr'><strong>buius</strong></span> <span class='ocrx_word' id='word_1_51' title='bbox 208 1098 492 1172; x_wconf 89' lang='lat' dir='ltr'><strong>condemnationis,</strong></span> <span class='ocrx_word' id='word_1_52' title='bbox 508 1096 590 1161; x_wconf 87' lang='lat' dir='ltr'><strong>idest</strong></span> <span class='ocrx_word' id='word_1_53' title='bbox 610 1098 650 1162; x_wconf 91' lang='lat' dir='ltr'><strong>do</strong></span> <span class='ocrx_word' id='word_1_54' title='bbox 671 1097 842 1162; x_wconf 74' lang='lat' dir='ltr'><strong>Antiochia</strong></span> <span class='ocrx_word' id='word_1_55' title='bbox 848 1116 861 1177; x_wconf 87' lang='lat'>;</span> <span class='ocrx_word' id='word_1_56' title='bbox 876 1098 964 1162; x_wconf 88' lang='lat' dir='ltr'><strong>unde</strong></span> <span class='ocrx_word' id='word_1_57' title='bbox 982 1096 1205 1166; x_wconf 82' lang='lat' dir='ltr'><strong>Constantino·</strong></span> 
     </span>
    </p>
   </div>
   <div class='ocr_carea' id='block_1_3' title="bbox 93 1179 1421 1281">
    <p class='ocr_par' dir='ltr' id='par_1_3' title="bbox 93 1179 1421 1281">
     <span class='ocr_line' id='line_1_8' title="bbox 93 1179 1421 1281; baseline 0 -19"><span class='ocrx_word' id='word_1_58' title='bbox 93 1197 186 1277; x_wconf 88' lang='lat' dir='ltr'><strong>polim</strong></span> <span class='ocrx_word' id='word_1_59' title='bbox 206 1185 353 1281; x_wconf 81' lang='lat' dir='ltr'><strong>ejusdem</strong></span> <span class='ocrx_word' id='word_1_60' title='bbox 374 1206 446 1264; x_wconf 86' lang='lat' dir='ltr'><strong>acta</strong></span> <span class='ocrx_word' id='word_1_61' title='bbox 478 1200 572 1262; x_wconf 87' lang='lat' dir='ltr'><strong>missa</strong></span> <span class='ocrx_word' id='word_1_62' title='bbox 594 1198 729 1264; x_wconf 85' lang='lat' dir='ltr'><strong>luissent</strong></span> <span class='ocrx_word' id='word_1_63' title='bbox 748 1198 788 1262; x_wconf 87' lang='lat' dir='ltr'><strong>ad</strong></span> <span class='ocrx_word' id='word_1_64' title='bbox 809 1196 1027 1264; x_wconf 86' lang='lat' dir='ltr'><strong>Justiatauum</strong></span> <span class='ocrx_word' id='word_1_65' title='bbox 1048 1215 1110 1279; x_wconf 91' lang='lat' dir='ltr'><strong>pro</strong></span> <span class='ocrx_word' id='word_1_66' title='bbox 1128 1215 1205 1262; x_wconf 86' lang='lat' dir='ltr'><strong>coa·</strong></span> <span class='ocrx_word' id='word_1_67' title='bbox 1292 1179 1297 1204; x_wconf 89' lang='lat'>&#39;</span> <span class='ocrx_word' id='word_1_68' title='bbox 1418 1203 1421 1210; x_wconf 77' lang='grc'><em>’</em></span> 
     </span>
    </p>
   </div>
   <div class='ocr_carea' id='block_1_4' title="bbox 91 1299 1205 1982">
    <p class='ocr_par' dir='ltr' id='par_1_4' title="bbox 92 1299 276 1365">
     <span class='ocr_line' id='line_1_9' title="bbox 92 1299 276 1365; baseline 0 -3"><span class='ocrx_word' id='word_1_69' title='bbox 92 1299 276 1365; x_wconf 88' lang='lat' dir='ltr'><strong>tirmatioue.</strong></span> 
     </span>
    </p>

    <p class='ocr_par' dir='ltr' id='par_1_5' title="bbox 91 1395 1205 1982">
     <span class='ocr_line' id='line_1_10' title="bbox 169 1395 1202 1485; baseline 0.002 -23"><span class='ocrx_word' id='word_1_70' title='bbox 169 1400 217 1464; x_wconf 79' lang='lat' dir='ltr'><strong>Aa</strong></span> <span class='ocrx_word' id='word_1_71' title='bbox 237 1418 364 1482; x_wconf 88' lang='lat' dir='ltr'><strong>reapse,</strong></span> <span class='ocrx_word' id='word_1_72' title='bbox 385 1402 504 1466; x_wconf 84' lang='lat' dir='ltr'><strong>intenta</strong></span> <span class='ocrx_word' id='word_1_73' title='bbox 526 1399 686 1485; x_wconf 68' lang='lat' dir='ltr'><strong>Anonymi</strong></span> <span class='ocrx_word' id='word_1_74' title='bbox 708 1399 877 1481; x_wconf 86' lang='lat' dir='ltr'><strong>perspicue</strong></span> <span class='ocrx_word' id='word_1_75' title='bbox 899 1398 1121 1464; x_wconf 81' lang='lat' dir='ltr'><strong>declaratione</strong></span> <span class='ocrx_word' id='word_1_76' title='bbox 1139 1395 1202 1464; x_wconf 88' lang='lat' dir='ltr'><strong>sub</strong></span> 
     </span>
     <span class='ocr_line' id='line_1_11' title="bbox 91 1485 1204 1583; baseline 0.001 -21"><span class='ocrx_word' id='word_1_77' title='bbox 91 1515 128 1562; x_wconf 89' lang='lat' dir='ltr'><strong>an</strong></span> <span class='ocrx_word' id='word_1_78' title='bbox 145 1495 213 1564; x_wconf 82' lang='lat'><strong>537.</strong></span> <span class='ocrx_word' id='word_1_79' title='bbox 235 1501 269 1564; x_wconf 91' lang='lat' dir='ltr'><strong>in</strong></span> <span class='ocrx_word' id='word_1_80' title='bbox 290 1497 418 1583; x_wconf 73' lang='lat' dir='ltr'><strong>Synodo</strong></span> <span class='ocrx_word' id='word_1_81' title='bbox 448 1485 652 1576; x_wconf 80' lang='lat' dir='ltr'><strong>autidcbena,</strong></span> <span class='ocrx_word' id='word_1_82' title='bbox 674 1499 820 1580; x_wconf 77' lang='lat' dir='ltr'><strong>praeside</strong></span> <span class='ocrx_word' id='word_1_83' title='bbox 841 1499 939 1582; x_wconf 79' lang='lat' dir='ltr'><strong>buius</strong></span> <span class='ocrx_word' id='word_1_84' title='bbox 960 1499 1099 1564; x_wconf 83' lang='lat' dir='ltr'><strong>civitatis</strong></span> <span class='ocrx_word' id='word_1_85' title='bbox 1121 1497 1204 1564; x_wconf 84' lang='lat' dir='ltr'><strong>auti·</strong></span> 
     </span>
     <span class='ocr_line' id='line_1_12' title="bbox 92 1597 1204 1681; baseline 0.002 -19"><span class='ocrx_word' id='word_1_86' title='bbox 92 1600 159 1663; x_wconf 87' lang='lat' dir='ltr'><strong>stite</strong></span> <span class='ocrx_word' id='word_1_87' title='bbox 174 1597 372 1680; x_wconf 85' lang='lat' dir='ltr'><strong>Ephraemo,</strong></span> <span class='ocrx_word' id='word_1_88' title='bbox 388 1601 544 1664; x_wconf 76' lang='lat' dir='ltr'><strong>adsersus</strong></span> <span class='ocrx_word' id='word_1_89' title='bbox 559 1600 716 1681; x_wconf 87' lang='lat' dir='ltr'><strong>quosdam</strong></span> <span class='ocrx_word' id='word_1_90' title='bbox 733 1599 906 1666; x_wconf 86' lang='lat' dir='ltr'><strong>monachos</strong></span> <span class='ocrx_word' id='word_1_91' title='bbox 920 1598 1068 1678; x_wconf 86' lang='lat' dir='ltr'><strong>Origonis</strong></span> <span class='ocrx_word' id='word_1_92' title='bbox 1082 1615 1204 1680; x_wconf 87' lang='lat' dir='ltr'><strong>propu-</strong></span> 
     </span>
     <span class='ocr_line' id='line_1_13' title="bbox 92 1696 1203 1782; baseline 0.004 -22"><span class='ocrx_word' id='word_1_93' title='bbox 92 1707 249 1777; x_wconf 86' lang='lat' dir='ltr'><strong>gnatores,</strong></span> <span class='ocrx_word' id='word_1_94' title='bbox 274 1699 593 1782; x_wconf 85' lang='lat' dir='ltr'><strong>comprehenduntur</strong></span> <span class='ocrx_word' id='word_1_95' title='bbox 613 1707 646 1764; x_wconf 91' lang='lat' dir='ltr'><strong>et</strong></span> <span class='ocrx_word' id='word_1_96' title='bbox 666 1700 872 1780; x_wconf 83' lang='lat' dir='ltr'><strong>explicantur</strong></span> <span class='ocrx_word' id='word_1_97' title='bbox 892 1699 991 1766; x_wconf 88' lang='lat' dir='ltr'><strong>simul</strong></span> <span class='ocrx_word' id='word_1_98' title='bbox 1011 1705 1044 1764; x_wconf 89' lang='lat' dir='ltr'><strong>et</strong></span> <span class='ocrx_word' id='word_1_99' title='bbox 1058 1696 1203 1764; x_wconf 80' lang='lat' dir='ltr'><strong>Facundi</strong></span> 
     </span>
     <span class='ocr_line' id='line_1_14' title="bbox 92 1798 1204 1882; baseline 0.004 -20"><span class='ocrx_word' id='word_1_100' title='bbox 92 1807 122 1863; x_wconf 90' lang='lat' dir='ltr'><strong>et</strong></span> <span class='ocrx_word' id='word_1_101' title='bbox 132 1798 270 1864; x_wconf 82' lang='lat' dir='ltr'><strong>Liberali</strong></span> <span class='ocrx_word' id='word_1_102' title='bbox 282 1800 322 1864; x_wconf 93' lang='lat' dir='ltr'><strong>de</strong></span> <span class='ocrx_word' id='word_1_103' title='bbox 340 1801 401 1864; x_wconf 91' lang='lat' dir='ltr'><strong>bac</strong></span> <span class='ocrx_word' id='word_1_104' title='bbox 414 1818 451 1866; x_wconf 92' lang='lat' dir='ltr'><strong>re</strong></span> <span class='ocrx_word' id='word_1_105' title='bbox 465 1803 675 1866; x_wconf 89' lang='lat' dir='ltr'><strong>narrationes.</strong></span> <span class='ocrx_word' id='word_1_106' title='bbox 692 1799 866 1866; x_wconf 80' lang='lat' dir='ltr'><strong>Facundus</strong></span> <span class='ocrx_word' id='word_1_107' title='bbox 879 1800 976 1874; x_wconf 87' lang='lat' dir='ltr'><strong>euim,</strong></span> <span class='ocrx_word' id='word_1_108' title='bbox 992 1799 1095 1864; x_wconf 80' lang='lat' dir='ltr'><strong>veluti</strong></span> <span class='ocrx_word' id='word_1_109' title='bbox 1111 1815 1204 1882; x_wconf 61' lang='lat' dir='ltr'><strong>prae*</strong></span> 
     </span>
     <span class='ocr_line' id='line_1_15' title="bbox 93 1899 1205 1982; baseline 0.004 -22"><span class='ocrx_word' id='word_1_110' title='bbox 93 1901 281 1978; x_wconf 76' lang='lat' dir='ltr'><strong>notavimus,</strong></span> <span class='ocrx_word' id='word_1_111' title='bbox 307 1904 486 1966; x_wconf 86' lang='lat' dir='ltr'><strong>acerrimus</strong></span> <span class='ocrx_word' id='word_1_112' title='bbox 506 1901 656 1966; x_wconf 77' lang='lat' dir='ltr'><strong>defensor</strong></span> <span class='ocrx_word' id='word_1_113' title='bbox 686 1902 786 1966; x_wconf 89' lang='lat' dir='ltr'><strong>trium</strong></span> <span class='ocrx_word' id='word_1_114' title='bbox 807 1899 1048 1982; x_wconf 86' lang='lat' dir='ltr'><strong>Cupitnlorum,</strong></span> <span class='ocrx_word' id='word_1_115' title='bbox 1078 1901 1139 1966; x_wconf 86' lang='lat' dir='ltr'><strong>bac</strong></span> <span class='ocrx_word' id='word_1_116' title='bbox 1158 1900 1205 1966; x_wconf 87' lang='lat' dir='ltr'><strong>lu·</strong></span> 
     </span>
    </p>
   </div>
   <div class='ocr_carea' id='block_1_5' title="bbox 91 1999 1331 2082">
    <p class='ocr_par' dir='ltr' id='par_1_6' title="bbox 91 1999 1331 2082">
     <span class='ocr_line' id='line_1_16' title="bbox 91 1999 1331 2082; baseline 0.002 -20"><span class='ocrx_word' id='word_1_117' title='bbox 91 2009 188 2065; x_wconf 85' lang='lat' dir='ltr'><strong>stante</strong></span> <span class='ocrx_word' id='word_1_118' title='bbox 208 2003 409 2082; x_wconf 85' lang='lat' dir='ltr'><strong>quaestione,</strong></span> <span class='ocrx_word' id='word_1_119' title='bbox 424 2003 613 2068; x_wconf 72' lang='lat' dir='ltr'><strong>ostendebat</strong></span> <span class='ocrx_word' id='word_1_120' title='bbox 634 2000 830 2078; x_wconf 75' lang='lat' dir='ltr'><strong>lastiniam,</strong></span> <span class='ocrx_word' id='word_1_121' title='bbox 850 2021 907 2066; x_wconf 90' lang='lat' dir='ltr'><strong>eos</strong></span> <span class='ocrx_word' id='word_1_122' title='bbox 926 2009 1039 2066; x_wconf 88' lang='lat' dir='ltr'><strong>contra</strong></span> <span class='ocrx_word' id='word_1_123' title='bbox 1062 2001 1121 2064; x_wconf 90' lang='lat' dir='ltr'><strong>tria</strong></span> <span class='ocrx_word' id='word_1_124' title='bbox 1143 1999 1205 2068; x_wconf 88' lang='lat' dir='ltr'><strong>Ga·</strong></span> <span class='ocrx_word' id='word_1_125' title='bbox 1324 2005 1331 2015; x_wconf 94' lang='lat'>&#39;</span> 
     </span>
    </p>
   </div>
   <div class='ocr_carea' id='block_1_6' title="bbox 89 2099 1207 4306">
    <p class='ocr_par' dir='ltr' id='par_1_7' title="bbox 89 2099 1207 3091">
     <span class='ocr_line' id='line_1_17' title="bbox 91 2099 1207 2185; baseline 0.004 -23"><span class='ocrx_word' id='word_1_126' title='bbox 91 2101 185 2182; x_wconf 81' lang='lat' dir='ltr'><strong>pilula</strong></span> <span class='ocrx_word' id='word_1_127' title='bbox 206 2103 421 2179; x_wconf 82' lang='lat' dir='ltr'><strong>decertantes,</strong></span> <span class='ocrx_word' id='word_1_128' title='bbox 439 2123 480 2168; x_wconf 81' lang='lat' dir='ltr'><strong>ea</strong></span> <span class='ocrx_word' id='word_1_129' title='bbox 502 2105 566 2169; x_wconf 86' lang='lat' dir='ltr'><strong>illis</strong></span> <span class='ocrx_word' id='word_1_130' title='bbox 586 2123 655 2171; x_wconf 91' lang='lat' dir='ltr'><strong>esso</strong></span> <span class='ocrx_word' id='word_1_131' title='bbox 675 2106 809 2170; x_wconf 84' lang='lat' dir='ltr'><strong>lateater</strong></span> <span class='ocrx_word' id='word_1_132' title='bbox 836 2099 982 2185; x_wconf 81' lang='lat' dir='ltr'><strong>Origeair</strong></span> <span class='ocrx_word' id='word_1_133' title='bbox 1002 2103 1115 2184; x_wconf 81' lang='lat' dir='ltr'><strong>dogma</strong></span> <span class='ocrx_word' id='word_1_134' title='bbox 1130 2120 1207 2183; x_wconf 85' lang='lat' dir='ltr'><strong>pro·</strong></span> 
     </span>
     <span class='ocr_line' id='line_1_18' title="bbox 90 2202 1203 2288; baseline 0.003 -25"><span class='ocrx_word' id='word_1_135' title='bbox 90 2202 185 2284; x_wconf 69' lang='lat' dir='ltr'><strong>(essia,</strong></span> <span class='ocrx_word' id='word_1_136' title='bbox 207 2205 304 2286; x_wconf 78' lang='lat' dir='ltr'><strong>cnjus</strong></span> <span class='ocrx_word' id='word_1_137' title='bbox 326 2204 592 2286; x_wconf 88' lang='lat' dir='ltr'><strong>tamcuOrigenis</strong></span> <span class='ocrx_word' id='word_1_138' title='bbox 609 2224 739 2270; x_wconf 87' lang='lat' dir='ltr'><strong>errores</strong></span> <span class='ocrx_word' id='word_1_139' title='bbox 758 2205 826 2288; x_wconf 84' lang='lat' dir='ltr'><strong>jam</strong></span> <span class='ocrx_word' id='word_1_140' title='bbox 848 2205 1015 2269; x_wconf 88' lang='lat' dir='ltr'><strong>damnatos</strong></span> <span class='ocrx_word' id='word_1_141' title='bbox 1029 2221 1099 2268; x_wconf 87' lang='lat' dir='ltr'><strong>essa</strong></span> <span class='ocrx_word' id='word_1_142' title='bbox 1112 2203 1203 2280; x_wconf 89' lang='lat' dir='ltr'><strong>dicit,</strong></span> 
     </span>
     <span class='ocr_line' id='line_1_19' title="bbox 91 2303 1205 2390; baseline 0 -22"><span class='ocrx_word' id='word_1_143' title='bbox 91 2305 227 2385; x_wconf 87' lang='lat' dir='ltr'><strong>ejusdem</strong></span> <span class='ocrx_word' id='word_1_144' title='bbox 244 2304 453 2386; x_wconf 86' lang='lat' dir='ltr'><strong>imperatoris</strong></span> <span class='ocrx_word' id='word_1_145' title='bbox 468 2306 624 2390; x_wconf 86' lang='lat' dir='ltr'><strong>religione</strong></span> <span class='ocrx_word' id='word_1_146' title='bbox 644 2307 803 2372; x_wconf 76' lang='lat' dir='ltr'><strong>instanter</strong></span> <span class='ocrx_word' id='word_1_147' title='bbox 819 2326 837 2366; x_wconf 85' lang='lat' dir='ltr'><strong>u</strong></span> <span class='ocrx_word' id='word_1_148' title='bbox 851 2303 893 2368; x_wconf 78' lang='lat' dir='ltr'><strong>Et</strong></span> <span class='ocrx_word' id='word_1_149' title='bbox 905 2303 997 2386; x_wconf 79' lang='lat' dir='ltr'><strong>quio,</strong></span> <span class='ocrx_word' id='word_1_150' title='bbox 1012 2303 1128 2384; x_wconf 89' lang='lat' dir='ltr'><strong>iuquit,</strong></span> <span class='ocrx_word' id='word_1_151' title='bbox 1146 2318 1205 2384; x_wconf 86' lang='lat' dir='ltr'><strong>par·</strong></span> 
     </span>
     <span class='ocr_line' id='line_1_20' title="bbox 89 2401 1207 2488; baseline 0.004 -24"><span class='ocrx_word' id='word_1_152' title='bbox 89 2401 272 2468; x_wconf 80' lang='lat' dir='ltr'><strong>iactantiore</strong></span> <span class='ocrx_word' id='word_1_153' title='bbox 300 2414 373 2468; x_wconf 83' lang='lat' dir='ltr'><strong>tuuc</strong></span> <span class='ocrx_word' id='word_1_154' title='bbox 401 2403 567 2484; x_wconf 79' lang='lat' dir='ltr'><strong>religionis</strong></span> <span class='ocrx_word' id='word_1_155' title='bbox 587 2406 726 2488; x_wconf 76' lang='lat' dir='ltr'><strong>ejusdem</strong></span> <span class='ocrx_word' id='word_1_156' title='bbox 753 2403 887 2488; x_wconf 65' lang='lat' dir='ltr'><strong>prosam</strong></span> <span class='ocrx_word' id='word_1_157' title='bbox 906 2403 1063 2488; x_wconf 80' lang='lat' dir='ltr'><strong>dogmatis</strong></span> <span class='ocrx_word' id='word_1_158' title='bbox 1089 2401 1207 2470; x_wconf 80' lang='lat' dir='ltr'><strong>iterate</strong></span> 
     </span>
     <span class='ocr_line' id='line_1_21' title="bbox 89 2503 1206 2588; baseline 0.001 -21"><span class='ocrx_word' id='word_1_159' title='bbox 89 2505 243 2568; x_wconf 67' lang='lat' dir='ltr'><strong>domnulo</strong></span> <span class='ocrx_word' id='word_1_160' title='bbox 264 2512 311 2569; x_wconf 84' lang='lat' dir='ltr'><strong>eat</strong></span> <span class='ocrx_word' id='word_1_161' title='bbox 338 2515 393 2568; x_wconf 88' lang='lat' dir='ltr'><strong>ete.</strong></span> <span class='ocrx_word' id='word_1_162' title='bbox 410 2526 427 2564; x_wconf 79' lang='lat' dir='ltr'><strong>r</strong></span> <span class='ocrx_word' id='word_1_163' title='bbox 444 2506 526 2572; x_wconf 88' lang='lat' dir='ltr'><strong>llinc</strong></span> <span class='ocrx_word' id='word_1_164' title='bbox 548 2507 649 2587; x_wconf 84' lang='lat' dir='ltr'><strong>videa,</strong></span> <span class='ocrx_word' id='word_1_165' title='bbox 671 2507 861 2573; x_wconf 81' lang='lat' dir='ltr'><strong>Facundum</strong></span> <span class='ocrx_word' id='word_1_166' title='bbox 891 2525 955 2571; x_wconf 92' lang='lat' dir='ltr'><strong>uon</strong></span> <span class='ocrx_word' id='word_1_167' title='bbox 974 2506 1066 2588; x_wconf 81' lang='lat' dir='ltr'><strong>loqui</strong></span> <span class='ocrx_word' id='word_1_168' title='bbox 1088 2504 1129 2569; x_wconf 91' lang='lat' dir='ltr'><strong>de</strong></span> <span class='ocrx_word' id='word_1_169' title='bbox 1148 2503 1206 2568; x_wconf 92' lang='lat' dir='ltr'><strong>da·</strong></span> 
     </span>
     <span class='ocr_line' id='line_1_22' title="bbox 92 2603 1205 2692; baseline 0.003 -25"><span class='ocrx_word' id='word_1_170' title='bbox 92 2609 244 2674; x_wconf 83' lang='lat' dir='ltr'><strong>nuatione</strong></span> <span class='ocrx_word' id='word_1_171' title='bbox 266 2609 516 2688; x_wconf 78' lang='lat' dir='ltr'><strong>origenistarum</strong></span> <span class='ocrx_word' id='word_1_172' title='bbox 547 2607 580 2672; x_wconf 89' lang='lat' dir='ltr'><strong>in</strong></span> <span class='ocrx_word' id='word_1_173' title='bbox 600 2610 731 2692; x_wconf 82' lang='lat' dir='ltr'><strong>Synodo</strong></span> <span class='ocrx_word' id='word_1_174' title='bbox 758 2607 1116 2688; x_wconf 87' lang='lat' dir='ltr'><strong>constantinopolitana,</strong></span> <span class='ocrx_word' id='word_1_175' title='bbox 1147 2603 1205 2670; x_wconf 91' lang='lat' dir='ltr'><strong>sed</strong></span> 
     </span>
     <span class='ocr_line' id='line_1_23' title="bbox 91 2705 1205 2790; baseline 0.005 -22"><span class='ocrx_word' id='word_1_176' title='bbox 91 2705 118 2768; x_wconf 90' lang='lat' dir='ltr'><strong>in</strong></span> <span class='ocrx_word' id='word_1_177' title='bbox 136 2709 337 2784; x_wconf 83' lang='lat' dir='ltr'><strong>antiochena,</strong></span> <span class='ocrx_word' id='word_1_178' title='bbox 354 2710 408 2774; x_wconf 89' lang='lat' dir='ltr'><strong>ubi</strong></span> <span class='ocrx_word' id='word_1_179' title='bbox 426 2711 493 2790; x_wconf 88' lang='lat' dir='ltr'><strong>ipse</strong></span> <span class='ocrx_word' id='word_1_180' title='bbox 511 2710 590 2776; x_wconf 88' lang='lat' dir='ltr'><strong>dicit</strong></span> <span class='ocrx_word' id='word_1_181' title='bbox 603 2710 772 2776; x_wconf 86' lang='lat' dir='ltr'><strong>decretum</strong></span> <span class='ocrx_word' id='word_1_182' title='bbox 793 2729 862 2774; x_wconf 89' lang='lat' dir='ltr'><strong>esse</strong></span> <span class='ocrx_word' id='word_1_183' title='bbox 875 2710 1045 2776; x_wconf 87' lang='lat' dir='ltr'><strong>anatbcmu</strong></span> <span class='ocrx_word' id='word_1_184' title='bbox 1060 2710 1092 2772; x_wconf 92' lang='lat' dir='ltr'><strong>ib</strong></span> <span class='ocrx_word' id='word_1_185' title='bbox 1107 2723 1205 2789; x_wconf 64' lang='lat' dir='ltr'><strong>quoe</strong></span> 
     </span>
     <span class='ocr_line' id='line_1_24' title="bbox 92 2803 1206 2892; baseline 0.004 -26"><span class='ocrx_word' id='word_1_186' title='bbox 92 2803 158 2870; x_wconf 88' lang='lat' dir='ltr'><strong>dam</strong></span> <span class='ocrx_word' id='word_1_187' title='bbox 180 2809 354 2874; x_wconf 83' lang='lat' dir='ltr'><strong>monachos</strong></span> <span class='ocrx_word' id='word_1_188' title='bbox 383 2809 582 2890; x_wconf 86' lang='lat' dir='ltr'><strong>origenistas.</strong></span> <span class='ocrx_word' id='word_1_189' title='bbox 616 2809 719 2892; x_wconf 84' lang='lat' dir='ltr'><strong>Cujus</strong></span> <span class='ocrx_word' id='word_1_190' title='bbox 740 2809 873 2876; x_wconf 88' lang='lat' dir='ltr'><strong>Concilli</strong></span> <span class='ocrx_word' id='word_1_191' title='bbox 895 2816 967 2874; x_wconf 87' lang='lat' dir='ltr'><strong>acta</strong></span> <span class='ocrx_word' id='word_1_192' title='bbox 989 2807 1104 2874; x_wconf 90' lang='lat' dir='ltr'><strong>deiude</strong></span> <span class='ocrx_word' id='word_1_193' title='bbox 1121 2805 1206 2873; x_wconf 86' lang='lat' dir='ltr'><strong>Cen·</strong></span> 
     </span>
     <span class='ocr_line' id='line_1_25' title="bbox 91 2907 1205 2990; baseline 0.004 -22"><span class='ocrx_word' id='word_1_194' title='bbox 91 2909 321 2990; x_wconf 86' lang='lat' dir='ltr'><strong>stantiuopolirn</strong></span> <span class='ocrx_word' id='word_1_195' title='bbox 343 2910 497 2976; x_wconf 88' lang='lat' dir='ltr'><strong>translata</strong></span> <span class='ocrx_word' id='word_1_196' title='bbox 523 2909 658 2976; x_wconf 86' lang='lat' dir='ltr'><strong>suntad</strong></span> <span class='ocrx_word' id='word_1_197' title='bbox 679 2908 909 2988; x_wconf 84' lang='lat' dir='ltr'><strong>lastinianum,</strong></span> <span class='ocrx_word' id='word_1_198' title='bbox 932 2917 970 2976; x_wconf 94' lang='lat' dir='ltr'><strong>nt</strong></span> <span class='ocrx_word' id='word_1_199' title='bbox 989 2908 1108 2976; x_wconf 78' lang='lat' dir='ltr'><strong>ebdom</strong></span> <span class='ocrx_word' id='word_1_200' title='bbox 1127 2907 1205 2975; x_wconf 91' lang='lat' dir='ltr'><strong>aub-</strong></span> 
     </span>
     <span class='ocr_line' id='line_1_26' title="bbox 92 3008 529 3091; baseline 0.009 -23"><span class='ocrx_word' id='word_1_201' title='bbox 92 3008 240 3072; x_wconf 89' lang='lat' dir='ltr'><strong>scriberet</strong></span> <span class='ocrx_word' id='word_1_202' title='bbox 251 3030 264 3088; x_wconf 88' lang='lat'>;</span> <span class='ocrx_word' id='word_1_203' title='bbox 285 3009 325 3074; x_wconf 90' lang='lat' dir='ltr'><strong>de</strong></span> <span class='ocrx_word' id='word_1_204' title='bbox 345 3028 412 3091; x_wconf 82' lang='lat' dir='ltr'><strong>qno</strong></span> <span class='ocrx_word' id='word_1_205' title='bbox 433 3010 529 3075; x_wconf 84' lang='lat' dir='ltr'><strong>intra.</strong></span> 
     </span>
    </p>

    <p class='ocr_par' dir='ltr' id='par_1_8' title="bbox 91 3106 1206 4306">
     <span class='ocr_line' id='line_1_27' title="bbox 162 3106 1205 3176; baseline 0.002 -4"><span class='ocrx_word' id='word_1_206' title='bbox 162 3107 332 3174; x_wconf 86' lang='lat' dir='ltr'><strong>Liberatus</strong></span> <span class='ocrx_word' id='word_1_207' title='bbox 355 3129 433 3175; x_wconf 84' lang='lat' dir='ltr'><strong>vern</strong></span> <span class='ocrx_word' id='word_1_208' title='bbox 455 3109 597 3176; x_wconf 84' lang='lat' dir='ltr'><strong>Facundi</strong></span> <span class='ocrx_word' id='word_1_209' title='bbox 627 3113 736 3176; x_wconf 89' lang='lat' dir='ltr'><strong>socius</strong></span> <span class='ocrx_word' id='word_1_210' title='bbox 759 3111 791 3175; x_wconf 90' lang='lat' dir='ltr'><strong>ic</strong></span> <span class='ocrx_word' id='word_1_211' title='bbox 813 3109 996 3176; x_wconf 80' lang='lat' dir='ltr'><strong>detonsione</strong></span> <span class='ocrx_word' id='word_1_212' title='bbox 1024 3109 1124 3174; x_wconf 90' lang='lat' dir='ltr'><strong>trium</strong></span> <span class='ocrx_word' id='word_1_213' title='bbox 1144 3106 1205 3176; x_wconf 82' lang='lat' dir='ltr'><strong>(lc-</strong></span> 
     </span>
     <span class='ocr_line' id='line_1_28' title="bbox 91 3207 1204 3293; baseline 0.005 -25"><span class='ocrx_word' id='word_1_214' title='bbox 91 3207 264 3286; x_wconf 87' lang='lat' dir='ltr'><strong>pitnlorum</strong></span> <span class='ocrx_word' id='word_1_215' title='bbox 286 3211 367 3275; x_wconf 90' lang='lat' dir='ltr'><strong>baec</strong></span> <span class='ocrx_word' id='word_1_216' title='bbox 386 3211 498 3276; x_wconf 89' lang='lat' dir='ltr'><strong>eadem</strong></span> <span class='ocrx_word' id='word_1_217' title='bbox 528 3211 730 3293; x_wconf 85' lang='lat' dir='ltr'><strong>praeclarius</strong></span> <span class='ocrx_word' id='word_1_218' title='bbox 751 3217 864 3276; x_wconf 86' lang='lat' dir='ltr'><strong>narrat</strong></span> <span class='ocrx_word' id='word_1_219' title='bbox 893 3227 1050 3286; x_wconf 86' lang='lat' dir='ltr'><strong>asserens,</strong></span> <span class='ocrx_word' id='word_1_220' title='bbox 1073 3208 1204 3288; x_wconf 87' lang='lat' dir='ltr'><strong>Pelagio</strong></span> 
     </span>
     <span class='ocr_line' id='line_1_29' title="bbox 93 3307 1206 3394; baseline 0.004 -25"><span class='ocrx_word' id='word_1_221' title='bbox 93 3307 220 3374; x_wconf 85' lang='lat' dir='ltr'><strong>disoeno</strong></span> <span class='ocrx_word' id='word_1_222' title='bbox 251 3313 464 3394; x_wconf 85' lang='lat' dir='ltr'><strong>apocrisiario</strong></span> <span class='ocrx_word' id='word_1_223' title='bbox 485 3312 650 3380; x_wconf 81' lang='lat' dir='ltr'><strong>Romanae</strong></span> <span class='ocrx_word' id='word_1_224' title='bbox 665 3311 831 3376; x_wconf 83' lang='lat' dir='ltr'><strong>Ecclesiae</strong></span> <span class='ocrx_word' id='word_1_225' title='bbox 844 3311 885 3374; x_wconf 89' lang='lat' dir='ltr'><strong>ab</strong></span> <span class='ocrx_word' id='word_1_226' title='bbox 896 3310 1066 3376; x_wconf 70' lang='lat' dir='ltr'><strong>Antiochia</strong></span> <span class='ocrx_word' id='word_1_227' title='bbox 1080 3317 1114 3375; x_wconf 91' lang='lat' dir='ltr'><strong>et</strong></span> <span class='ocrx_word' id='word_1_228' title='bbox 1128 3307 1206 3374; x_wconf 85' lang='lat' dir='ltr'><strong>llic-</strong></span> 
     </span>
     <span class='ocr_line' id='line_1_30' title="bbox 92 3409 1204 3495; baseline 0.001 -22"><span class='ocrx_word' id='word_1_229' title='bbox 92 3410 256 3495; x_wconf 75' lang='lat' dir='ltr'><strong>rosolymia</strong></span> <span class='ocrx_word' id='word_1_230' title='bbox 278 3414 398 3478; x_wconf 89' lang='lat' dir='ltr'><strong>reduce</strong></span> <span class='ocrx_word' id='word_1_231' title='bbox 419 3413 741 3494; x_wconf 82' lang='lat' dir='ltr'><strong>Constantinopolim,</strong></span> <span class='ocrx_word' id='word_1_232' title='bbox 764 3413 938 3478; x_wconf 90' lang='lat' dir='ltr'><strong>mnuacbos</strong></span> <span class='ocrx_word' id='word_1_233' title='bbox 959 3412 1117 3492; x_wconf 88' lang='lat' dir='ltr'><strong>quosdam</strong></span> <span class='ocrx_word' id='word_1_234' title='bbox 1129 3409 1204 3475; x_wconf 88' lang='lat' dir='ltr'><strong>Ori·</strong></span> 
     </span>
     <span class='ocr_line' id='line_1_31' title="bbox 92 3513 1205 3598; baseline 0.004 -24"><span class='ocrx_word' id='word_1_235' title='bbox 92 3513 171 3587; x_wconf 86' lang='lat' dir='ltr'><strong>genis</strong></span> <span class='ocrx_word' id='word_1_236' title='bbox 192 3514 335 3595; x_wconf 87' lang='lat' dir='ltr'><strong>capitula</strong></span> <span class='ocrx_word' id='word_1_237' title='bbox 357 3516 397 3579; x_wconf 91' lang='lat' dir='ltr'><strong>de</strong></span> <span class='ocrx_word' id='word_1_238' title='bbox 417 3516 510 3580; x_wconf 87' lang='lat' dir='ltr'><strong>libris</strong></span> <span class='ocrx_word' id='word_1_239' title='bbox 531 3515 676 3598; x_wconf 73' lang='lat' dir='ltr'><strong>eiusdem</strong></span> <span class='ocrx_word' id='word_1_240' title='bbox 702 3523 856 3596; x_wconf 86' lang='lat' dir='ltr'><strong>excerpta</strong></span> <span class='ocrx_word' id='word_1_241' title='bbox 879 3519 1058 3596; x_wconf 85' lang='lat' dir='ltr'><strong>portantes,</strong></span> <span class='ocrx_word' id='word_1_242' title='bbox 1080 3513 1205 3578; x_wconf 85' lang='lat' dir='ltr'><strong>venisse</strong></span> 
     </span>
     <span class='ocr_line' id='line_1_32' title="bbox 91 3607 1205 3695; baseline 0.004 -24"><span class='ocrx_word' id='word_1_243' title='bbox 91 3607 127 3668; x_wconf 87' lang='lat' dir='ltr'><strong>ad</strong></span> <span class='ocrx_word' id='word_1_244' title='bbox 147 3611 252 3691; x_wconf 86' lang='lat' dir='ltr'><strong>ipsum</strong></span> <span class='ocrx_word' id='word_1_245' title='bbox 286 3612 451 3694; x_wconf 76' lang='lat' dir='ltr'><strong>Pelagium</strong></span> <span class='ocrx_word' id='word_1_246' title='bbox 474 3618 505 3680; x_wconf 90' lang='lat' dir='ltr'><strong>iu</strong></span> <span class='ocrx_word' id='word_1_247' title='bbox 528 3613 691 3682; x_wconf 89' lang='lat' dir='ltr'><strong>Comitatu</strong></span> <span class='ocrx_word' id='word_1_248' title='bbox 713 3614 858 3680; x_wconf 85' lang='lat' dir='ltr'><strong>volentes</strong></span> <span class='ocrx_word' id='word_1_249' title='bbox 878 3633 976 3695; x_wconf 88' lang='lat' dir='ltr'><strong>agere</strong></span> <span class='ocrx_word' id='word_1_250' title='bbox 995 3612 1081 3693; x_wconf 86' lang='lat' dir='ltr'><strong>apud</strong></span> <span class='ocrx_word' id='word_1_251' title='bbox 1102 3611 1205 3678; x_wconf 78' lang='lat' dir='ltr'><strong>lusti·</strong></span> 
     </span>
     <span class='ocr_line' id='line_1_33' title="bbox 92 3709 1204 3797; baseline 0.008 -30"><span class='ocrx_word' id='word_1_252' title='bbox 92 3709 229 3788; x_wconf 84' lang='lat' dir='ltr'><strong>sianum,</strong></span> <span class='ocrx_word' id='word_1_253' title='bbox 253 3722 291 3778; x_wconf 92' lang='lat' dir='ltr'><strong>ut</strong></span> <span class='ocrx_word' id='word_1_254' title='bbox 309 3715 466 3796; x_wconf 83' lang='lat' dir='ltr'><strong>Origenes</strong></span> <span class='ocrx_word' id='word_1_255' title='bbox 489 3716 700 3781; x_wconf 87' lang='lat' dir='ltr'><strong>damnaretur</strong></span> <span class='ocrx_word' id='word_1_256' title='bbox 720 3734 795 3784; x_wconf 86' lang='lat' dir='ltr'><strong>cunr</strong></span> <span class='ocrx_word' id='word_1_257' title='bbox 816 3717 879 3780; x_wconf 91' lang='lat' dir='ltr'><strong>illis</strong></span> <span class='ocrx_word' id='word_1_258' title='bbox 900 3715 1063 3797; x_wconf 89' lang='lat' dir='ltr'><strong>capitulis.</strong></span> <span class='ocrx_word' id='word_1_259' title='bbox 1086 3713 1130 3780; x_wconf 81' lang='lat' dir='ltr'><strong>Et</strong></span> <span class='ocrx_word' id='word_1_260' title='bbox 1148 3712 1204 3777; x_wconf 85' lang='lat' dir='ltr'><strong>ad-</strong></span> 
     </span>
     <span class='ocr_line' id='line_1_34' title="bbox 91 3809 1205 3898; baseline 0.007 -26"><span class='ocrx_word' id='word_1_261' title='bbox 91 3809 134 3874; x_wconf 90' lang='lat' dir='ltr'><strong>dit</strong></span> <span class='ocrx_word' id='word_1_262' title='bbox 152 3833 192 3878; x_wconf 83' lang='lat' dir='ltr'><strong>ex</strong></span> <span class='ocrx_word' id='word_1_263' title='bbox 223 3813 344 3896; x_wconf 83' lang='lat' dir='ltr'><strong>Pelagii</strong></span> <span class='ocrx_word' id='word_1_264' title='bbox 366 3824 398 3881; x_wconf 89' lang='lat' dir='ltr'><strong>et</strong></span> <span class='ocrx_word' id='word_1_265' title='bbox 418 3815 556 3881; x_wconf 85' lang='lat' dir='ltr'><strong>llcuuae</strong></span> <span class='ocrx_word' id='word_1_266' title='bbox 585 3818 706 3896; x_wconf 88' lang='lat' dir='ltr'><strong>studio,</strong></span> <span class='ocrx_word' id='word_1_267' title='bbox 732 3818 962 3898; x_wconf 87' lang='lat' dir='ltr'><strong>imperatorem</strong></span> <span class='ocrx_word' id='word_1_268' title='bbox 993 3816 1205 3882; x_wconf 81' lang='lat' dir='ltr'><strong>anathemati·</strong></span> 
     </span>
     <span class='ocr_line' id='line_1_35' title="bbox 92 3913 1205 3998; baseline 0.008 -27"><span class='ocrx_word' id='word_1_269' title='bbox 92 3927 174 3976; x_wconf 84' lang='lat' dir='ltr'><strong>rasse</strong></span> <span class='ocrx_word' id='word_1_270' title='bbox 195 3913 306 3978; x_wconf 85' lang='lat' dir='ltr'><strong>eadem</strong></span> <span class='ocrx_word' id='word_1_271' title='bbox 328 3917 492 3997; x_wconf 82' lang='lat' dir='ltr'><strong>capitula3</strong></span> <span class='ocrx_word' id='word_1_272' title='bbox 515 3920 568 3982; x_wconf 93' lang='lat' dir='ltr'><strong>cui</strong></span> <span class='ocrx_word' id='word_1_273' title='bbox 589 3919 786 3982; x_wconf 81' lang='lat' dir='ltr'><strong>anathemati</strong></span> <span class='ocrx_word' id='word_1_274' title='bbox 815 3919 926 3997; x_wconf 88' lang='lat' dir='ltr'><strong>ctiam,</strong></span> <span class='ocrx_word' id='word_1_275' title='bbox 947 3919 1005 3998; x_wconf 85' lang='lat' dir='ltr'><strong>qui</strong></span> <span class='ocrx_word' id='word_1_276' title='bbox 1026 3915 1205 3982; x_wconf 82' lang='lat' dir='ltr'><strong>Constanti·</strong></span> 
     </span>
     <span class='ocr_line' id='line_1_36' title="bbox 92 4014 1203 4097; baseline 0.007 -25"><span class='ocrx_word' id='word_1_277' title='bbox 92 4014 194 4091; x_wconf 91' lang='lat' dir='ltr'><strong>nopcli</strong></span> <span class='ocrx_word' id='word_1_278' title='bbox 225 4025 329 4092; x_wconf 89' lang='lat' dir='ltr'><strong>eraut,</strong></span> <span class='ocrx_word' id='word_1_279' title='bbox 351 4019 639 4097; x_wconf 88' lang='lat' dir='ltr'><strong>subscribentibus,</strong></span> <span class='ocrx_word' id='word_1_280' title='bbox 672 4020 832 4085; x_wconf 87' lang='lat' dir='ltr'><strong>directum</strong></span> <span class='ocrx_word' id='word_1_281' title='bbox 863 4037 933 4084; x_wconf 87' lang='lat' dir='ltr'><strong>esse</strong></span> <span class='ocrx_word' id='word_1_282' title='bbox 953 4020 1000 4083; x_wconf 89' lang='lat' dir='ltr'><strong>ait</strong></span> <span class='ocrx_word' id='word_1_283' title='bbox 1027 4017 1141 4082; x_wconf 87' lang='lat' dir='ltr'><strong>deindo</strong></span> <span class='ocrx_word' id='word_1_284' title='bbox 1162 4015 1203 4080; x_wconf 87' lang='lat' dir='ltr'><strong>ad</strong></span> 
     </span>
     <span class='ocr_line' id='line_1_37' title="bbox 91 4105 1203 4198; baseline 0.012 -28"><span class='ocrx_word' id='word_1_285' title='bbox 91 4105 239 4192; x_wconf 75' lang='lat' dir='ltr'><strong>vigilium</strong></span> <span class='ocrx_word' id='word_1_286' title='bbox 262 4115 394 4198; x_wconf 83' lang='lat' dir='ltr'><strong>Papam,</strong></span> <span class='ocrx_word' id='word_1_287' title='bbox 415 4117 453 4182; x_wconf 87' lang='lat' dir='ltr'><strong>ad</strong></span> <span class='ocrx_word' id='word_1_288' title='bbox 480 4117 702 4198; x_wconf 85' lang='lat' dir='ltr'><strong>Ephrremnm</strong></span> <span class='ocrx_word' id='word_1_289' title='bbox 741 4123 983 4197; x_wconf 83' lang='lat' dir='ltr'><strong>antiochenum,</strong></span> <span class='ocrx_word' id='word_1_290' title='bbox 1015 4127 1048 4185; x_wconf 92' lang='lat' dir='ltr'><strong>et</strong></span> <span class='ocrx_word' id='word_1_291' title='bbox 1068 4118 1203 4185; x_wconf 87' lang='lat' dir='ltr'><strong>Petrum</strong></span> 
     </span>
     <span class='ocr_line' id='line_1_38' title="bbox 92 4207 1201 4306; baseline 0.013 -34"><span class='ocrx_word' id='word_1_292' title='bbox 92 4207 418 4304; x_wconf 74' lang='lat' dir='ltr'><strong>hierosolymitanum.</strong></span> <span class='ocrx_word' id='word_1_293' title='bbox 442 4217 494 4284; x_wconf 84' lang='lat' dir='ltr'><strong>Ex</strong></span> <span class='ocrx_word' id='word_1_294' title='bbox 514 4219 577 4286; x_wconf 92' lang='lat' dir='ltr'><strong>boc</strong></span> <span class='ocrx_word' id='word_1_295' title='bbox 598 4221 778 4290; x_wconf 84' lang='lat' dir='ltr'><strong>testimonio</strong></span> <span class='ocrx_word' id='word_1_296' title='bbox 800 4221 924 4306; x_wconf 86' lang='lat' dir='ltr'><strong>pariter</strong></span> <span class='ocrx_word' id='word_1_297' title='bbox 943 4220 1067 4290; x_wconf 85' lang='lat' dir='ltr'><strong>institui</strong></span> <span class='ocrx_word' id='word_1_298' title='bbox 1088 4220 1201 4302; x_wconf 85' lang='lat' dir='ltr'><strong>nequit</strong></span> 
     </span>
    </p>
   </div>
   <div class='ocr_carea' id='block_1_7' title="bbox 0 0 1526 4940">
    <p class='ocr_par' dir='ltr' id='par_1_9' title="bbox 0 0 1526 4940">
     <span class='ocr_line' id='line_1_39' title="bbox 0 0 1526 4940; baseline 0 0"><span class='ocrx_word' id='word_1_299' title='bbox 0 0 1526 4940; x_wconf 95' lang='lat' dir='ltr'><strong> </strong></span> 
     </span>
    </p>
   </div>
  </div>
 </body>
</html>
