3138 4950
1102 457 1105 462 -
1210 409 1273 486 tm

149 521 226 600 .οιιὲ
244 541 300 604 prr
320 532 364 586 tot
379 537 482 584 occos
498 516 647 600 magister
663 517 820 583 Ecclesiae
839 519 919 601 snit:
930 519 990 600 qai
1002 517 1038 584 irr
1053 515 1198 582 Ecclesia
1216 516 1274 583 Co·

161 619 417 690 nicticoracem.
881 677 885 683 ,
985 665 988 672 .
1159 703 1161 708 Ι

240 724 461 802 Quamobrem
484 724 539 788 hte
560 731 744 803 opportuna
765 722 889 798 incidit,
902 721 991 805 qnod
1006 721 1157 788 Socrates
1177 720 1276 788 inhi·
1409 789 1411 794 ,

159 829 221 892 hro
241 825 314 890 Vll.
332 847 363 889 c.
385 823 482 890 XLV.
499 823 582 890 llist.
608 825 732 888 Erotes.
755 833 896 888 tractans
910 826 957 910 dn
973 825 1183 891 translatione
1203 817 1298 890 σοι’·1

7 892 12 924 ³
93 989 104 1004 ,
160 931 249 1012 perir
269 950 296 994 s.
313 927 446 996 loannis
463 927 685 1012 chrysostomi
706 927 747 989 ah
768 927 882 1004 exilio,
895 926 1001 1008 deque
1022 927 1168 1008 eiusdem
1189 945 1278 1014 rece·
1367 968 1370 974 ·

161 1035 271 1113 ptiooe
291 1035 323 1096 io
344 1029 617 1106 communionem,
638 1031 768 1094 scrihitr
787 1027 973 1094 «Ceterum
990 1029 1104 1094 hoc-in
1122 1028 1199 1094 loe‘o
1221 1031 1280 1093 mi·

162 1135 228 1197 rari
249 1132 350 1208 suhit,
365 1130 531 1212 quomodo
552 1130 676 1196 iccium
696 1132 753 1204 sit,
776 1139 813 1194 ut
833 1129 973 1195 insidiae
995 1130 1085 1194 liror
1103 1129 1279 1212 Origenem

162 1233 294 1313 quidem
323 1243 490 1296 mortuum
519 1230 706 1312 appetierit,
729 1229 849 1295 toroni
876 1247 956 1295 reso
977 1235 1172 1313 pepercerit.
1195 1229 1280 1295 Nam

163 1334 219 1398 ille
240 1334 372 1414 quidem
393 1333 574 1414 (Origenes)
595 1334 686 1396 annis
715 1333 848 1398 circiter
868 1333 1015 1397 ducentis
1035 1335 1076 1396 ah
1100 1335 1172 1414 ejus
1193 1349 1281 1396 mor·

165 1447 233 1500 ton
254 1433 434 1516 Theophilo
458 1437 759 1500 excommunicatus
779 1442 838 1526 ests.
851 1431 994 1516 'loannes
1012 1453 1091 1498 roro
1106 1443 1281 1516 post-mor·

165 1547 231 1602 tem
253 1539 367 1620 quinto
388 1545 421 1602 et
443 1539 639 1618 trigesimos
658 1535 776 1601 l'roclo
798 1544 949 1616 receptus
964 1544 1014 1602 est
1034 1539 1065 1600 io
1081 1538 1282 1602 communio·

163 1659 216 1702 ne.
238 1637 377 1704 Tantum
405 1640 578 1704 discrimen
599 1638 662 1703 tuit
683 1640 768 1702 inter
791 1636 900 1704 Procli
928 1657 1036 1704 mores
1056 1645 1156 1720 eique
1176 1636 1284 1704 Theo·

166 1742 256 1821 phili.
280 1740 403 1808 Verum
426 1743 505 1804 hooc
524 1759 590 1821 qna
613 1741 739 1805 ratione
765 1739 851 1806 tactu
871 1740 947 1818 sint,
969 1749 1002 1805 et
1022 1741 1169 1822 qnotidie
1190 1741 1280 1820 liunt,

167 1844 342 1926 prudentes
365 1843 452 1906 siros
474 1843 604 1907 minime
627 1843 717 1908 latet.
740 1861 758 1902 s

245 1943 371 2022 Quibus
398 1943 503 2010 rerhis
532 1945 722 2032 sententiam
742 1962 835 2010 suem
859 1945 947 2012 hand
970 1946 1109 2012 ohacnre
1130 1944 1284 2010 indicarit

166 2044 361 2123 Historious,
391 2047 478 2128 qnod
500 2047 651 2112 nimirum
673 2044 843 2126 Origenes,
866 2047 923 2128 qui
954 2065 1028 2111 enm
1052 2047 1171 2126 pietate
1202 2047 1284 2112 risit

166 2169 205 2212 ac
227 2151 277 2228 pio
300 2158 448 2213 mortuns
469 2156 528 2222 est,
548 2157 594 2210 tot
616 2150 704 2212 nonis
727 2157 798 2228 post
818 2149 943 2214 ohitnm
965 2150 1094 2231 elapsis,
1112 2150 1284 2214 damnatus

165 2254 245 2317 sita
278 2249 469 2332 Theophilo.
497 2249 592 2328 Quod
619 2261 729 2314 antem
755 2249 897 2320 toronen
922 2249 1174 2334 chrysostomos
1199 2269 1284 2316 anuo
1381 2267 1384 2274 ’

168 2356 448 2434 trigesimoqotmo
470 2360 542 2433 post
563 2357 700 2424 mortem
729 2351 909 2416 honorifice
930 2352 1087 2417 reductus
1101 2359 1156 2417 -est
1176 2353 1208 2416 in
1229 2370 1286 2435 pa·
1324 2348 1327 2356 '

171 2458 279 2532 triam,
303 2456 333 2518 id
357 2454 465 2520 Procli
487 2461 519 2518 et
540 2453 642 2535 plebis
663 2454 1029 2535 constantinopolitanae
1050 2457 1154 2519 umori
1176 2456 1287 2520 ethe-

168 2559 373 2622 nerolentiao
395 2558 507 2621 trihoit
527 2555 691 2634 Socrates,
712 2563 746 2622 et
766 2557 845 2622 tanti
878 2558 1020 2639 episcopi
1040 2559 1283 2630 sanctimoniae.

171 2659 212 2723 Et
231 2659 292 2724 iste
312 2670 359 2724 est
380 2657 533 2735 loannes,
549 2660 605 2740 qni
627 2659 765 2741 ingenue
784 2668 818 2723 et
838 2661 962 2741 integra
986 2661 1178 2726 conscientia
1199 2663 1286 2726 intes·

173 2762 295 2841 primos
319 2761 456 2826 viriiiter
476 2759 626 2843 Origeuis
648 2779 779 2826 causam
804 2763 995 2843 suscipiens,
1019 2763 1105 2828 hnnc
1119 2780 1190 2826 nnc
1212 2779 1289 2828 cnm

168 2865 333 2927 rrronechis
348 2863 565 2940 nitriensihus,
588 2882 652 2928 non
673 2863 874 2928 obstantibus
895 2851 1053 2928 adsersus
1066 2884 1100 2930 se
1120 2866 1288 2929 insimula-

173 2968 313 3030 tionibus
334 2975 365 3029 et
388 2968 493 3040 minis,
518 2965 680 3028 vindicare
700 2963 826 3028 studuit
846 2964 887 3026 oh
908 2964 1092 3029 invidorum
1114 2967 1233 3032 insidiis
1253 2975 1286 3032 et

169 3069 211 3130 ah
232 3067 439 3146 improbitate
459 3063 640 3145 Theophili.

250 3168 460 3250 Quapropter
475 3169 638 3242 Socrates,
653 3166 772 3247 qnippe
787 3157 945 3245 g'ennince
965 3165 1111 3231 conscius
1133 3167 1288 3232 historiae

169 3280 336 3350 gestorum
359 3273 442 3337 inter
461 3269 678 3351 Theophilum
701 3275 733 3330 et
755 3264 919 3346 praelatos
939 3267 1114 3330 monachos
1135 3269 1174 3331 de
1196 3269 1287 3333 libris

170 3386 203 3437 ot
226 3393 360 3455 persono
382 3372 544 3454 Origenis,
567 3388 775 3450 summopere
798 3375 952 3445 restrum,
975 3387 994 3432 o
1014 3369 1153 3450 jndices,
1177 3355 1288 3451 po'stn·

172 3478 219 3539 lut
240 3476 543 3553 considerationem,
566 3482 604 3540 nt
624 3471 822 3554 quaudoque
842 3472 1023 3551 agnoscetis
1037 3469 1209 3552 Origeuem
1233 3491 1287 3534 re·

173 3578 236 3642 lnti
259 3579 400 3642 alterum
420 3575 601 3659 losephnm
623 3577 665 3640 oh
688 3575 829 3640 iratrnm
850 3589 987 3637 snorum
1010 3573 1162 3638 invidiam
1181 3573 1289 3637 rendi-

175 3690 244 3742 tum
268 3680 365 3742 tuisse
390 3678 568 3754 ismaelitis,
591 3680 622 3743 in
655 3683 775 3740 terram
801 3676 940 3760 Aegypti
962 3675 1169 3750 translatum,
1191 3683 1291 3757 utque

172 3782 216 3844 ihi
237 3782 279 3844 ob
299 3781 495 3864 calumniam
525 3781 650 3844 carceri
672 3779 904 3857 mancipatum,
939 3779 1015 3860 inre
1044 3778 1227 3858 meritoque
1247 3777 1289 3840 ad

176 3901 233 3945 ros
256 3869 412 3972 clamare,
446 3883 627 3946 dicentem:
658 3882 734 3961 quin
758 3881 846 3944 insto
870 3880 1021 3944 snhlatns
1040 3897 1113 3943 snm
1139 3879 1289 3944 deterre

175 3982 408 4060 hebraeorum,
430 3985 513 4047 idest
532 3983 572 4046 de
587 3981 732 4047 Ecclesia
755 3981 812 4044 llei
824 4001 835 4060 3
852 3987 885 4044 et
905 3981 959 4045 htc
976 3981 1127 4045 innocens
1148 3983 1178 4042 in
1201 3989 1288 4044 tarra

175 4085 280 4148 ullone
302 4093 395 4149 estre
418 4085 505 4148 ovile
526 4080 644 4150 Christi
664 4083 731 4166 jum
753 4082 938 4164 quindecim
959 4082 1001 4146 uh
1022 4083 1095 4148 hinc
1115 4083 1233 4148 seculis
1255 4100 1289 4144 a·

174 4185 345 4250 mandatos
367 4185 425 4249 tot.
448 4182 573 4249 Bonum
588 4194 754 4248 certamen
775 4185 912 4259 certari,
930 4203 1064 4250 cursum
1087 4200 1291 4248 consumma·

175 4289 220 4361 ri,
245 4287 339 4351 iidem
369 4287 522 4350 serrari:
554 4287 763 4349 nihilominus
784 4284 825 4344 ab
847 4284 965 4348 invidia
992 4285 1232 4365 supplantatus,
1255 4291 1288 4348 ot

175 4405 192 4450 a
216 4387 554 4466 rotundissimum
576 4387 766 4470 ignominiae
788 4386 896 4448 lacum
918 4385 1062 4467 deiectus
1083 4406 1167 4452 sum.
