2982 4934
337 403 395 483 itt

243 563 247 570 .
337 513 490 590 Severus,
505 507 645 578 ioannes
661 509 961 598 Hierosolymorum
983 513 1164 595 episcopus,
1186 509 1365 588 Palladius,
1383 509 1429 576 hu·

338 631 504 691 eumenus,
527 613 670 680 Isidorus
687 614 860 690 Pelusium,
878 612 1080 678 innocentius
1097 612 1194 694 Papa,
1210 613 1367 694 Georgius
1386 631 1430 692 pr·

338 714 479 777 triorche
501 713 743 791 alexandrinus,
758 714 902 790 Phellos,
925 713 1046 794 aliique
1062 715 1154 794 (hine
1175 712 1247 778 inde
1267 710 1428 793 excerpta)

335 813 459 878 dehoc
485 816 553 897 ipsu
581 824 772 896 argumento
797 815 999 880 tradiderunt
1026 817 1212 896 posteritati.
1235 813 1325 878 llaec
1345 831 1428 896 porro

337 915 428 980 nohis
450 923 546 980 erunt
566 917 765 996 potissimum
786 919 1015 982 consideranda
1047 917 1149 981 relate
1169 916 1208 980 ad
1230 915 1335 994 illud,
1356 913 1429 997 qnod

335 1017 403 1095 ipse
423 1012 621 1098 Theophilus
635 1020 667 1082 in
688 1019 830 1100 praelate
848 1017 990 1099 Epistula
1012 1019 1157 1104 synodali
1178 1029 1308 1098 praeter
1326 1033 1429 1097 suppo·

336 1117 414 1180 sitos
434 1117 581 1199 Origenis
602 1139 731 1185 errores
752 1121 889 1202 adjecit:
915 1121 1069 1203 quodque
1089 1119 1255 1185 adversari
1278 1120 1430 1182 rideretur

336 1219 436 1298 ipsius
456 1217 626 1302 Theophili
654 1222 807 1302 periidiee
828 1223 859 1286 in
879 1221 1026 1303 Origenis
1046 1232 1079 1285 et
1108 1221 1355 1301 origenistarum
1375 1237 1430 1282 mu·

337 1319 515 1384 nocherum
537 1340 645 1386 censa.

418 1418 526 1504 Huius
547 1424 673 1488 interim
695 1424 813 1488 dissidii
834 1425 1006 1489 exordium
1026 1425 1068 1487 ah
1089 1423 1160 1488 aliis
1180 1421 1285 1489 mods
1305 1437 1430 1504 quana

336 1523 524 1609 quaestione
539 1525 578 1587 de
591 1523 739 1605 Origenis
756 1525 900 1588 doctrina
917 1525 1044 1589 videtur
1059 1522 1278 1604 repetendum.
1295 1520 1342 1586 hc
1355 1521 1428 1596 ideo,

336 1626 484 1705 quamvis
506 1625 725 1706 praelatorum
749 1627 883 1691 ultimus
906 1625 1062 1690 hahentur
1083 1625 1263 1706 Geurqins3
1285 1624 1325 1687 ah
1344 1625 1432 1704 ipsius

339 1736 444 1789 tamen
466 1729 668 1792 enarratione
695 1729 728 1790 in
751 1731 813 1792 rita
838 1725 1019 1792 sinuosis
1047 1725 1268 1810 chrysostomi
1297 1727 1431 1788 existimo

337 1828 462 1891 initiam
483 1847 622 1892 sumere.
652 1827 723 1910 ipse
745 1831 827 1892 euim
849 1848 927 1911 prae
947 1830 1062 1892 ceteris
1082 1829 1197 1892 sedulo
1217 1827 1324 1892 studio
1338 1844 1430 1892 ocor·
1486 1815 1487 1890 ζ

336 1929 441 1993 dinate
461 1930 614 1994 describit
634 1932 761 2006 omnia,
788 1949 873 2011 quse
893 1930 932 1995 ad
956 1933 1037 1997 hanc
1066 1932 1323 1995 infaustissimum
1344 1945 1431 2010 qnae·

336 2019 471 2095 silonem
492 2033 569 2096 iter
584 2042 771 2096 reserarunt
782 2053 794 2113 3
823 2031 909 2114 qnod
933 2034 1026 2097 valde
1055 2043 1166 2098 nostro
1187 2030 1332 2114 proficiet
1353 2031 1430 2094 insti·

341 2140 423 2197 tulo.

419 2229 635 2298 «Secundum
646 2253 683 2300 ea
697 2245 854 2317 tempora,
871 2237 927 2312 ait,
942 2237 991 2299 vir
999 2235 1131 2322 quidem
1147 2241 1218 2299 erai
1229 2232 1432 2298 Alexandriae

341 2333 469 2397 nomine
490 2334 633 2400 isidorus
654 2338 854 2400 ordinatione
878 2337 962 2402 beati
982 2355 1020 2400 oo
1043 2354 1118 2400 vere
1139 2336 1245 2415 magni
1266 2333 1429 2404 Athanasii,

339 2434 518 2519 presbyter,
535 2454 652 2501 annam
668 2457 763 2518 agens
784 2439 896 2502 sciatis
914 2440 1157 2519 octogesimum,
1179 2455 1276 2518 quem
1297 2451 1431 2498 romane

338 2552 411 2599 rum
432 2537 563 2618 plurimi
586 2539 815 2620 prohe'norsnt
834 2541 876 2604 oh
891 2559 1020 2604 cansam
1042 2550 1074 2603 et
1091 2540 1313 2603 tractationem
1332 2551 1431 2598 rernm

337 2637 641 2716 ecclesiasticarum,
663 2643 781 2722 qnippe
802 2642 858 2721 qui
879 2659 897 2706 a
921 2642 1030 2705 multis
1052 2649 1140 2705 reiro
1162 2638 1358 2720 temporibus
1376 2634 1431 2698 ilo·
1488 2653 1489 2716 p

338 2754 422 2799 mam
443 2740 587 2813 adiisset,
611 2743 857 2821 peregrinorum
878 2750 909 2806 et
930 2741 1091 2822 hospitam
1113 2739 1329 2804 Alexandriae
1349 2753 1432 2800 erre·

337 2848 420 2919 ptor.
452 2839 531 2905 Erat
551 2853 660 2906 eutem
690 2853 721 2907 et
744 2841 859 2907 Petrus
889 2844 1020 2923 quidam
1050 2841 1267 2906 Alexandriae
1292 2839 1431 2905 eccietlte

337 2941 505 3026 presbyter
525 2947 738 3024 primicerios.
774 2943 870 3008 lianc
891 2941 1089 3025 Theophilus
1111 2941 1197 3023 qood
1220 2942 1339 3006 iniense
1359 2939 1431 3002 udis·

335 3051 395 3116 set,
411 3045 621 3108 constituerat
641 3046 807 3108 eliminare
823 3047 967 3125 ingresso
988 3045 1154 3120 ecclesiae,
1172 3046 1305 3108 crimine
1327 3042 1371 3104 illi
1383 3037 1430 3102 oh-

332 3141 444 3222 jeetu,
467 3143 553 3223 quod
584 3144 754 3207 mulierem
786 3147 1013 3226 superstitione
1037 3147 1253 3208 manichaeam
1283 3141 1428 3226 quendam

335 3242 512 3322 adiuvisset
525 3244 564 3305 ad
576 3245 808 3343 susceptionem
824 3253 1111 3320 sacramentorum,
1125 3263 1208 3324 quse
1223 3246 1360 3308 nondum
1371 3239 1430 3320 eju·

337 3352 439 3406 resset
459 3345 716 3424 superstitiosam
738 3345 895 3408 haeresim
920 3347 1194 3409 manichaeornm.
1218 3343 1339 3408 Verum
1359 3341 1429 3404 enim

336 3444 499 3523 respoudit
521 3443 648 3522 Petrus,
671 3465 741 3508 eam
756 3449 1015 3527 superstitionem
1030 3449 1214 3528 reliquisse,
1229 3465 1329 3526 seque
1342 3447 1428 3525 ipsso

334 3547 497 3623 excepisse
518 3562 579 3607 non
609 3556 739 3624 praeter
760 3560 896 3612 mentem
918 3545 1089 3628 Theophili
1110 3557 1143 3610 et
1162 3547 1357 3611 seutentiam.
1377 3541 1429 3604 hs·

334 3647 473 3723 gerrime
495 3646 569 3710 tulii
590 3644 787 3727 Theophilus
810 3667 1019 3728 responsum,
1053 3656 1088 3712 ut
1109 3649 1165 3729 qni
1195 3648 1295 3710 videri
1317 3647 1428 3728 potent

333 3749 416 3809 hano
429 3748 601 3827 adornasse
615 3749 821 3826 columniam,
834 3750 959 3814 dicehai
971 3752 1067 3828 enim,
1080 3749 1168 3830 quod
1184 3748 1291 3810 iuerat
1304 3753 1425 3828 gestetis

334 3849 489 3912 neminem
512 3850 687 3912 rescivisse.
716 3849 881 3914 hdtersns
902 3852 1169 3916 calumniatorem
1187 3847 1310 3912 ·Petrns
1332 3853 1426 3909 testeo

332 3949 451 4012 citabat
473 3951 632 4015 isidorum
654 3970 789 4024 eorum,
811 3971 895 4031 qnae
916 3955 955 4014 de
977 3953 1113 4015 muliere
1135 3951 1266 4014 dixisset
1286 3941 1428 4024 Theophi-

333 4051 396 4113 lus.
419 4049 478 4114 Sed
502 4053 585 4114 euim
608 4053 664 4115 illu
687 4053 717 4114 iu
741 4063 885 4134 tempure
916 4056 1048 4134 contigit
1069 4052 1228 4116 isidorum
1264 4051 1427 4114 incivitate

333 4153 504 4232 imperiali,
527 4155 678 4215 nimirum
702 4151 847 4229 Rumee,
873 4155 968 4217 eitam
990 4156 1118 4235 degere.
1143 4149 1266 4216 Fueret
1285 4147 1425 4232 siquiden

332 4271 350 4315 tt
366 4249 546 4334 Theophllo
567 4255 635 4335 ipse
650 4253 840 4319 amendatos
859 4256 899 4320 sd
915 4249 1089 4322 Damasum
1106 4251 1229 4320 Romso
1243 4254 1422 4336 episcopeo,
