3138 4950
1174 397 1235 473 ihi

557 510 695 582 CAPUT
723 511 795 578 XX.

124 719 236 804 Vipiiii
249 720 355 804 Papae
368 720 442 801 fidei
461 717 641 800 immoriens,
656 718 739 782 oitae
757 713 908 797 prohitns,
924 713 1079 778 canoniea
1099 714 1157 778 ele·

161 826 234 904 etio,
256 844 373 890 munus
394 842 518 887 sarram
540 817 851 902 irreprehensibiliter
871 827 1016 882 exaesam
1035 817 1074 881 ah
1094 815 1159 881 ini·

161 932 207 994 tio
223 925 428 1008 Pontificatus
448 926 492 990 at
511 924 631 988 exitum
652 943 750 1005 usque
764 923 916 988 aduersus
930 918 1092 998 Facundi,
1106 918 1159 984 Li·

163 1029 264 1096 herati
273 1041 301 1095 et
315 1029 527 1095 recentiorum
538 1025 796 1092 insimulationes
806 1035 1069 1109 propupnontur.
1086 1040 1157 1105 pag.
1175 1018 1235 1092 25AE

551 1249 691 1321 CAPUT
719 1249 807 1318 XXI.

126 1455 265 1520 liberati
278 1453 426 1519 historiae
440 1455 475 1516 eie
491 1455 638 1536 Apapeti,
652 1452 782 1518 Siioerii
795 1465 823 1517 et
844 1453 952 1536 Vipiis'i
968 1453 1163 1535 Pontifiootu

165 1555 272 1620 ceteris
291 1555 428 1638 ejusdem
448 1555 561 1619 aetatis
579 1555 712 1620 satiatae
731 1553 931 1632 testimoniis,
952 1553 1080 1636 salsitas
1100 1572 1163 1617 un·

165 1657 258 1741 dique
277 1655 518 1736 comprobatur:
540 1675 639 1737 quare
658 1655 796 1738 amptius
816 1655 1004 1720 illustratur
1019 1654 1163 1736 proposi·

165 1769 232 1824 tum
258 1779 318 1842 pro
349 1759 488 1840 lepitimo
516 1757 616 1840 ipsius
646 1756 756 1837 Vipitii
784 1757 997 1840 assumptione
1019 1759 1053 1822 in
1074 1756 1165 1822 Petri

171 1860 357 1930 cathedram
360 1905 1099 1925 ...............
1143 1878 1160 1917 s
1181 1856 1242 1924 266

554 2079 694 2148 CAPUT
723 2079 826 2146 xxu.

128 2288 239 2370 Perpit
259 2287 412 2352 discussio
433 2291 470 2350 de
499 2284 655 2363 Liheroti,
675 2283 825 2349 Facundi
853 2296 881 2350 et
900 2283 1038 2352 aliorum
1058 2285 1166 2349 orimi-

85 2455 88 2462 ,
167 2390 349 2457 nationibus
368 2392 518 2453 adversus
541 2385 690 2469 Vipiiium
710 2387 845 2468 Papam,
867 2387 995 2470 ejusque
1013 2405 1165 2452 suecesso-

169 2513 234 2556 rem
258 2492 420 2574 Pelopiam
441 2489 469 2556 1.
492 2491 584 2574 ouius
604 2488 755 2553 memorio
773 2490 808 2553 oh
827 2488 926 2553 trium
944 2487 1164 2572 capitulorum

169 2594 375 2676 quaestionem
392 2593 519 2677 pariter
540 2589 728 2657 eonoeititur
748 2589 787 2654 ah
806 2588 1000 2656 aduersariis
1041 2636 1050 2654 .
1093 2637 1101 2653 .
1144 2587 1243 2660 »279

544 2815 684 2887 CAPUT
706 2816 828 2884 xxllt.

128 3021 269 3102 Eoeprii
282 3019 469 3089 scholastici
478 3033 506 3086 et
521 3022 634 3102 cyrilti
647 3021 800 3090 Monaehi
812 3021 1017 3086 narrationes
1031 3013 1181 3087 ostoun?

168 3135 222 3188 tur
241 3124 330 3188 eirea
349 3125 503 3188 Actorum
528 3121 648 3204 Spnodi
674 3123 703 3187 t.
725 3120 1020 3203 interpolationem·
1039 3132 1068 3185 et
1089 3120 1164 3186 Ori·

167 3226 255 3307 penis
277 3243 387 3289 nomen
409 3224 519 3289 eisdem
541 3227 628 3291 Artis
648 3225 809 3290 intrusum
829 3223 866 3288 in
886 3224 996 3288 odium
1011 3222 1165 3287 Theodori

171 3329 335 3393 Caesareae
356 3325 569 3410 Cappadociae
589 3326 724 3410 episcopi
733 3325 901 3409 praeripui
920 3324 1019 3390 trium
1038 3323 1165 3407 Capitu-

168 3432 270 3494 torum
291 3430 388 3495 hostis
410 3438 440 3494 et
459 3427 621 3494 doetrinae
650 3429 853 3510 aripenianoe
881 3427 1072 3493 orthodoxae
1088 3446 1164 3510 pro·

165 3531 355 3613 pupnatoris
368 3575 1101 3594 ...............
1145 3547 1162 3589 u
1182 3525 1244 3598 tot

545 3753 685 3822 CAPUT
707 3754 824 3820 XXiV.

124 3960 263 4042 Eouprii
282 3959 472 4026 sehotaseta·
492 3970 521 4024 et
545 3958 660 4041 corius·
680 3957 832 4026 Monaehi
848 3964 995 4028 narratio
1015 3965 1165 4032 adversus

167 4062 338 4126 nonnullos
357 4071 513 4142 tanquam
535 4059 683 4142 Oripenis
712 4059 833 4126 haeresi
862 4061 993 4143 insertos
1019 4065 1168 4130 eonaetti-

167 4175 222 4227 tar
242 4163 280 4226 ah
301 4161 378 4228 otiis
391 4162 561 4242 historicis,
583 4165 640 4245 qui
658 4161 831 4244 synchroni
850 4164 919 4229 eine
936 4165 1081 4247 partium
1100 4177 1168 4234 stu·

169 4265 223 4328 aio
244 4265 317 4332 haee
337 4267 442 4332 eadem
462 4275 689 4333 memorarunt:
704 4265 789 4331 unde
803 4265 1006 4332 sonetutimr
1024 4287 1089 4347 eos,
1109 4270 1168 4353 qui
