2994 4938
1092 347 1155 420 ‘299

465 453 604 523 CAPUT
626 451 726 520 XXV.

48 650 75 718 i.
92 647 251 736 ltnpniu·
270 665 297 720 et
311 655 498 738 Hierongsni
517 653 735 722 inoonstontio
755 653 792 718 in
808 652 954 736 &igonis
974 653 1157 736 diiuolioon·

84 755 126 818 do
144 757 305 836 doctrino:
318 759 349 826 2.
367 756 572 840 simplicitas,
586 765 620 820 ul
639 755 704 837 ipsi
725 755 834 838 aiunt,
847 775 982 837 quwusn
998 754 1156 822 Hooleaino

85 853 199 921 Potres
209 901 224 933 ,
246 861 310 922 sine
328 856 466 940 episeopi
493 857 640 940 Oripenis
658 854 780 938 seripto
800 855 950 938 noenu,
974 865 1048 920 onte
1066 855 1158 928 fitted

82 966 199 1038 eorpus
216 977 283 1024 non
301 959 587 1042 mnpreienders'nt
598 955 701 1039 ipsius
720 959 872 1040 msondos
885 975 1005 1020 ersom
1018 979 1026 1020 e
1040 956 1073 1022 3.
1095 975 1159 1022 oso·

84 1055 173 1120 dions
185 1058 318 1140 illorum
337 1079 501 1135 nunterun
522 1058 582 1141 ool
602 1057 771 1140 ilseoplilo
784 1069 813 1124 et
834 1058 1028 1139 Hieronymo
1048 1075 1158 1124 conoe·

83 1170 199 1225 mest
212 1162 365 1226 eornm
379 1155 558 1244 Oiipenens,
571 1160 743 1226 universim
761 1171 840 1226 tune
862 1179 941 1244 erpo
958 1162 1096 1224 eumden
1110 1159 1159 1224 ni·

83 1271 169 1343 gente
182 1262 314 1328 stadios
332 1256 575 1344 disponitur
594 1260 797 1328 insimulatio
814 1261 996 1344 origenistis
1020 1263 1059 1327 od
1072 1271 1160 1326 utro·

16 1345 27 1366 “
82 1381 139 1443 que
158 1361 285 1428 inlotos
299 1363 375 1428 loeo
391 1373 530 1446 owner
542 1363 650 1446 oopito
662 1363 813 1430 ultimum
826 1373 855 1428 et
872 1362 1071 1430 ineluetodile
1085 1379 1159 1428 oon·

83 1462 221 1528 stiterunt
241 1473 461 1546 mpumentusn
482 1463 644 1548 Tlsoplsili
663 1475 692 1530 et
715 1463 903 1546 ffieronpsni
924 1464 1109 1540 illusionis,
1130 1471 1160 1526 et

86 1561 233 1646 Origenis
251 1585 323 1632 run
332 1565 399 1630 suis
413 1563 574 1632 oiotorins.
1179 1546 1186 1568 ’

52 1703 244 1851 Postquam
269 1769 452 1852 diligentem
474 1772 641 1853 exegimus
670 1769 922 1852 disquisitionem
946 1771 978 1834 in
1000 1769 1159 1834 Anastasii

54 1865 152 1952 Papae
172 1871 294 1935 litteris
308 1871 347 1934 ad
362 1869 519 1936 loannem
541 1871 874 1957 hierosolymitnnum,
898 1879 932 1936 et
952 1871 1092 1952 amplius
1112 1871 1161 1934 hi·

53 1971 176 2036 storiam
198 1973 425 2053 percussimus
438 1972 699 2048 eeclesiasticam,
713 1973 847 2037 Petrum
876 1971 1100 2052 investigantes
1115 1969 1162 2034 di·

54 2071 100 2140 ota
117 2093 224 2154 nsque
246 2075 286 2136 sd
309 2075 473 2139 Gelasium
497 2073 637 2156 Papam:
671 2075 727 2139 ubi
748 2076 873 2138 nuliam
894 2075 1073 2138 invenimus
1095 2070 1161 2138 Ho-

55 2193 219 2242 mnnornm
241 2175 668 2260 Pontificumuoeyettum,
684 2194 743 2242 neo
763 2176 870 2241 nilum
890 2173 1088 2260 synodorum
1107 2173 1163 2238 de·

56 2285 173 2342 oretum
194 2279 355 2344 adsersus
377 2275 559 2355 Adamantii
580 2287 613 2342 et
631 2276 879 2357 origenistarum
901 2275 1084 2340 neeman:
1105 2272 1162 2338 sed

54 2397 90 2442 er
104 2380 255 2458 adverso,
270 2379 357 2458 unod
373 2389 465 2444 antee
486 2385 637 2462 putatum
657 2385 713 2443 ost¹
726 2377 767 2441 de
787 2375 984 2440 orthodoxia
998 2373 1160 2457 Origeuls,

54 2479 130 2544 iuter
148 2485 274 2564 priseos
295 2480 460 2546 Ecclesiae
483 2477 593 2545 Patres
615 2480 777 2555 honorati,
800 2477 914 2545 delude
935 2484 1006 2558 post
1020 2474 1163 2540 'dunste-

57 2581 131 2646 sinm
144 2585 370 2664 persensisse
390 2583 604 2648 ostendimnss
622 2580 847 2662 consequitor,
861 2578 949 2660 qnod
961 2584 1054 2642 antea
1070 2594 1163 2657 prae·

57 2683 119 2746 misi
134 2684 222 2748 eirea
242 2683 412 2766 originem,
425 2699 632 2764 progressum
643 2689 676 2747 et
689 2681 864 2762 genuinum
881 2679 980 2763 hujus
1001 2681 1164 2760 quaestio·

57 2783 99 2844 nis
117 2792 239 2850 statam
259 2785 368 2862 aliter,
384 2801 482 2865 qnam
503 2786 680 2866 generatim
695 2785 866 2864 hueusque
879 2797 1070 2862 persuasum
1087 2779 1162 2857 luit,

58 2901 246 2967 magnopere
267 2885 402 2950 firmari.

132 2986 173 3050 iit
187 2989 262 3068 quie
283 3005 346 3050 uon
367 2989 504 3065 putarit,
525 2985 640 3050 sedulo
661 2983 860 3068 perpendens
875 2991 945 3048 uota
967 2985 1000 3047 in
1018 2982 1165 3069 Aegypto

57 3093 86 3148 et
103 3085 376 3169 Constantinopoli
396 3105 416 3149 a
438 3085 620 3168 Theophiio
636 3087 676 3150 de
697 3085 862 3150 monachis
876 3084 1070 3166 Origonismi
1091 3085 1164 3147 insi·

58 3187 191 3266 maletis,
214 3189 309 3254 aienti
331 3187 566 3273 Hierosolymis
586 3188 627 3252 de
648 3187 786 3264 lunone,
803 3183 980 3250 et‘liomae
1001 3185 1039 3249 de
1063 3183 1164 3248 unffi·

58 3306 95 3353 no
114 3291 252 3374 ejusque
276 3293 391 3368 sociis,
414 3294 551 3356 instante
583 3289 805 3373 Hieronymo:
824 3289 896 3370 quis
918 3307 980 3353 non
1001 3289 1162 3368 cogitarit,

57 3389 134 3470 dieo,
150 3413 209 3458 neo
227 3393 355 3470 viderit,
371 3396 403 3458 in
424 3395 486 3458 inno
504 3391 655 3458 condicto
676 3407 880 3474 nequaqnam
899 3391 1163 3471 comprehensam

57 3490 145 3558 tuisse
165 3494 387 3577 quaestionem
408 3495 644 3576 dogmaticam,
666 3495 759 3574 qnasi
780 3494 1003 3572 disputaretur
1023 3491 1062 3554 de
1082 3506 1165 3570 quo·

58 3592 123 3658 dnm
144 3597 219 3662 fidei
249 3596 391 3662 articulo
421 3597 501 3676 (etsi
523 3593 721 3678 Theophilus
752 3603 784 3658 et
811 3591 1028 3676 Hieronymus
1058 3592 1164 3655 oonoti

57 3695 115 3758 sint
132 3697 171 3760 ed
195 3697 280 3762 istud
301 3713 459 3762 renouare
478 3695 723 3778 quaestionem)
753 3696 808 3758 sed
833 3711 944 3774 reapse
965 3693 1163 3773 disputantes

58 3809 110 3874 pro
124 3797 276 3878 Origene,
291 3815 326 3862 se
346 3815 380 3862 se
401 3798 595 3864 continuisse
615 3798 647 3860 io
668 3796 857 3876 quaestione
878 3793 1014 3872 eritioa3
1038 3803 1068 3857 et
1091 3791 1164 3856 irino

59 3895 150 3976 ipsam
164 3901 246 3964 adeo
263 3901 388 3964 varium
404 3900 534 3964 omnino
550 3899 753 3981 praeseferre
768 3896 1002 3972 characterem,
1019 3903 1056 3960 ut
1077 3894 1164 3976 quis·

60 3999 123 4075 quis
143 4019 205 4080 pro
232 4002 342 4067 lubitu
370 4019 432 4067 sno
453 4000 492 4066 de
517 4017 553 4065 eu
576 4010 706 4081 ageret,
728 3998 923 4078 disceptaret
952 4001 1020 4062 sive
1051 4006 1163 4060 contro

58 4098 119 4164 sire
139 4119 211 4183 pro,
227 4104 306 4186 quin
326 4104 496 4169 haereseos
518 4107 727 4184 argueretur,
742 4118 802 4165 neo
823 4099 979 4163 oiiimode
1001 4099 1165 4163 Eeelosino

59 4205 431 4285 interuenientem,
454 4221 513 4271 neo
532 4201 590 4268 Dei
608 4202 768 4285 judicium
790 4198 1025 4266 novissimum?
