3042 4940
1130 318 1196 400 lli

96 441 169 506 dass
187 437 373 504 interantur
393 438 562 528 illationes.
585 435 706 513 Prinna,
730 434 762 500 lo
776 433 934 502 catholica
957 431 1155 516 professione
1176 447 1195 496 a

95 542 230 607 tdelibas
244 551 358 605 exacta
374 542 529 603 adsersus
548 540 696 602 haereses
711 555 773 602 aon
789 538 889 600 luisse
902 544 994 600 antea
1010 538 1197 616 inscriptum

96 643 231 722 (trigenis
251 659 377 704 nomen.
391 640 497 702 Aliter
518 639 603 702 hand
621 647 708 702 tanto
728 639 836 701 studio
851 639 1013 702 institisset
1032 637 1197 719 Epistulae

93 743 209 806 lluctor
228 751 339 804 contra
362 742 449 804 bunc
471 742 591 816 sirum,
624 751 660 804 ut
680 741 848 803 damnatus
871 739 1056 804 haberetur.
1079 737 1198 804 Secun·

92 843 139 919 dn,
160 842 336 906 nullimode
357 843 487 921 probari
504 851 575 922 post
596 841 716 904 decretl
732 843 941 917 sanctionem,
965 841 1046 903 lianc
1068 840 1199 904 damna·

92 948 201 1008 tionem
225 955 326 1007 ratam
349 951 381 1006 et
404 953 569 1023 acceptam
593 943 691 1006 luisse
704 943 745 1004 ab
767 943 817 1017 iis,
833 944 890 1024 qui
912 941 1110 1007 confessione
1130 959 1202 1022 spe·

94 1047 161 1110 ciali
182 1045 276 1108 udam
298 1045 490 1110 catholicam
512 1063 622 1108 coram
647 1043 790 1108 Ecclesia
814 1044 1061 1126 prolitebantar.

162 1143 315 1208 Attamen
335 1143 464 1207 silentio
494 1144 592 1207 nolim
616 1146 806 1222 praeterire,
842 1145 993 1208 incitato
1015 1141 1114 1207 Libro
1134 1149 1200 1208 tres

89 1245 213 1308 recitari
238 1245 311 1309 lidei
334 1243 546 1324 protessiones
567 1245 607 1306 ab
628 1245 746 1308 eisdem
771 1244 978 1309 Pontificibus
998 1242 1198 1308 emittendas.

89 1342 231 1420 Quarum
255 1345 358 1423 prima
380 1353 413 1408 et
435 1346 529 1407 tertia
554 1344 621 1408 lere
643 1345 756 1408 eudem
780 1354 890 1408 tenore
910 1351 945 1406 et
963 1359 1059 1406 sensa
1080 1343 1202 1407 dictan-

88 1453 161 1526 turp
184 1445 240 1510 nbi
259 1454 364 1509 tamen
384 1447 547 1510 omittitur
577 1463 691 1508 nomen
712 1454 746 1509 et
764 1446 934 1510 anathema
962 1442 1123 1526 (trigenis.
1144 1442 1200 1507 Se-

87 1549 186 1610 cunda
210 1565 303 1623 sero,
325 1550 475 1627 quamvls
495 1557 528 1610 et
551 1547 696 1610 eamdem
722 1546 886 1626 praeterat
905 1553 1055 1622 aetatem,
1081 1545 1124 1609 ob
1144 1561 1202 1608 no·

86 1653 131 1710 tas
149 1648 332 1726 singulares
353 1647 448 1712 valde
469 1647 576 1710 diiiert
597 1665 614 1708 a
636 1649 763 1711 ceteris.
796 1645 982 1710 Differentis
1005 1665 1083 1711 roro
1106 1645 1202 1725 potis-

83 1750 159 1812 sima
180 1749 364 1814 instituitur
385 1750 417 1811 in
438 1751 623 1812 recensione
644 1747 765 1832 Synodi
781 1747 820 1812 V.
838 1758 870 1812 at
885 1746 939 1811 vt.
959 1749 1199 1813 oecumenicae.

85 1845 141 1912 Ubi
162 1850 285 1930 legitur
311 1857 381 1930 post
403 1858 547 1930 quatuor
567 1848 711 1915 Consilia
727 1851 877 1929 quintum
900 1856 1132 1930 congregatam
1152 1865 1202 1912 es·

85 1969 136 2016 ae:
154 1973 170 2010 s
188 1949 291 2032 Cujus
311 1951 447 2014 salutari
469 1951 622 2014 consulto
642 1967 726 2014 unns
755 1949 795 2011 de
815 1949 1012 2012 sanctissima
1044 1945 1201 2012 Trinitate

82 2047 241 2116 Dominus
263 2061 372 2114 noster
391 2051 487 2116 lesus
508 2049 656 2116 Christus
687 2050 891 2131 praedicatus
911 2057 981 2114 ests
1014 2057 1048 2114 et
1065 2049 1202 2112 mainn-

84 2151 192 2218 dentes
206 2172 247 2218 ac
260 2153 437 2216 dividentes
451 2169 580 2216 sacrum
594 2153 666 2234 ejus
685 2150 916 2216 incarnationis
926 2167 1095 2226 arcannm,
1110 2151 1202 2215 istius

82 2255 170 2318 vocis
184 2253 348 2335 spirituali
367 2271 523 2317 mucrone
543 2254 696 2332 prostrati
712 2261 796 2316 sunt.
816 2251 849 2314 ln
874 2253 936 2316 lnoc
950 2249 1105 2331 Origenes
1126 2267 1203 2316 cam

83 2352 188 2434 impiis
211 2353 377 2433 discipulis
406 2361 439 2416 et
458 2353 651 2433 sequacibus
683 2349 822 2434 Didymo
843 2361 876 2415 et
907 2349 1061 2432 Evagrio,
1082 2360 1116 2416 et
1144 2351 1202 2433 qul

81 2450 276 2517 Creatorem
288 2453 431 2516 omnium
455 2450 572 2527 Deum,
588 2462 620 2515 et
640 2468 766 2516 omnem
783 2449 1007 2516 rationabilem
1019 2451 1092 2533 ejus
1112 2468 1204 2516 cres·

82 2558 192 2616 turam
214 2552 388 2634 gentitibus
416 2551 534 2616 tabulis
556 2552 718 2634 prosecuti
740 2562 828 2629 sont,
858 2561 1010 2616 aeternae
1031 2560 1109 2618 sunt
1128 2570 1205 2618 con·

81 2652 283 2731 damnationi
303 2653 495 2718 submissi.»

161 2754 289 2819 Deinde
311 2755 473 2830 subditur,
495 2753 702 2820 Theodorum
723 2764 983 2837 mopsuostenum
1005 2764 1103 2838 atque
1131 2756 1207 2836 llio·

80 2855 203 2920 dorum
220 2857 500 2920 seminestoriencs
523 2857 617 2920 sicuti
634 2856 709 2920 lbae
724 2855 898 2937 Epistolam
914 2867 947 2920 et
960 2858 1084 2940 Scripta
1099 2855 1205 2924 Theo·

81 2955 205 3034 doreti,
222 2956 380 3022 Severum
407 2956 599 3039 acepbalum
621 2977 695 3022 cnm
719 2957 816 3023 Petro
835 2969 866 3022 et
895 2957 997 3024 Zoara
1022 2964 1204 3043 ceterisque

77 3058 290 3124 consortibus
312 3059 434 3137 pariter
454 3061 485 3122 id
505 3059 617 3124 eadem
635 3058 764 3140 Synodo
784 3062 1068 3127 anathematizatos
1091 3063 1202 3129 luisses

81 3181 99 3218 ι
116 3157 212 3224 luter
234 3161 326 3233 baec,
342 3169 452 3238 postea
466 3158 567 3234 addit,
591 3159 770 3222 veneranda
791 3162 934 3240 quinque
955 3160 1110 3240 Concilio,
1132 3182 1206 3229 sex·

76 3267 147 3324 turn
170 3259 356 3326 Concilium
386 3260 609 3339 praedicamus
629 3261 661 3322 in
684 3257 771 3324 Urbe
800 3262 888 3339 regia
909 3262 970 3325 snb
992 3261 1200 3328 Constantino

73 3361 288 3424 celebratum
309 3367 420 3422 contra
443 3367 593 3423 auctores
610 3361 762 3424 haeretici
775 3360 931 3440 dogmatis
946 3361 1108 3444 Sergium,
1125 3364 1206 3449 Pyr·

74 3477 167 3536 rum,
193 3459 337 3524 Paulum
357 3466 391 3523 et
412 3456 545 3523 Petrum
567 3460 927 3541 constantinopolitanos
948 3479 1010 3524 nna
1032 3481 1108 3526 cum
1141 3461 1210 3528 llo*

71 3563 189 3636 aurio,
215 3561 273 3640 qui
303 3559 411 3638 pravis
431 3576 547 3622 eornm
569 3560 801 3623 assertionibus
828 3559 1006 3624 lomentum
1028 3563 1204 3642 impendit:

72 3663 277 3742 pariterque
297 3657 504 3724 Theodorum
527 3658 792 3736 Pharanitanum,
824 3672 857 3723 et
878 3661 1000 3742 Cyrum
1020 3663 1206 3730 alexandri·

77 3783 161 3829 num
185 3781 268 3828 cum
289 3779 404 3825 eorum
425 3761 653 3836 imitatoribus,
683 3762 847 3842 simulque
868 3770 901 3824 et
922 3763 991 3840 hos,
1014 3766 1069 3844 qui
1093 3767 1206 3830 heere·

74 3874 139 3932 tica
164 3867 322 3943 dogmata
352 3869 463 3924 contra
486 3862 654 3925 raritatem
687 3863 760 3926 fidei
781 3861 981 3946 synodaliter
1008 3867 1204 3943 declaratam

71 3979 181 4049 atque
200 3961 431 4044 praedicatam,
449 3963 655 4041 pertinaciter
668 3961 891 4026 defendebant.
908 3981 925 4020 s
941 3961 976 4025 ln
999 3963 1060 4026 doe
1075 3967 1207 4030 couclu·

72 4073 144 4134 dits
165 4063 298 4130 «Unde
318 4069 351 4124 et
370 4061 506 4126 districti
535 4064 746 4127 anathematis
766 4063 980 4128 interdictioni
1001 4066 1204 4146 subjicimus,

66 4172 180 4254 siquis
215 4183 362 4246 uuquam
382 4164 452 4228 stne
479 4181 549 4240 nos,
569 4163 638 4229 sire
657 4169 707 4230 eal
725 4163 822 4242 alius,
853 4162 909 4243 qui
931 4181 1052 4229 nurum
1081 4167 1205 4246 aliquid
