2982 4934
62 481 133 546 dem
155 495 233 546 cnm
254 480 295 545 eir
314 477 493 545 editoribus
515 477 690 544 admodum
710 474 899 542 sollertibus
913 475 946 538 tn
967 490 1043 540 rere
1060 492 1079 538 a
1100 475 1174 557 spe·

60 579 116 647 rlis
135 581 346 657 secernendo,
369 580 489 646 luerint
508 580 659 656 sublata,
681 579 809 642 litterae
829 576 1005 657 integritati
1024 593 1104 640 suae
1125 592 1177 638 re·

59 683 192 746 stitutus
206 689 291 746 sunt.
315 679 421 744 Verba
437 699 544 762 porro·
557 681 682 744 intrusa
703 686 777 760 post
796 677 853 741 illa
867 693 979 759 puers
998 675 1077 740 moti
1096 694 1127 740 n.
1139 674 1174 742 ⁵.

60 785 102 846 ita
122 783 299 848 sonabunt:
317 783 422 860 «Qun
438 801 473 848 re
488 783 566 847 meti
579 779 728 862 origenis
741 777 873 861 quidum
890 779 1011 858 scripte
1032 783 1066 842 el
1084 796 1177 843 erro·

61 901 112 946 res
127 883 366 959 damnavimus,
386 885 596 964 interpretem
611 899 702 958 roro,
720 899 795 946 cum
811 897 875 944 non
894 880 971 943 eatis
991 896 1096 959 ecque
1115 895 1176 944 sua

60 985 260 1065 praelatione
273 986 313 1050 ad
328 985 429 1049 libros
439 983 598 1064 origenis,
614 1001 719 1063 neque
731 981 887 1062 Apologia
903 980 943 1044 nd
958 998 1015 1043 nos
1034 980 1128 1044 missu
1140 997 1176 1044 se

61 1085 288 1162 repurgarerit
297 1103 309 1163 3
326 1085 424 1148 immo
437 1083 521 1147 iorte
535 1080 655 1146 eisdem
676 1080 845 1144 erroribus
860 1081 965 1160 reipsa
984 1080 1174 1157 consentiat,

62 1182 196 1247 lloruam
210 1184 424 1266 adjudicium
440 1181 530 1248 Sedis
548 1183 754 1263 Apostolicee
770 1182 968 1246 venerimus:
984 1187 1017 1244 ct
1038 1197 1174 1246 renuen-

62 1291 121 1346 tem
144 1283 279 1360 reaire,
302 1284 414 1346 eadem
433 1282 816 1350 seutentiaioroirimns.
844 1280 1039 1346 Sententiam
1066 1289 1176 1344 antem
1215 1289 1224 1302 ·

60 1383 270 1448 damnationis
303 1383 457 1450 iratribus
482 1385 600 1448 nostris
621 1381 760 1448 Venerio
782 1389 815 1447 et
834 1380 1022 1450 Chromatio
1046 1381 1174 1462 scripsi·

62 1503 174 1548 nus.»
299 1525 301 1534 .

137 1585 197 1650 liis
211 1592 321 1651 entem
336 1604 380 1650 ex
393 1586 546 1666 epistolae
562 1591 654 1650 textu
668 1585 783 1650 amotis
796 1590 830 1649 el
842 1585 927 1649 ieter
939 1586 1053 1664 nothas
1066 1603 1175 1652 emun-
1229 1580 1232 1590 “

61 1683 139 1750 detis
152 1686 195 1749 ab
218 1686 419 1761 editoribus,
440 1685 601 1750 subdunt:
619 1707 637 1746 ιι
652 1683 747 1750 Νοοο
760 1704 803 1750 ex
821 1685 968 1750 Palatino
982 1684 1173 1766 Exemplarl

64 1786 182 1867 ubsque
197 1787 310 1851 alienis
332 1785 554 1850 additamentis
578 1786 753 1867 integritati
775 1785 1051 1850 redditurioensr
1074 1805 1172 1867 quen

63 1894 131 1950 ente
150 1905 210 1950 uos
231 1905 274 1951 ex
295 1888 367 1953 eliis
388 1888 490 1951 honae
504 1895 599 1955 uotae
615 1887 850 1967 manuscriptis,
866 1885 1070 1952 Constantius
1091 1905 1175 1969 quo-
1246 1923 1247 1926 ι

63 2003 123 2066 gne
136 1987 175 2051 rd
190 1987 342 2052 eumdem
358 1987 490 2052 modum
506 1989 702 2052 restituerat.
718 2006 735 2044 ι
749 1986 789 2050 Et
803 1988 935 2068 quidem
949 1989 1078 2064 merito,
1095 2007 1170 2053 cnm

62 2089 219 2164 uererint,
243 2088 438 2153 Gesnerium
460 2089 619 2169 quaedam
639 2089 838 2170 suspicatum
859 2096 1015 2153 contextu
1036 2090 1173 2154 excidis·
1239 2076 1244 2088 ’

63 2205 105 2262 se,
125 2187 278 2252 lacunam
299 2188 425 2267 expleri
447 2206 540 2268 posse
560 2189 720 2252 censuisse
741 2187 805 2252 iliis
821 2188 940 2264 verbis,
962 2205 1047 2268 quae
1068 2197 1173 2282 muta·

64 2295 95 2352 te
113 2288 303 2352 charactere
323 2289 355 2350 iu
376 2295 502 2351 textum
524 2289 628 2368 ipsum
649 2289 788 2353 intrusit.
810 2305 827 2346 ι
847 2286 999 2352 Ceterum
1016 2290 1075 2354 ista
1096 2309 1173 2356 cnm

65 2389 329 2466 preecedentiirns
349 2406 387 2452 ac
419 2389 688 2470 consequentibus
708 2390 735 2454 si
756 2389 989 2466 conterentur,
1010 2394 1083 2472 qnis
1107 2385 1171 2456 eois
1207 2467 1210 2474 ¹

66 2489 174 2551 sentiat
188 2489 344 2554 absonum
361 2505 495 2568 prorsus
516 2489 628 2553 haberi
651 2490 712 2554 hec
732 2487 882 2554 Garneril
902 2491 1169 2574 additamentum
1194 2497 1203 2510 '

65 2595 156 2669 atque
176 2589 209 2652 in
224 2589 510 2653 contradictionem
531 2591 686 2654 iuducere
701 2590 888 2656 Pontiiicem
900 2592 1132 2658 anastasium?

135 2687 180 2751 Et
200 2707 242 2752 cn
261 2689 303 2752 ab
324 2692 421 2754 nnius
451 2690 602 2754 illusione
632 2699 772 2771 guentae
794 2691 959 2758 illusiones
979 2695 1172 2760 subsecutus

65 2795 144 2852 sunt.
167 2790 290 2854 illusus
310 2809 336 2855 s.
358 2789 576 2876 Hieronymus
597 2793 628 2855 in
650 2793 998 2876 quaestionessrigenis
1018 2802 1051 2860 et
1071 2796 1173 2862 Rutu·

67 2887 107 2964 ni,
124 2891 268 2970 undique
279 2891 313 2954 iu
325 2892 468 2956 eeclesiis
482 2891 665 2956 Occidentis
680 2896 870 2971 provocarit
884 2895 1061 2974 illusiones,
1081 2917 1174 2978 pree·

71 2991 176 3056 sertim
193 2994 225 3053 iu
240 2994 386 3072 postoris.
401 2991 466 3068 Qui
486 2992 586 3072 ipsius
600 2996 719 3073 scripta
735 3003 962 3075 percurrentes
977 2999 1082 3062 miuus
1098 3017 1173 3064 cau·

63 3090 94 3164 ti,
107 3091 137 3153 in
156 3091 303 3156 eamdem
320 3092 505 3156 illusionem
526 3095 647 3173 arrepti
663 3095 819 3159 ndrersns
832 3096 993 3175 praelatos
1012 3100 1098 3162 vires
1118 3118 1172 3164 or-

65 3188 219 3256 tlrodoxos
240 3193 468 3256 inclamarent.
484 3191 526 3256 Et
547 3211 586 3256 eo
605 3212 708 3274 usque
729 3197 890 3276 progressi
904 3205 980 3260 sunt
999 3199 1032 3260 in
1053 3200 1113 3262 hac
1133 3200 1173 3262 il·

65 3287 197 3370 lusiene,
221 3300 260 3357 ut
280 3293 406 3358 litterus
427 3311 559 3374 qnoque
574 3292 680 3374 Pepeo
695 3295 856 3386 Anastasii¹
874 3305 1046 3377 corruptas
1060 3301 1170 3364 existi·

66 3401 192 3470 nantes,
205 3395 316 3466 ,eonati
335 3395 397 3457 sint
410 3395 585 3475 integritati
601 3396 784 3470 restituere,
797 3396 949 3461 addentes
960 3415 1044 3478 quae
1058 3417 1083 3462 s.
1096 3397 1170 3464 Hie·

65 3505 213 3575 runpmns
233 3493 360 3557 sinistre
381 3493 560 3558 secudum
581 3494 774 3570 deduxerat,
795 3496 892 3563 ulitur
913 3505 1051 3561 mentem
1074 3500 1174 3562 inter·

63 3601 203 3667 pietatus
226 3593 387 3661 Pontificio
403 3595 549 3659 Romani.
568 3593 614 3658 dc
629 3595 750 3660 idcireo
763 3600 969 3677 comparetis,
992 3618 1076 3679 quae
1092 3602 1172 3664 scri·

66 3688 107 3752 lrit
126 3693 313 3760 Anastasius
326 3697 359 3758 in
379 3696 514 3776 epistola
527 3695 567 3758 ed
589 3695 745 3759 ioannem
769 3705 801 3760 et
822 3717 906 3778 quoe
921 3701 993 3763 inde
1015 3703 1171 3782 interpre-

66 3797 144 3856 tatus
163 3805 212 3857 est
232 3813 258 3857 s.
276 3793 504 3878 Hieronymus,
520 3796 727 3860 concluditur
747 3800 864 3878 primo,
881 3799 1063 3865 Romanum
1080 3804 1171 3868 sinti·

65 3892 163 3955 stitem
184 3912 244 3958 nec
263 3897 427 3976 scripsisse
446 3905 557 3960 contra
582 3895 766 3973 Rudinum,
790 3915 848 3962 nee
868 3900 954 3964 hunc
983 3903 1167 3980 damnasse,

65 4005 117 4054 nee
129 3993 289 4060 lacerasse
305 3996 353 4074 pti
367 3996 578 4071 haereticum,
592 4003 629 4061 ut
643 4004 734 4076 putat
747 4015 774 4058 s.
793 3995 924 4062 Ductor:
942 4001 997 4064 sed
1012 4003 1173 4067 conscien-

67 4093 123 4155 tine
141 4096 429 4178 suae'reiiquisse,
451 4104 488 4162 ut
511 4098 733 4177 rideret,·qna
755 4108 860 4163 mente
882 4099 1078 4166 Periereieo
1100 4123 1171 4167 ser·

66 4190 178 4260 sienem
197 4199 398 4281 suscepisset.
430 4197 480 4264 Ac
500 4200 609 4281 itaque
639 4199 700 4264 sub
720 4199 902 4266 conditione
929 4202 1061 4268 loeutus
1082 4202 1169 4288 Pepa
