3138 4950
100 509 104 514 ·
127 485 217 549 ortua
236 477 540 566 procumbi-dni
569 485 725 562 tanquam
745 481 797 546 asi
818 479 979 548 inlaustaa
1008 499 1104 550 nemo
1124 501 1241 552 occur·

124 601 196 650 rere
221 581 360 648 rolnlt?
380 580 583 650 veneficam?
612 597 688 648 cona
716 581 928 650 daemonibus
952 585 1242 655 consumentem?

124 681 281 749 Foediora
309 684 379 749 tere
407 701 496 747 mens
523 684 664 748 bumana
692 699 809 765 capere
834 702 896 750 non
922 692 1049 767 potest:
1071 690 1098 752 ai
1120 697 1240 769 posset,

126 786 273 866 prolecto
293 789 327 850 iu
348 786 411 850 boc
429 785 516 850 libro
528 785 779 850 naberentur.»

198 885 322 952 Deinde
344 886 544 970 insequenti
565 905 598 950 c.
619 881 659 951 x.
684 886 865 968 Procopius
890 889 931 953 de
951 893 1072 971 nuptiis
1093 893 1238 976 ejusdem

124 986 313 1053 Theodorae
334 1007 409 1054 cnm
423 989 609 1054 iustiniano
630 987 753 1055 subdit:
770 988 882 1055 «Nam
894 992 951 1072 qnt
967 993 1052 1057 male
1074 992 1167 1059 lactis
1185 997 1239 1059 ad·

120 1091 247 1155 mittere
261 1091 403 1156 dedecus
423 1107 487 1155 non
502 1099 649 1166 veretur,
672 1109 778 1172 neque
799 1103 934 1172 qramte
957 1093 1021 1158 lert
1035 1094 1176 1160 altorum
1198 1098 1241 1161 ob

120 1191 147 1254 id
168 1193 422 1269 execrationem,
446 1193 498 1257 bic
526 1193 657 1257 demum
680 1193 803 1258 nnllam
824 1194 1034 1260 interclusam
1061 1197 1121 1259 sibi
1154 1198 1238 1261 viam

119 1297 210 1372 putat
222 1292 262 1356 ad
277 1291 417 1368 scelera,
433 1294 512 1373 quin
529 1294 658 1357 rnltnm
674 1293 809 1358 tndnena
823 1295 994 1372 audacem,
1009 1295 1104 1360 lacile
1123 1297 1189 1379 jam
1205 1299 1236 1360 in

122 1393 284 1457 teterrima
305 1410 440 1475 qnoque
464 1396 530 1458 rnit
550 1393 681 1476 flagitia.
698 1393 822 1461 Nullnr
836 1415 854 1460 e
868 1405 996 1476 senatu,
1012 1399 1071 1479 qni
1085 1399 1242 1481 retpootta
1261 1387 1262 1390 '

118 1511 173 1558 cae
193 1511 264 1559 eam
285 1495 392 1560 labem
414 1496 527 1561 lulerri
551 1496 783 1578 prohibendam
812 1501 949 1577 censuit,
972 1516 1041 1565 rem
1069 1501 1240 1566 detestabi-

117 1594 192 1672 lem,
211 1595 279 1677 jam
298 1597 365 1678 jam
397 1595 601 1662 Theodoram
623 1599 716 1679 qnasi
743 1599 834 1662 deam
858 1610 1084 1666 veneraturus.
1116 1601 1237 1670 Nullos

118 1696 296 1760 antistitum
318 1697 469 1778 graviter
487 1702 574 1762 aiens
595 1707 655 1774 est,
677 1701 734 1780 qni
756 1717 827 1764 eam
855 1701 1017 1766 dominam
1044 1713 1126 1767 esset
1153 1723 1240 1770 com·
1331 1749 1334 1757 Δ

118 1799 312 1880 pellaturna.
336 1797 377 1862 Et
398 1799 454 1880 qui
476 1799 599 1879 pridem
621 1801 653 1863 in
676 1801 930 1883 tbeatropopnli
953 1801 1146 1868 Theodorae
1166 1805 1238 1872 lue·

117 1909 188 1966 rant
218 1907 430 1984 spectatores,
453 1902 524 1983 ejus
545 1921 580 1966 se
601 1906 755 1983 tanquam
784 1904 916 1967 servitia
944 1906 1068 1986 supinis
1092 1907 1238 1973 manibus

115 2020 174 2086 per
194 2002 334 2068 dedecus
355 2001 603 2083 profitebantur.
620 2001 689 2068 Neo
701 2003 802 2069 miles
814 2022 850 2068 ea
866 2021 903 2068 re
926 2008 1156 2086 truculentior,
1175 2011 1237 2074 acl·

116 2105 192 2169 ltcet
212 2121 272 2184 pro
286 2103 456 2168 Theodora
473 2104 550 2168 belli
570 2105 742 2170 discrimen
763 2106 979 2187 inposterum
1001 2108 1163 2190 editurus,
1179 2127 1234 2176 ne-
1323 2181 1324 2186 ,

113 2224 166 2270 mo
186 2205 325 2287 denique
348 2207 537 2270 mortalium
559 2208 753 2288 repugnavit
773 2215 836 2271 etc.
858 2225 875 2266 a

191 2305 300 2390 liujus
331 2307 579 2372 insimulationis
601 2314 670 2372 tum
691 2309 799 2389 origo,
834 2315 902 2372 tum
935 2308 1057 2374 ialsltas
1090 2312 1235 2393 apprime

111 2408 236 2472 cunctis
257 2407 412 2488 patuerit,
438 2410 495 2490 qni
517 2411 624 2474 sciunt
638 2405 831 2490 obsequium
856 2409 1022 2474 aarimode
1042 2413 1233 2489 praestitum

111 2507 323 2592 principibus,
345 2527 383 2575 ac
401 2509 478 2592 jure
499 2511 545 2574 eis
565 2508 724 2586 debitum,
745 2511 816 2574 aive
842 2510 899 2591 qui
920 2511 952 2572 in
972 2507 1119 2576 Ecclesia
1142 2529 1236 2593 prae·

108 2619 198 2690 aunt,
212 2623 272 2678 ant
290 2612 323 2675 in
344 2611 492 2693 imperio,
515 2629 559 2676 ex
579 2611 800 2692 antiquissime
823 2609 1022 2691 populorum
1040 2614 1233 2696 praesertim

109 2714 319 2780 orientalium
347 2713 581 2779 cononatudine
608 2711 747 2790 firmari,
774 2720 917 2777 attamen
943 2720 1038 2778 extra
1067 2731 1234 2797 praeeunt·

109 2822 199 2899 ptam
222 2823 256 2882 et
276 2833 390 2880 ennam
413 2813 562 2897 Procopii
587 2813 887 2895 interpretationem
914 2816 1001 2881 circa
1024 2815 1230 2882 l'beodoratn

109 2917 205 2998 quari
229 2916 323 2981 deam
354 2917 546 2979 honoratam
569 2932 587 2978 a
609 2914 746 2979 subditis
767 2912 971 2979 cbriatianis:
997 2919 1052 2981 cui
1074 2919 1120 2980 ret
1142 2925 1230 2981 aetas

105 3023 141 3082 et
153 3033 266 3082 senana
285 3017 418 3082 intimus
432 3016 563 3079 obstant
584 3017 726 3078 omnino.
742 3013 791 3078 dc
813 3015 942 3078 interito
960 3015 1128 3092 audiatur,
1140 3018 1228 3096 qnod

104 3116 275 3182 Eicbelius
296 3117 376 3180 baec
397 3124 429 3180 et
450 3115 639 3198 hujusmodi
661 3120 811 3194 repetens
832 3122 865 3177 et
886 3113 1057 3179 contutans
1079 3114 1230 3198 Procopii

106 3217 263 3300 ignobilia
284 3217 431 3295 dicteria,
453 3218 566 3282 scribit
587 3219 619 3281 ln
641 3235 672 3279 n.
694 3214 746 3286 id.

188 3319 349 3386 «Scilicet
369 3317 457 3400 qnod
478 3321 537 3384 toti
557 3319 698 3392 senatui,
717 3317 872 3382 nntrerao
894 3316 997 3393 clero,
1013 3317 1155 3382 militum
1174 3335 1229 3382 or·

102 3423 191 3495 dini,
212 3420 312 3486 immo
333 3421 420 3484 omni
440 3421 565 3501 populo
586 3421 785 3495 innotuerat,
805 3418 836 3480 id
859 3435 921 3481 non
943 3426 1049 3500 potest
1063 3437 1126 3485 non
1149 3420 1226 3485 inia-

104 3539 141 3586 ae
157 3521 463 3588 mnottesttsstmum.
481 3521 597 3604 Neque
611 3523 643 3586 in
657 3539 715 3586 ore
738 3529 863 3585 tantum
884 3519 1134 3604 byzantinorum
1151 3522 1225 3598 luit,

101 3623 176 3702 aed,
193 3631 231 3689 nt
244 3623 314 3688 fieri
336 3635 424 3690 emat
443 3627 476 3690 in
497 3625 655 3708 ejusmodi
670 3623 782 3698 rebus,
799 3623 867 3687 sine
887 3624 973 3687 omni
990 3623 1089 3688 dubio
1104 3624 1144 3685 ad
1166 3641 1223 3687 er·

101 3737 195 3790 toros
212 3727 447 3808 ,remotissimos
468 3725 650 3790 dimanarit.
674 3723 886 3805 Quapropter
906 3742 1018 3789 omnes
1044 3743 1107 3787 non
1128 3726 1221 3790 istius

99 3834 246 3903 tantum,
260 3825 316 3891 aed
331 3827 429 3891 etiem
443 3843 506 3892 non
527 3826 624 3908 longe
638 3833 710 3908 pnat
725 3826 951 3906 subsequentis
974 3827 1127 3905 temporis
1142 3829 1223 3890 scri·

99 3936 218 4009 ptores
236 3929 389 4010 ignorare
409 3946 472 3994 non
494 3931 669 4010 potuerint.
693 3925 758 4004 Qut
780 3937 887 3992 aetate
909 3927 1097 4004 iustiniani,
1109 3936 1145 3991 ct
1161 3945 1223 3992 non

95 4027 206 4108 paulo
228 4039 300 4109 post
320 4029 525 4107 claruerunt,
547 4030 569 4092 it
591 4029 660 4094 iere
681 4036 780 4093 sunt:
797 4029 964 4110 Agapctns
985 4027 1154 4104 diaconus,
1177 4027 1220 4090 Α·

96 4129 247 4208 gatbiue,
271 4130 397 4195 Auctor
418 4127 611 4212 Appendicis
631 4130 670 4194 nd
704 4128 948 4205 Marcellinum,
972 4125 1099 4193 luctor
1120 4126 1219 4192 Poeta

95 4241 255 4310 graecus,
277 4227 416 4296 Basilius
438 4231 528 4309 cilix,
551 4231 776 4310 Cassiodorus,
799 4229 961 4312 Gorippns
982 4237 1091 4312 poeto,
1114 4227 1220 4315 Cyrit-
1298 4231 1301 4236 '
