3186 4946
142 527 254 592 cictom
273 525 372 607 saiso
388 525 573 608 procellam,
595 533 622 587 ct
643 543 673 588 ac
694 523 899 606 aliquantum
918 521 1097 587 serenitatis
1116 533 1257 601 auctum,

141 627 205 694 aiii
223 627 412 692 odoaruemir
427 647 469 692 ex
491 625 646 691 Demetrii
660 626 764 702 obito,
786 635 817 690 et
840 624 999 689 lleraclse
1012 626 1215 690 successione
1227 628 1258 690 in

142 729 235 795 illins
257 731 489 812 episcopatum.
504 727 531 792 E
546 728 666 809 quibus
686 727 834 791 omnibus
849 727 1017 791 invalescit
1029 733 1257 806 argumentum

141 850 396 915 quaecumque,
428 835 564 895 instante
586 829 750 894 Demetrio
772 836 899 893 etcum
921 847 961 892 eo
982 830 1099 892 ceteris
1121 825 1260 910 Aegypti

143 934 318 1014 episcopis,
340 935 371 996 in
392 931 565 1013 Origenem
588 931 692 994 delata
715 931 850 1007 luerim,
874 947 969 993 vanas
990 938 1023 994 et
1042 931 1259 994 calumniosas

145 1037 248 1100 lause
270 1037 519 1115 imputationem
531 1051 611 1114 quaa
625 1033 703 1097 dicit
720 1035 753 1096 ln
765 1032 902 1113 epistola
923 1031 1025 1097 relati
1046 1033 1145 1112 gratis
1158 1049 1261 1097 asser·

143 1147 194 1202 tao
215 1155 254 1200 ac
274 1137 365 1200 brevi
387 1136 459 1200 ideo
480 1134 686 1215 dissipandas.
711 1131 753 1197 lit
773 1134 827 1196 hic
851 1133 944 1196 saido
966 1133 1096 1208 mirum,
1120 1123 1257 1214 quomo·

142 1239 186 1302 do
202 1236 349 1300 nonnulli
369 1235 582 1312 autumarint,
603 1232 775 1314 Origenem
799 1241 875 1298 tunc
895 1235 1084 1314 temporisa
1106 1235 1256 1298 sacerdo·

142 1342 190 1404 tio
205 1339 366 1421 dejectum
383 1356 441 1417 per
462 1337 676 1414 Demetrium,
692 1345 725 1401 ct
745 1337 947 1402 anathemate
968 1339 1069 1401 ictum
1083 1337 1126 1400 ob
1141 1335 1258 1401 Christi

143 1442 389 1521 abnegationem
407 1439 438 1502 in
451 1441 674 1519 persecutione
683 1459 694 1516 3
710 1456 785 1501 cum
800 1439 907 1514 aliter,
926 1445 1006 1501 teste
1025 1436 1179 1512 Eusebio,
1196 1434 1258 1501 lie·

142 1546 283 1608 metrias
298 1543 383 1605 circa
402 1559 520 1604 annum
533 1538 604 1611 iiii.
621 1541 723 1603 latum
738 1540 888 1618 subierit3
903 1548 935 1603 et
948 1537 1104 1621 Origenes
1118 1540 1181 1605 suh
1194 1538 1255 1605 lie·

141 1647 196 1710 cio
218 1663 302 1708 anno
318 1643 386 1707 lere
405 1637 475 1709 950.
492 1661 551 1722 pro
567 1641 684 1706 Christi
707 1641 768 1704 lide
790 1649 953 1704 certamen
974 1659 1144 1722 perpessus
1164 1644 1216 1706 ait.

227 1743 351 1821 Tertio,
368 1744 536 1808 considera
559 1761 624 1824 qua
639 1743 772 1823 spiritus
796 1741 986 1804 demissione
1002 1742 1033 1803 in
1053 1743 1113 1804 hoc
1135 1761 1170 1805 se
1191 1762 1259 1824 ges-

139 1849 224 1913 serit
243 1847 427 1911 discrimine
450 1845 679 1920 Adamantius,
711 1854 743 1907 at
764 1843 853 1923 quali
875 1859 950 1922 erga
976 1840 1078 1906 licum
1101 1843 1259 1908 charitate

143 1957 224 2013 tunc
245 1947 452 2029 praestiterit.
478 1944 544 2008 Etsi
566 1945 649 2008 enim
671 1954 783 2007 contra
805 1963 840 2008 so
861 1945 1058 2024 iniquissime
1079 1954 1258 2024 ageretur,

139 2059 173 2116 et
195 2050 381 2113 omnimode
394 2050 453 2112 sihi
469 2051 628 2125 conscius,
644 2047 799 2110 Demetrii
820 2047 949 2110 decreta
964 2043 1134 2110 certissime
1155 2043 1261 2108 Euon-

139 2148 229 2232 qciio
242 2148 383 2227 tortitia,
400 2153 520 2232 qnippe
535 2150 628 2226 laisa,
642 2151 674 2212 in
689 2149 738 2212 sui
754 2148 990 2212 damnationem
1007 2147 1132 2212 firmata
1147 2149 1259 2224 inisse,

141 2255 264 2316 ceteris
285 2253 376 2314 urbis
402 2252 598 2335 preshyteris
620 2249 912 2324 consentientibus,
939 2257 972 2312 et
992 2267 1097 2330 nsque
1123 2247 1260 2313 Romam

141 2351 184 2414 ad
208 2369 305 2414 eures
327 2349 490 2414 Pontificis
507 2351 635 2429 delatn3
651 2357 791 2412 attamen
807 2351 931 2430 inquit:
949 2371 966 2410 a
981 2349 1075 2413 Stare
1090 2370 1140 2414 me
1162 2349 1261 2431 magis

143 2452 385 2516 adhortabatur
401 2454 483 2515 ratio
505 2452 543 2514 ed
560 2460 735 2527 certamen,
757 2459 789 2513 et
809 2469 942 2514 serrare
957 2453 1262 2529 praestantissimam

142 2555 209 2616 mei
231 2562 369 2634 partem,
385 2573 483 2633 quam
506 2555 690 2633 importune
713 2552 909 2633 conjungere
931 2559 1102 2615 restantem
1117 2553 1260 2634 Scriptu-

142 2671 240 2716 ratne
257 2663 431 2732 antequem
453 2655 584 2716 rationis
606 2655 770 2716 discursus
790 2653 1054 2733 tranquillitatem
1078 2655 1237 2734 reciperet
1248 2675 1259 2735 3

143 2773 186 2819 ue
209 2754 294 2817 lorte
316 2755 524 2835 cogitationes
545 2773 666 2833 pravae
687 2754 943 2829 invalescerent,
966 2757 998 2817 in
1020 2757 1158 2818 enimam
1180 2773 1261 2834 quo·

143 2875 213 2937 qne
232 2873 339 2918 meam
354 2855 532 2936 procellam
553 2857 747 2919 inducere.»
771 2855 855 2920 Ecce
876 2858 980 2918 virum
1002 2859 1164 2920 sincerum
1187 2855 1263 2919 fide·

142 2957 225 3033 lem,
239 2974 279 3019 ac
300 2974 415 3020 resera
433 2964 579 3018 motuum
602 2973 737 3019 suorum
760 2956 1017 3031 dominatorem,
1035 2956 1132 3037 cujus
1155 2958 1185 3018 io
1207 2956 1261 3017 ad·

145 3059 248 3121 versis
281 3057 427 3138 splendet
459 3055 641 3135 lortitnd03
671 3059 727 3136 qui
750 3058 873 3120 etiamsi
905 3057 1074 3120 calumniis
1099 3059 1262 3138 appetitas

144 3177 208 3240 pro
231 3166 308 3222 tunc
328 3158 413 3233 silei,
436 3176 475 3220 ne
498 3157 582 3219 iorte
597 3159 628 3218 in
650 3157 784 3237 iniurias
806 3159 964 3237 prosiliat.
990 3154 1127 3219 Etcum
1150 3156 1262 3221 deinde

143 3259 185 3323 ad
209 3261 329 3322 amicos
351 3258 578 3321 alexandrinos
593 3259 747 3334 scribens,
771 3257 1023 3337 probrumque
1044 3257 1178 3322 olfactus
1195 3257 1263 3321 ine·

144 3367 211 3436 rat,
234 3359 385 3423 revolvat
403 3361 436 3422 io
461 3359 553 3432 elios,
567 3359 691 3421 cernito
712 3377 776 3438 qua
798 3360 1016 3422 moderatione
1038 3369 1071 3421 et
1092 3360 1187 3421 animi
1209 3375 1263 3421 an·

143 3463 269 3526 xietate
290 3461 362 3539 (etsi
380 3461 469 3542 jure)
486 3461 637 3542 exemplo
659 3461 893 3541 prophetarum
914 3461 1098 3523 sacerdotes
1119 3457 1177 3522 Dei
1192 3478 1264 3523 cor-

144 3561 348 3642 ripientiutn,
365 3563 506 3638 innixus,
527 3562 646 3625 audeat
669 3561 822 3626 Demetrii
845 3563 943 3642 ipsius
959 3561 1159 3642 exprobrare
1181 3560 1264 3640 iuju-

146 3663 229 3725 riam
252 3649 312 3724 sthi
334 3661 478 3738 allatam,
496 3682 569 3726 cum
592 3673 737 3727 ceterum
759 3682 818 3726 nec
843 3665 900 3742 ipsi
922 3662 1052 3726 diabolo
1073 3677 1172 3724 ausus
1195 3660 1264 3724 lue·

146 3764 194 3826 rit
213 3763 390 3843 aliquando
411 3763 616 3828 maledicere.

230 3861 352 3944 inspice
368 3881 445 3944 ergo
462 3883 503 3926 ex
525 3864 586 3927 hoc
609 3864 729 3944 eloquii
751 3881 879 3944 genere,
901 3861 1050 3942 Origenis
1071 3863 1264 3944 promptitu-

147 3963 254 4027 dinem
269 3981 330 4044 pro
354 3967 489 4028 veritate
504 3967 685 4044 pugnandi,
709 3966 821 4027 mentis
836 3983 913 4027 suae
928 3964 1157 4042 ingenuitatem
1179 3964 1211 4025 in
1224 3981 1263 4027 ea

145 4065 317 4128 asserenda
348 4083 458 4129 coram
489 4064 556 4129 lieo
566 4087 578 4145 3
607 4085 645 4129 ao
667 4084 729 4130 nna
750 4068 792 4129 ob
824 4065 1054 4145 cogitationum
1086 4081 1261 4145 pravarum

147 4164 310 4243 timorem,
334 4183 374 4229 ne
404 4166 624 4231 invindictam
646 4166 819 4230 excederet
833 4167 1036 4229 inimicorum
1051 4181 1200 4242 suorum,
1218 4167 1263 4230 ei·
1359 4212 1362 4233 ,

145 4265 223 4330 deas
236 4266 401 4347 quomodo
419 4275 495 4332 tunc
516 4285 535 4330 a
556 4266 730 4349 scriptione
752 4267 922 4332 destiterit.
942 4263 1049 4332 Donec
1069 4264 1181 4328 sedato
1196 4263 1263 4328 ani-
