3138 4950
335 483 429 549 illis:
446 503 464 546 s
484 484 511 552 si
531 481 642 564 lesus,
665 487 784 569 iuquit,
809 485 912 552 Filius
933 486 991 552 Del
1005 487 1182 572 subjicitur
1193 489 1317 573 loseph
1331 496 1364 557 el
1378 489 1446 558 lle·

335 589 419 666 riae,
441 606 501 669 ego
521 606 585 654 uou
605 589 762 670 subjiciar
783 591 947 673 episcopo,
969 593 1026 672 qui
1049 594 1125 656 mihi
1147 611 1163 656 a
1187 593 1257 658 llso
1276 594 1444 661 ordinatus

334 696 385 755 est
410 689 543 771 peter?
571 690 646 759 Nou
666 691 823 773 subjicior
852 692 1058 774 presbytero,
1083 695 1140 775 qui
1172 695 1250 760 mibi
1277 714 1296 759 a
1318 694 1444 766 Domitii

331 789 515 872 dignatione
535 793 741 873 praepositus
762 800 811 856 est
826 791 876 857 'll

415 891 568 958 Proiecto
593 912 634 958 ex
656 894 705 958 his
726 893 999 974 decleretionibus
1022 894 1223 976 irequeutius
1244 895 1276 958 iu
1297 893 1445 976 Origeuis

329 992 423 1058 libris
437 994 553 1071 obviis,
570 1011 682 1058 rerum
705 995 845 1076 inspecte
868 993 1071 1072 difficultate,
1088 1005 1156 1060 tum
1174 995 1216 1060 ob
1235 997 1361 1062 erroris
1382 1015 1446 1062 me·

333 1103 404 1162 tum
427 1105 494 1162 tum
518 1097 656 1176 amplius
680 1096 722 1161 ob
744 1098 789 1174 id,
812 1098 899 1178 qnod
921 1105 1158 1178 consequenter
1173 1100 1240 1160 suis
1256 1100 1449 1179 interposuit

329 1197 593 1276 discussionibus,
610 1217 645 1263 se
659 1200 802 1263 aliorum
828 1200 936 1262 diceus
960 1200 1142 1279 sapientum
1167 1205 1342 1278 expectare
1359 1199 1446 1278 jndi-

329 1301 430 1376 ciem,
443 1317 541 1381 quam
556 1303 587 1362 in
601 1317 663 1366 suo
679 1317 776 1364 seusu
790 1299 969 1374 abundare,
981 1299 1088 1379 quiris
1106 1297 1235 1363 tollitur
1248 1297 1445 1362 adversariis

329 1417 405 1464 eum
429 1399 634 1480 reprobandi,
657 1407 717 1464 aut
736 1399 969 1464 condemnandi
990 1407 1193 1480 praetextus,
1215 1416 1273 1463 seu
1297 1398 1398 1462 ullam
1415 1399 1444 1463 ei

329 1502 484 1568 baeretici
501 1502 651 1568 inureudi
666 1501 838 1566 maculam.
861 1499 966 1568 Nemo
983 1501 1115 1567 demum
1135 1500 1263 1582 ignorat
1276 1510 1398 1580 quauta
1413 1519 1446 1564 e·

330 1603 506 1679 reditione,
518 1611 638 1687 quanto
652 1605 806 1684 sapientia
821 1602 1117 1684 scripsitOrigcues
1130 1601 1288 1666 adversus
1299 1598 1443 1680 Celsnm;

326 1713 469 1770 ettamen
485 1707 521 1796 iu
544 1705 684 1786 Prologo
707 1707 826 1785 inquit:
843 1725 860 1764 r
877 1703 1088 1786 Quapropter
1108 1703 1255 1784 ignosces
1277 1701 1374 1765 velim
1390 1704 1440 1775 iis,

328 1824 415 1887 quae
435 1815 508 1889 post
529 1807 612 1871 bane
633 1806 865 1887 praelationem
888 1807 980 1870 initio
1000 1813 1088 1870 suut.
1111 1803 1207 1883 Quod
1222 1805 1249 1868 si
1264 1822 1371 1883 neque
1387 1805 1441 1866 tibi

327 1905 452 1972 iaciunt
471 1909 560 1986 satis,
582 1926 668 1989 qnae
697 1916 894 1989 sequnntur,
916 1908 957 1970 de
977 1907 1041 1972 illis
1070 1924 1205 1986 quoque
1225 1905 1363 1968 similem
1389 1924 1442 1986 pe·

329 2016 398 2074 teus
425 2011 566 2086 reniam,
588 2013 682 2074 mitto
705 2017 736 2074 tc
756 2009 796 2073 ad
818 2009 1043 2089 sapientiores,
1059 2015 1092 2072 et
1112 2008 1169 2089 qui
1193 2007 1286 2070 dictis
1300 2008 1443 2087 scriptis·

325 2128 391 2191 que
411 2111 501 2175 illius
523 2111 659 2176 hominis
680 2117 793 2175 contra
815 2129 873 2175 uos
893 2111 1073 2175 calumnias
1093 2109 1249 2175 retollere
1264 2109 1436 2172 caleant»

405 2211 441 2276 lu
457 2213 518 2278 bec
530 2212 705 2277 collatione
721 2214 895 2294 progressi,
913 2212 999 2279 baud
1014 2213 1217 2292 ignoremus,
1233 2229 1319 2291 quae
1335 2212 1366 2272 in
1386 2214 1443 2274 mi·

325 2315 458 2381 uisterio
480 2315 660 2397 apostolico
682 2333 794 2396 pessus
814 2323 863 2379 est
884 2314 1008 2380 Paulus
1029 2331 1092 2378 non
1112 2314 1221 2378 solum
1242 2312 1283 2376 ab
1304 2313 1442 2375 ethnicis

326 2410 381 2474 sed
403 2411 445 2474 ab
466 2410 639 2476 haereticis
660 2419 692 2476 et
715 2411 803 2476 lalcis
825 2411 993 2476 iratribus.
1009 2408 1073 2486 Qui
1101 2408 1172 2472 ideo
1198 2407 1238 2472 ed
1264 2408 1441 2471 corinthios

326 2512 469 2578 scribens
481 2522 595 2576 narrat
608 2512 774 2593 quomodo
788 2515 919 2594 quidum
935 2510 1055 2577 Christi
1072 2529 1187 2575 nomeu
1206 2509 1439 2590 praeferentes,

325 2629 388 2676 nou
411 2620 515 2676 temen
536 2614 654 2682 Christi
675 2615 866 2678 charitatem
882 2613 1092 2678 etscieutium
1123 2611 1222 2691 ipsius
1238 2626 1353 2672 revere
1367 2625 1440 2689 pro·

324 2712 411 2789 lessi,
434 2718 464 2780 ei
484 2716 727 2794 exprobrabunt
752 2723 906 2797 tauquem
928 2734 990 2779 nou
1011 2722 1099 2777 recte
1114 2711 1271 2776 incedenti
1287 2711 1319 2774 in
1336 2709 1440 2774 livan-

325 2816 399 2906 gelii
421 2817 670 2896 praedicatione.
694 2817 785 2896 Quos
806 2819 878 2882 idco
899 2827 991 2883 vocet
1007 2816 1130 2882 Paulus
1139 2814 1437 2898 pseudo-apostolor,

322 2917 423 2998 salsos
436 2919 562 2998 fratres,
585 2920 702 2987 Christi
727 2938 842 2983 nomen
864 2927 1059 2984 ostentantes
1077 2917 1171 2991 falso,
1188 2915 1375 2997 Christique
1394 2915 1438 2976 di·

321 3022 464 3100 scipulos
478 3023 657 3088 simulatos.
674 3021 769 3088 'leles
782 3041 859 3087 saue
870 3032 962 3087 erant
973 3019 1128 3086 Nicolaus
1145 3021 1368 3093 antiochenus,
1381 3017 1436 3082 Ce-

323 3121 444 3196 riutus,
466 3121 618 3198 Philetes,
652 3121 885 3204 Hermogenes,
916 3120 1032 3184 Demus
1060 3127 1093 3184 et
1116 3119 1370 3184 christianorum
1390 3135 1437 3182 sc·

325 3231 376 3288 cte
404 3223 653 3306 judaizentinmc
681 3228 711 3290 iu
734 3244 817 3305 quos
840 3225 1033 3288 validissime
1054 3223 1231 3297 dimicarit,
1255 3221 1434 3300 redarguit·

322 3343 387 3406 que
415 3334 565 3408 tanquam
590 3329 766 3392 verborum
788 3345 925 3391 suorum
945 3326 1188 3406 depravatores.

400 3425 469 3494 Nec
490 3431 587 3494 aliter
604 3429 753 3510 Origenis
775 3447 866 3510 pessa
882 3435 930 3492 est
950 3427 1108 3492 doctrine:
1123 3423 1433 3506 «Quandoquidem,

320 3531 426 3612 iuquit
446 3529 587 3598 Humilia
610 3531 710 3596 xxv.
737 3532 774 3596 in
798 3531 928 3604 Lucem,
948 3527 1211 3610 quandoquidem
1234 3529 1265 3590 in
1291 3524 1431 3590 Ecclesia

320 3633 474 3711 petimur.
491 3634 645 3716 Plerique
665 3634 763 3710 euim,
785 3634 864 3698 dum
878 3633 953 3715 plns
973 3631 1124 3710 diligunt,
1139 3645 1238 3708 quem
1255 3641 1430 3699 meremur,

316 3732 402 3798 haec
413 3736 549 3818 jactent,
571 3745 604 3802 et
623 3739 808 3817 loquuntur
827 3752 992 3800 sormones
1013 3739 1154 3808 nostros,
1185 3730 1431 3808 doctrinamque

318 3833 501 3902 laudentes:
516 3856 602 3919 qnae
616 3839 809 3904 conscientie
825 3844 934 3901 nostre
955 3851 1018 3900 uon
1033 3831 1157 3915 recipit.
1181 3831 1246 3894 Atii
1270 3849 1349 3894 vero
1370 3836 1432 3892 tra·

319 3943 426 4006 etates
446 3947 573 4008 uestros
587 3943 831 4018 calumniantes,
847 3941 1017 4004 caecutire
1036 3955 1093 4001 uos
1106 3934 1333 4008 criminantur,
1348 3949 1430 4012 qnae

317 4055 484 4124 nunquam
498 4045 632 4108 sensisse
653 4061 711 4108 nos
732 4043 893 4108 novimus.
910 4061 927 4101 n
943 4040 991 4104 Ac
1007 4045 1178 4118 propterea
1195 4035 1226 4096 in
1240 4031 1370 4097 Litteris
1389 4029 1427 4092 ad

319 4139 451 4206 Amicos
479 4143 719 4219 alexandrinos,
741 4145 786 4206 nit
810 4143 869 4206 sibi
890 4140 1129 4221 supervenisse,
1152 4151 1237 4214 quse
1259 4132 1424 4212 Apostolo,

319 4243 371 4303 eni
388 4243 535 4308 rtonnnlli
557 4242 669 4308 ielsom
691 4243 860 4322 epistolam
883 4240 1117 4320 inscripserunt
1139 4243 1174 4300 ut
1196 4233 1423 4298 conturbarent
