3028 4942
333 363 393 440 tot

333 491 387 540 ors
407 490 425 538 ι
446 469 554 538 divitis
575 487 682 536 rueme
704 471 856 538 cedentes
875 471 972 538 uvido
987 471 1128 538 iumeiioi
1150 471 1257 536 cordis
1278 489 1333 535 ure
1352 473 1427 536 soiit-

335 592 412 656 pers
428 617 542 638 .....
557 572 645 655 Ergo
666 576 693 638 si
714 592 804 637 emus
819 591 883 651 me,
905 575 1005 638 irnmn
1020 575 1096 655 quin
1119 573 1260 638 multum
1274 592 1368 650 emus,
1388 592 1428 636 ro

336 684 431 756 gont
449 678 571 740 rombus
586 677 662 740 mihi
684 676 770 741 eires
791 675 1055 741 Putrinrotrornm
1079 677 1331 742 benedictionem
1351 685 1429 740 etr.»

336 775 542 843 Chromatius
562 779 732 860 episeopus
757 779 963 860 aquilejensis
986 788 1079 858 rognt
1094 775 1275 853 Rufinum,
1292 787 1327 841 nt
1347 777 1431 841 libros

335 877 468 944 Eusebii
483 878 522 944 de
536 877 679 944 Historia
697 879 925 944 Ecclesiastico
942 879 1041 943 lutire
1063 887 1192 943 vertute
1209 879 1240 942 in
1260 879 1374 960 quinne
1391 879 1431 940 iit·

337 979 414 1044 teris
435 980 530 1044 nnius
552 979 717 1044 humilitus
742 982 895 1058 monimo,
916 980 1052 1044 ulterius
1073 997 1149 1061 erge
1173 978 1342 1044 linifinnm
1362 977 1429 1039 isne
1491 1039 1492 1048 ,

253 1059 260 1086 ⁸
336 1078 532 1142 celebretur.

420 1176 501 1243 item
516 1180 618 1260 ipsius
630 1183 757 1262 pietatis
778 1188 811 1246 et
832 1181 983 1246 scientiae
1000 1184 1032 1246 in
1048 1181 1145 1246 rebus
1162 1179 1278 1244 divisis
1299 1179 1432 1243 intiiciun

338 1281 605 1361 comprehendes,
620 1284 729 1362 tegens
751 1301 836 1364 qnae
858 1286 926 1364 ipse
945 1283 1112 1364 praemisit
1133 1281 1276 1360 Protogo
1291 1297 1432 1344 commen·

338 1384 496 1446 turiurum
517 1381 555 1446 in
576 1381 749 1464 Prophetas
770 1381 922 1459 Minores,
943 1384 997 1446 nbi
1020 1399 1136 1446 eornm
1157 1385 1349 1446 mentionem
1369 1382 1431 1460 epit,

340 1483 396 1562 qni
410 1483 452 1545 nti
467 1483 528 1548 boo
548 1501 630 1564 opus
651 1485 851 1565 impulerunt
862 1505 874 1564 ι
889 1493 923 1548 et
936 1485 990 1548 nbi
1012 1485 1142 1548 eosdem
1164 1485 1319 1547 hortetur
1341 1501 1433 1564 preor-

338 1589 481 1674 Ιιιιιιιιιο,
506 1593 543 1647 nt
562 1585 601 1646 nd
624 1587 869 1665 promerentium
890 1587 1135 1666 intelligentium
1159 1577 1316 1661 veritates,
1339 1585 1392 1665 piis
1409 1591 1433 1644 et

340 1685 469 1750 intentis
490 1687 636 1766 precibus
662 1687 767 1765 ipsum
798 1686 963 1767 adjuvent.
995 1687 1154 1752 Similiter
1170 1686 1209 1747 ed
1231 1703 1345 1766 popam
1367 1683 1433 1746 Leo·

341 1787 505 1862 rentium,
528 1805 544 1848 ι
567 1805 633 1867 quo
653 1790 683 1850 ei
714 1787 974 1851 commendatum
996 1786 1105 1850 iuernt
1132 1785 1434 1850 commentationis

341 1883 519 1965 Symbolum
539 1886 775 1967 Apostolorum,
804 1889 928 1968 inquit:
945 1907 962 1946 o
979 1885 1134 1963 Quemvis
1167 1905 1266 1965 supro
1291 1888 1371 1949 vires
1389 1902 1432 1945 oo·

276 1999 278 2006 ⁴
341 1995 423 2050 etrus
444 1988 486 2051 sit
505 1987 630 2066 pondus
652 1990 815 2067 praecopii
836 1989 923 2066 (non
938 1989 1024 2052 onim
1044 2007 1095 2050 me
1115 1987 1199 2050 lutet
1219 1987 1274 2048 iiis
1296 1985 1431 2048 sententis

343 2085 547 2166 snpientum,
578 2103 664 2166 queo
685 2087 785 2165 prnire
809 2086 983 2152 admodum
1005 2089 1100 2151 dicit:
1122 2085 1201 2168 quio
1220 2089 1257 2149 dr
1279 2085 1340 2150 Deo
1357 2085 1433 2148 stion

344 2203 419 2249 uero
438 2184 538 2249 dicere
552 2188 768 2266 periculosum
781 2188 849 2264 ret)
865 2197 969 2252 tumen
983 2189 1009 2251 si
1025 2189 1217 2268 petitionisu
1234 2195 1265 2250 te
1285 2189 1433 2268 impositae

347 2289 567 2350 necessitatem
582 2290 783 2352 orationibus
801 2288 909 2369 juves,
924 2291 1032 2354 disere
1047 2289 1155 2370 sitque
1173 2289 1370 2352 obedientiae
1384 2303 1435 2350 ms·
1494 2297 1495 2338 t

345 2387 392 2466 pis
408 2389 602 2464 reverentie,
616 2407 713 2469 quern
729 2393 845 2470 ingenii
860 2394 1121 2473 praesumptione
1137 2391 1340 2454 tentabimus.
1351 2409 1366 2448 ι
1376 2388 1435 2454 css

345 2486 454 2551 eisnns
465 2486 530 2551 divi
541 2487 764 2572 chrysostomi
778 2492 909 2556 auditor
920 2494 951 2555 in
963 2491 1060 2556 Libro
1073 2488 1144 2555 Vii.
1155 2510 1184 2554 r.
1196 2487 1331 2553 XXVII.
1345 2487 1384 2550 lie
1395 2485 1434 2549 to

208 2577 213 2586 '
345 2585 531 2652 rorootiooo
552 2588 703 2655 Domini:
718 2614 734 2652 u
752 2592 918 2670 linitione,
940 2595 997 2669 nit,
1019 2611 1152 2674 quoqne
1173 2593 1363 2655 strutiones
1382 2587 1436 2667 pii·

344 2686 511 2765 ioeophiue
534 2689 583 2751 vir
606 2689 690 2752 nouo
713 2692 941 2756 contemnendo
956 2691 1249 2755 eoelesirstioorurn
1265 2692 1368 2770 portio
1385 2687 1434 2750 iio·
1495 2749 1496 2778 ¹

344 2793 487 2862 otorurn,
499 2788 543 2852 ito
558 2789 589 2852 iu
603 2790 802 2868 expositione
817 2791 960 2872 symboli
978 2793 1017 2854 de
1029 2791 1154 2855 Domini
1171 2791 1435 2870 Nativitsteete.»
1495 2799 1496 2808 ³

344 2883 416 2950 Hoo
436 2888 513 2952 item
536 2897 673 2954 testatur
696 2891 897 2969 Augustinus
921 2893 952 2954 in
976 2891 1118 2973 Epistola
1141 2894 1180 2955 sd
1203 2891 1433 2974 Hieronymum.

347 2985 415 3052 Neo
436 2989 532 3054 ntiter
545 2993 584 3054 de
606 2989 738 3055 linitino
752 2994 954 3056 sentiendum
968 3005 1040 3058 erut
1052 2997 1172 3075 qnippe
1187 3011 1302 3058 eorum
1315 2992 1435 3068 discipu·

345 3088 379 3151 io
400 3106 438 3152 no
460 3089 623 3167 tomiiiori,
640 3094 695 3171 qui
720 3100 795 3158 tuno
811 3097 841 3158 in
858 3093 1000 3159 Ecoiesiu
1023 3094 1080 3159 Dei
1096 3095 1247 3160 orientsii
1261 3103 1294 3158 et
1307 3092 1435 3158 oeoiieo

348 3189 416 3267 tuli,
439 3193 606 3256 sonetitnte
627 3201 659 3257 et
679 3193 825 3260 doctrino
848 3197 1049 3274 praestitere.
