3126 4936
357 503 424 577 rtis.
447 505 487 572 δυ
502 499 635 607 χρόνοις
651 521 708 593 με)
723 495 811 570 τίσιν
827 495 884 566 dua
900 493 987 580 ὄντα,
1003 490 1132 594 ὕστερον
1149 487 1183 562 di
1204 513 1276 560 aare
1292 484 1457 584 γεγονότα·

349 601 436 682 utta
449 603 512 712 apd
524 607 652 711 χρόνων
663 603 798 677 sirarios
816 601 904 687 ὄντα,
922 597 980 673 rai
1002 599 1151 701 πρόοντα,
1170 596 1231 668 act
1246 593 1289 692 τῷ
1303 589 1399 697 auspi
1415 589 1455 674 ὥς

354 711 426 786 ὖιόν
440 713 616 796 διαπαντός
629 713 776 796 συνόντα,
794 710 911 774 Filium
927 710 1066 788 genitum
1083 726 1144 771 non
1159 706 1244 787 qnia
1262 703 1456 782 temporibus

352 820 546 905 quibusdam
563 837 635 880 non·
653 815 818 888 existeret,
835 832 872 875 ac
894 820 1002 892 postea
1024 809 1197 890 aliquando
1211 811 1252 870 sit
1267 818 1381 868 natus:
1404 803 1456 866 sed

354 923 410 1002 qni
424 926 498 982 aute
513 928 656 997 tempora
678 927 808 979 aeterna
823 923 905 976 esset
925 920 957 975 et
970 913 1106 974 anteiret
1116 931 1128 990 3
1144 918 1176 973 at
1199 907 1285 970 Patri
1309 917 1457 986 tanquam

358 1021 460 1085 Filius
473 1029 628 1099 perpetua
644 1017 832 1080 coexistens.
845 1033 861 1071 n
873 1013 960 1074 ldem
975 1031 1051 1076 raro
1064 1012 1236 1074 confitetur
1247 1007 1404 1070 similibus
1414 1005 1460 1066 lo·

354 1119 550 1187 sationibus.
573 1117 633 1182 lix.
656 1134 685 1197 g.
707 1109 896 1208 αὐτολὸγος,
919 1107 1102 1193 ἀυτοκαλὸς,
1126 1103 1279 1194 daucido,
1302 1103 1458 1196 ἀυτοετγα-

351 1213 423 1299 90⁸3,
444 1211 604 1296 ἆνῒθνῖυς,
628 1209 825 1313 ἆυῐσσοφῖα,
849 1209 940 1302 integ
963 1217 1136 1311 panopolis
1158 1214 1247 1299 Θεὸς,
1270 1205 1365 1295 aar&
1385 1203 1461 1291 Θεὲς

355 1319 459 1414 λόγος,
482 1315 642 1402 ἀντοθεός.
668 1324 793 1402 Quibus
807 1329 954 1391 omnibus
970 1327 1152 1390 luculenter
1166 1325 1362 1403 exprimitur
1383 1318 1461 1384 Ver·

354 1427 387 1491 bi
408 1430 512 1492 diviua
534 1437 648 1490 natura
670 1437 702 1492 et
723 1429 1033 1493 consubstantialitas
1065 1447 1139 1492 curn
1173 1427 1278 1490 Patre.
1312 1423 1404 1487 Adeo
1426 1430 1461 1484 ut

354 1547 397 1593 ex
419 1529 469 1593 iris
488 1529 640 1592 ultimum
657 1531 850 1593 vocabulum
872 1530 1074 1593 corisiderans
1092 1527 1237 1591 Valesius
1259 1527 1290 1588 in
1313 1528 1397 1589 notis
1413 1523 1462 1585 Li·

353 1629 405 1694 bri
420 1627 460 1693 X.
484 1649 513 1694 c.
534 1627 589 1693 tv.
608 1627 769 1694 Historiae
786 1630 909 1695 Eacles.
925 1633 1087 1712 scripserit
1105 1631 1165 1692 boc
1179 1629 1329 1694 sufficere
1351 1627 1391 1690 ad
1415 1645 1465 1690 re·

354 1731 519 1814 pellendas
541 1749 651 1794 omnes
673 1733 849 1795 calumnias
870 1753 1007 1810 eorum,
1037 1733 1093 1814 qui
1117 1731 1290 1812 Eusebium
1313 1739 1462 1792 nostrum

354 1835 456 1897 ariani
470 1833 626 1915 dogmatis
647 1834 720 1896 labe
734 1853 900 1912 aspersum
923 1835 1019 1899 luisse
1041 1833 1259 1897 crediderunt.
1278 1853 1293 1890 a
1314 1831 1419 1922 l’orro
1434 1838 1466 1892 et

354 1935 490 2015 ipsamet
509 1934 639 2015 quidem
655 1935 810 1999 vocabula
833 1947 1011 2000 occurrunt
1033 1938 1062 1998 iu
1076 1935 1221 2014 Origenis
1242 1936 1374 2015 scriptis
1395 1934 1463 1996 sisa

354 2038 461 2117 quoad
483 2055 577 2101 nsum
593 2036 659 2100 sive
680 2038 786 2116 quoad
801 2039 1071 2117 significationem,
1096 2038 1142 2098 uti
1161 2037 1312 2116 superius
1337 2035 1461 2116 patela-

356 2146 444 2203 ctum
466 2144 535 2201 este
551 2137 631 2200 adeo
653 2145 690 2200 ut
712 2136 837 2217 liquido
858 2147 991 2212 constet,
1014 2138 1124 2199 ambos
1139 2139 1324 2200 coalescere
1346 2139 1379 2199 iu
1404 2151 1463 2199 una

354 2239 533 2320 eademque
545 2238 617 2302 ddai
634 2237 831 2320 professione
844 2241 929 2302 circa
942 2239 1067 2300 divinae
1078 2236 1240 2300 Trinitatis
1253 2240 1461 2318 mysterium,

353 2341 449 2406 sicuti
471 2341 577 2418 docet,
600 2341 775 2421 docuitque
796 2350 954 2420 perpetuo
976 2339 1119 2403 Ecclesia
1140 2339 1319 2406 Cutbolioa.

438 2439 630 2506 llaec'enim
652 2441 683 2503 iu
710 2439 863 2526 Symbola
883 2442 981 2506 dicit:
1010 2463 1027 2501 e
1050 2441 1144 2505 Fides
1167 2453 1272 2505 uatem
1296 2439 1468 2504 catholica

352 2541 427 2606 taes
441 2551 502 2604 ests
522 2551 558 2605 nst
570 2559 669 2604 unum
692 2540 791 2604 neam
804 2539 840 2606 in
859 2539 888 2604 T
884 2541 1021 2618 sinitote,
1038 2552 1066 2603 et
1090 2539 1276 2605 Trinitatem
1289 2541 1330 2603 ia
1346 2541 1471 2606 unitate

352 2659 542 2706 emerentur.
560 2641 603 2705 tte
621 2641 657 2704 ia
678 2641 737 2704 bae
760 2640 913 2706 Trinitate
934 2639 1018 2704 atati
1034 2640 1127 2723 priua
1146 2653 1203 2705 aut
1221 2643 1396 2723 posterius,
1420 2641 1471 2704 ai-

351 2741 399 2806 bil
418 2741 536 2825 majus,
557 2751 615 2807 aut
635 2740 760 2806 minas:
777 2744 831 2805 sed
850 2752 929 2806 tatae
949 2753 1010 2805 tres
1028 2762 1179 2823 personae
1199 2753 1389 2808 coaeternae
1410 2743 1474 2808 sibi

355 2853 432 2909 eunt
452 2856 478 2907 et
498 2845 689 2924 coaequales.
722 2843 807 2908 lluie
829 2845 1016 2925 professioni
1048 2847 1224 2909 adhaerens
1246 2846 1414 2911 Eusebius
1437 2851 1469 2912 in

354 2943 453 3011 Libro
474 2945 531 3011 xt.
548 2945 804 3028 Praeparatioais
819 2945 1026 3026 EuaapeIicae
1046 2967 1074 3010 c.
1098 2945 1137 3010 X.
1160 2949 1293 3012 scribit:
1312 2973 1331 3010 a
1353 2949 1472 3027 Quum

356 3058 464 3113 autem
486 3051 651 3130 Scriptura
683 3051 899 3136 hebraeorum
920 3068 994 3114 cum
1029 3049 1124 3112 Patra
1145 3059 1178 3112 et
1199 3049 1282 3113 Filia
1303 3051 1473 3133 Spiritum

359 3149 513 3218 Sanctum
534 3159 703 3231 numeret;
726 3169 763 3214 aa
785 3151 1018 3225 beatissimam,
1040 3152 1338 3232 sanctissimamque
1361 3153 1475 3219 'l'rini-

356 3257 455 3316 tatem
473 3271 573 3318 unum
592 3253 696 3317 Deum
711 3273 779 3316 esse
799 3251 966 3332 significet,
991 3250 1078 3332 quod
1099 3254 1283 3332 expressius
1297 3262 1333 3316 at
1356 3254 1478 3322 Eccle-

354 3353 402 3416 sia
422 3357 518 3419 aentit
538 3355 755 3437 etpraedicat
770 3363 831 3417 etc.
848 3373 865 3412 n
883 3351 922 3416 Et
943 3355 1041 3433 paulo
1063 3363 1134 3433 post
1148 3355 1303 3419 adversus
1327 3357 1477 3437 platoni·

354 3469 410 3518 cos
430 3456 615 3521 concludit:
633 3477 650 3516 a
666 3451 779 3518 Divina
795 3473 874 3519 raro
895 3457 1060 3536 Scriptura
1075 3455 1212 3519 'Patrem
1234 3465 1266 3519 et
1288 3455 1420 3524 Filium
1445 3472 1481 3526 et

357 3549 512 3634 Spiritum
527 3555 677 3620 Sanctum
693 3573 793 3620 unum
809 3574 919 3618 rerum
939 3557 1082 3620 omnium
1099 3557 1289 3636 principium
1305 3578 1382 3622 esse
1396 3582 1479 3624 con-

356 3651 474 3719 tirmat.
489 3675 506 3714 n
522 3654 564 3719 Et
587 3655 661 3719 inc.
681 3651 735 3717 Vl.
757 3654 802 3718 Ile
822 3653 982 3720 &adibas
1007 3653 1220 3733 Constantini,
1242 3659 1330 3721 circa
1357 3679 1483 3727 nume·

357 3770 432 3818 rum
455 3759 632 3820 ternarium
658 3757 814 3836 inquittu
838 3758 947 3843 Atque
969 3757 1046 3819 haec
1069 3759 1221 3841 mysticae
1240 3773 1483 3828 sacrosanctae

356 3862 389 3918 st
409 3861 517 3937 regiae
531 3855 695 3922 Trinitatis
717 3861 884 3939 imaginem
906 3858 1070 3938 reiarunt;
1089 3877 1173 3938 quun
1194 3878 1268 3922 cunr
1290 3863 1324 3923 iu
1350 3876 1483 3931 natura

357 3960 509 4023 consistat
528 3967 663 4042 experta
684 3967 776 4025 ortus
796 3966 829 4023 et
849 3959 1015 4039 principii,
1043 3963 1186 4024 omnium
1201 4003 1212 4036 ,Ἴ
1243 3979 1331 4042 quaa
1357 3977 1483 4032 ortum

356 4057 487 4138 babent,
507 4061 761 4130 substantiarum
780 4060 914 4139 semina,
936 4063 1077 4128 rationes
1091 4069 1125 4129 et
1144 4081 1258 4130 causas
1278 4065 1310 4128 iu
1333 4083 1375 4132 se
1399 4089 1486 4138 cou-

358 4161 448 4229 tinet.
471 4181 489 4223 s
