2994 4938
748 592 887 663 chenu
907 591 1024 661 xxiv.

281 823 283 830 ·
331 795 442 878 Parcit
461 791 641 878 disquisitio
661 793 749 860 circa
769 793 945 877 Epistolam
956 793 1167 877 apocrypham
1188 791 1342 860 Anastasii
1359 793 1413 859 Pa·

365 916 427 980 pac
446 897 490 962 ad
502 893 742 978 simplicianum
761 894 940 978 episcopam
959 895 1229 971 mediolanensem,
1242 894 1279 959 im
1296 913 1418 978 pausas

294 1008 300 1020 '
370 1015 442 1064 cam
461 995 530 1062 scis
548 995 675 1078 scriptis
695 995 878 1061 indistinete
891 997 1115 1061 condemnatas·
1137 993 1300 1077 Oripemes:
1319 994 1418 1060 stadie·

372 1120 402 1165 se
423 1097 549 1164 collalis
567 1117 648 1182 qaae
667 1097 778 1162 deinde
797 1117 896 1180 empne
916 1099 960 1164 ad
978 1096 1077 1162 secali
1096 1097 1128 1162 V.
1148 1099 1242 1179 ficiem
1262 1099 1297 1164 de
1309 1097 1359 1162 loe
1374 1114 1419 1160 as·

369 1209 518 1284 cemento
536 1197 625 1266 dicta
643 1209 719 1266 soal
738 1199 777 1266 cl>
798 1199 956 1265 Ecclesiae
975 1197 1189 1282 scriptoribus.

334 1444 464 1567 Nemo
485 1501 596 1577 nescit,
618 1519 703 1582 quse
723 1502 893 1584 hucusque
913 1499 953 1565 de
968 1499 1126 1566 Anastaell
1152 1500 1270 1564 litteris
1289 1499 1321 1562 in
1340 1513 1421 1564 eausa

335 1603 484 1684 Origeuis
506 1603 691 1681 hausimus,
719 1602 821 1666 videri
846 1602 1086 1683 quonammodo
1107 1601 1295 1664 infirmanda
1318 1601 1354 1664 eh
1370 1599 1422 1662 elia

335 1703 436 1782 ipsius
457 1702 615 1768 anastasii
635 1704 770 1785 epistola
792 1704 909 1784 scripta
932 1703 972 1767 ad
994 1700 1234 1781 simplicianum
1252 1704 1420 1781 episcopum

334 1801 532 1868 Mediolani:
554 1804 610 1868 uhi
630 1813 804 1886 appareret
825 1805 892 1870 ulla
908 1805 1030 1884 absque
1046 1803 1247 1868 restrictione
1267 1804 1417 1866 damnatus

334 1899 500 1984 Origenes.
521 1901 630 1969 Tenos
651 1923 729 1970 uero
750 1903 904 1985 epistolae
924 1907 969 1970 sie
989 1923 1024 1968 se
1045 1904 1158 1968 hahet:
1488 1961 1489 2000 ᾖ

412 1999 443 2067 1.
465 1999 627 2068 Grandem
648 2003 896 2068 sollicitudiuem
911 2012 1009 2087 atque
1026 2007 1180 2070 excubias
1199 2023 1301 2086 super
1314 2019 1423 2087 gregem
1488 2007 1489 2094 t

333 2121 430 2169 suurn
451 2112 563 2186 pastor
581 2106 701 2169 hahere
721 2105 932 2187 adprobatur.
964 2105 1122 2170 Similiter
1141 2111 1173 2169 ct
1194 2124 1236 2170 ex
1254 2105 1327 2185 'plta
1348 2112 1425 2168 turre
1488 2163 1489 2192 ,

334 2221 448 2269 caussa
479 2206 616 2270 civitatis
641 2206 699 2269 diu
729 2212 893 2286 noctuque
923 2215 1040 2270 cautus
1068 2207 1257 2288 speculator
1282 2206 1424 2270 umectat

332 2304 489 2386 Magister
520 2306 676 2387 providus
696 2307 786 2371 navis
814 2307 892 2370 hora
916 2309 1111 2389 tempestatis
1141 2315 1174 2372 et
1194 2307 1351 2389 periculi,
1372 2321 1426 2368 mn

334 2421 429 2488 gnam
451 2408 574 2487 patitur
592 2407 687 2471 animi
706 2407 931 2488 jactationem,
955 2425 995 2472 ue
1016 2408 1166 2488 procellis
1187 2417 1286 2488 atque
1306 2406 1426 2488 aspersi·

332 2507 393 2571 mie
414 2506 564 2572 iluctihus
584 2509 675 2572 uaris
694 2507 836 2573 elidatur
854 2509 886 2572 iu
906 2526 996 2573 saxa.
1021 2508 1094 2572 Pari
1115 2509 1222 2572 animo
1245 2511 1296 2570 uir
1315 2513 1425 2571 saneim

334 2613 369 2672 et
387 2608 585 2674 honorabilis
603 2607 814 2691 Theophilus,
841 2609 942 2674 irater
962 2620 993 2675 et
1011 2610 1220 2691 coepiscopus
1240 2616 1358 2685 noster,
1378 2608 1426 2671 eir

333 2723 372 2772 ca
393 2708 506 2772 salutis
527 2709 771 2774 commodanon
792 2710 906 2774 desinit
929 2711 1073 2791 vigilare,
1089 2729 1129 2773 ue
1151 2709 1208 2774 Dei
1230 2710 1366 2790 populns
1382 2723 1428 2788 per

333 2807 478 2876 diverses
498 2812 649 2878 ecclesiae
662 2809 834 2893 Origeuem
855 2811 1004 2894 legendo,
1020 2813 1052 2876 iu
1073 2829 1203 2894 magnas
1216 2811 1361 2877 incurrat
1373 2809 1427 2872 hla-

332 2910 503 2993 sphemias.
593 2933 597 2940 ·

412 3009 444 3078 2.
474 3010 801 3078 conventrensem
830 3014 1023 3090 memorati,
1055 3013 1212 3078 convenio
1242 3013 1425 3078 sanctitatem
1488 3045 1489 3067 t

333 3211 536 3288 pomulorum
550 3213 675 3288 statuit,
696 3219 729 3276 et
749 3211 811 3279 hde
830 3231 888 3278 sue
909 3214 1113 3278 confirmavit
1134 3214 1295 3295 gloriosus
1316 3213 1426 3282 Petrus·

333 3327 375 3374 ue
388 3313 460 3392 quis
476 3320 587 3377 eontra
609 3319 816 3394 praeceptum
830 3315 919 3396 legat
931 3315 1025 3394 haee,
1040 3333 1125 3397 quae
1148 3315 1302 3389 diximus,
1319 3315 1429 3376 damur

334 3409 454 3489 vimus,
477 3420 510 3476 el
530 3431 604 3478 cum
626 3417 747 3495 magnis
768 3415 917 3496 precihus
938 3417 1189 3496 postulavimus,
1206 3424 1243 3478 ut
1256 3411 1429 3494 Evangelio

333 3527 408 3574 rum
431 3513 586 3591 instituta,
609 3533 693 3596 quse
713 3532 755 3581 ex
775 3534 834 3582 ore
853 3535 915 3582 sno
929 3515 989 3580 liei
1009 3525 1041 3581 et
1062 3515 1180 3582 Christi
1199 3515 1313 3579 docuit
1333 3527 1427 3579 oeneu-

334 3629 384 3690 ra,
400 3614 441 3677 ah
462 3615 523 3680 hac
537 3616 643 3682 recedi
655 3620 784 3682 omnino
800 3635 863 3682 uon
878 3618 1009 3696 dehere,
1031 3618 1086 3681 sed
1105 3617 1186 3682 illud
1208 3617 1240 3680 iu
1257 3615 1429 3680 memoriam

335 3713 464 3795 deduci,
485 3718 573 3800 quod
595 3718 717 3785 Paulus
738 3721 930 3785 sonorabilis
954 3720 1129 3802 Apostolus
1151 3719 1326 3799 praedixit,
1348 3723 1428 3795 atque

334 3819 553 3882 commonuit:
576 3815 607 3881 si
624 3819 696 3901 qais
715 3819 801 3884 ochis
822 3819 1087 3903 evangelizaverit
1104 3819 1337 3900 praeterquod
1356 3829 1430 3881 emt·

331 3915 501 3998 pelisctssm
521 3929 566 3984 est
584 3919 683 3996 ochis,
704 3923 870 3986 anathemo
891 3922 943 3986 sit.
968 3921 1072 4003 lgitnr
1092 3921 1153 3984 hoc
1171 3927 1378 4000 praeceptum
1396 3921 1429 3975 le·
1488 3960 1489 3982 t

330 4025 459 4096 nentes,
481 4020 563 4085 illud
585 4022 742 4103 quidquid
764 4033 811 4088 est
824 4024 896 4088 ledet
916 4032 1045 4090 nostrae
1067 4021 1291 4097 contrarium,
1313 4019 1355 4083 ah
1371 4013 1428 4080 tiri·

333 4135 413 4200 pene
433 4122 596 4201 quondam
621 4124 777 4204 scriptum
799 4125 1033 4204 iudicavimus,
1060 4141 1079 4188 a
1106 4121 1197 4187 uehis
1217 4137 1288 4188 esee
1308 4121 1428 4187 alienun
1488 4157 1489 4182 2

334 4227 433 4306 atque
453 4225 612 4307 punitum.
1488 4207 1489 4220 ¹

332 3111 436 3187 luam,
459 3117 496 3176 ut
514 3113 609 3177 sicuti
629 3130 687 3178 noe
707 3113 740 3177 in
760 3112 842 3177 urhe
862 3112 965 3178 Roma
987 3113 1092 3193 positi,
1115 3132 1212 3194 quum
1231 3111 1378 3193 Princeps
1395 3105 1428 3172 h·

1488 3879 1489 3956 l

1488 3985 1489 4026 l
