3186 4946
1202 424 1246 480 m

149 535 282 611 horum
310 533 455 623 schole,
474 533 510 609 in
537 554 697 610 errorem
727 532 836 610 tracti
864 543 962 618 snut,
990 529 1246 609 existimantes

153 641 274 764 prava
294 675 334 738 et
360 663 470 762 impie
498 660 670 760 dogmata
697 661 863 738 docuisse
882 673 920 738 et
947 660 1136 758 scripsisse
1164 658 1248 735 Ori-

152 812 298 889 genem,
324 789 548 890 proindeque
575 790 613 866 iu
640 790 774 866 ritaet
800 799 1062 890 postmortem
1090 785 1248 876 eustho-

151 922 383 1016 metientem.

259 1048 315 1124 lte
334 1069 423 1124 sane
449 1062 529 1123 est:
559 1047 595 1121 iu
618 1044 688 1122 hec
713 1043 927 1145 quaestione
945 1041 1134 1122 christiani
1161 1065 1246 1118 cum

154 1173 363 1251 christianis
390 1188 567 1275 pugnant,
586 1173 779 1250 orthodoxi
807 1194 890 1249 cum
911 1170 1138 1258 orthodoxis,
1165 1171 1247 1268 epi-

152 1302 254 1400 scopi
281 1324 364 1378 cum
390 1303 584 1400 episcopis,
612 1302 780 1376 doctores
807 1322 889 1376 com
909 1297 1133 1383 doctoribus,
1161 1289 1246 1372 sau·

154 1429 204 1503 cti
231 1451 315 1504 cum
341 1428 478 1505 sanctis
505 1429 705 1528 disputent.
736 1428 793 1503 llli
820 1427 1015 1526 Origencm
1041 1426 1181 1502 habeut
1208 1433 1247 1501 et

153 1569 376 1634 venerantur
401 1557 644 1633 orthodoxum
664 1569 704 1633 et
729 1557 858 1656 pium3
884 1555 946 1631 isti
964 1555 1188 1631 haereticum
1208 1563 1248 1628 st

152 1681 307 1784 impium
333 1684 517 1781 despuunt
543 1683 751 1783 origenem.
781 1682 829 1760 Et
865 1682 961 1758 inter
998 1694 1172 1780 utrosque
1200 1679 1248 1754 la·

153 1823 234 1884 tum
252 1810 389 1886 mediet
407 1810 653 1897 intervallum,
682 1811 778 1909 quod
797 1831 889 1884 unos
907 1807 954 1884 eb
979 1807 1062 1882 nliie
1081 1806 1132 1882 ite
1151 1827 1249 1882 emo·

152 1949 230 2023 ret,
251 1946 292 2011 ut
317 1959 500 2035 uunquam
520 1937 731 2038 concordiae
751 1936 852 2012 locus
879 1936 940 2011 sit.
961 1933 1014 2009 dc
1050 1933 1146 2022 ideo,
1173 1929 1245 2008 ctsi

154 2063 371 2148 dixerimus,
402 2064 541 2162 primos
568 2063 698 2140 illusos
726 2063 838 2140 luisse
871 2076 911 2138 ct
928 2085 1083 2148 errasse,
1114 2059 1248 2137 existi·

97 2239 103 2248 ·
154 2206 300 2270 mantes
328 2192 586 2268 Adamantium
614 2205 714 2268 reete
742 2193 924 2278 sensisse,
951 2189 1137 2289 probeque
1163 2187 1249 2266 scri·

154 2321 296 2419 psiesc,
332 2345 375 2395 ec
411 2322 470 2420 pie
508 2319 722 2396 defunctum
749 2319 785 2393 in
813 2318 1005 2406 Ecclesia,
1033 2331 1246 2396 ettameuu

155 2449 285 2546 quovis
312 2447 418 2546 culpe
445 2448 627 2524 immunes
655 2446 737 2524 illos
761 2446 808 2524 ob
836 2447 930 2524 hene
957 2445 1160 2522 illusionem
1184 2445 1249 2523 de-

155 2573 308 2660 clarare,
337 2598 444 2651 nemo
473 2589 545 2660 est,
573 2574 664 2650 mihi
694 2574 848 2659 suadeo,
879 2575 941 2672 qui
978 2571 1072 2648 haue
1099 2584 1250 2673 respuet

154 2701 456 2778 declarationem.
486 2701 535 2780 Et
558 2705 608 2778 ite
637 2726 766 2801 reapse
792 2703 900 2778 docet
926 2725 1055 2778 seusus
1084 2701 1246 2777 intimus.

156 2826 290 2904 Errare
308 2830 407 2904 enim
421 2831 580 2906 hominis
595 2842 667 2906 est.
689 2829 752 2905 dit
770 2829 852 2906 ideo
874 2853 905 2904 s.
930 2829 1175 2927 Hieronymus
1200 2829 1248 2906 de

155 2957 395 3054 scriptoribus
432 2958 713 3034 ecclesiasticis:
739 2983 757 3031 e
779 2957 862 3034 Scio
889 2980 949 3035 me
978 2957 1087 3036 eliter
1113 2956 1247 3034 hahere

155 3080 365 3180 apostolos,
393 3085 500 3160 aliter
527 3085 686 3184 reliquos
718 3098 959 3162 tractatores:
993 3085 1076 3163 illos
1103 3109 1249 3187 semper

154 3231 244 3284 rere
270 3210 413 3301 dicero,
440 3213 532 3290 istos
564 3213 601 3288 in
633 3213 872 3313 quibusdem,
899 3228 941 3293 ut
973 3214 1158 3302 homiues,
1185 3237 1248 3290 or·

154 3359 289 3413 rore.»

264 3465 439 3546 Similiter
457 3468 487 3544 si
502 3469 623 3558 hodie,
640 3483 780 3548 memte
798 3471 993 3562 sententie,
1013 3472 1246 3551 asserendum

154 3589 264 3679 ieret,
292 3617 519 3697 nequaquem
548 3597 732 3696 praefatos
759 3598 1147 3700 uiros„Pemphilum,
1175 3599 1248 3677 Eu·

154 3719 312 3809 echium,
339 3721 656 3822 chrysostomum,
682 3725 930 3813 Theotimum,
956 3725 1135 3803 loannem
1169 3729 1249 3804 hie·

154 3849 472 3947 rosolymiteuum,
499 3853 661 3952 aliosque
690 3854 823 3953 probos
843 3854 953 3941 viros,
981 3854 1109 3930 illusos
1135 3855 1248 3934 luisse

155 3998 303 4050 causam
319 3978 559 4077 suscipientes
577 3981 743 4080 Origenis
757 3993 795 4056 et
815 3982 1075 4069 monachorum
1104 3983 1250 4060 uitrico·

153 4102 279 4192 sium;
310 4105 375 4180 aed
407 4129 454 4182 ex
482 4107 634 4185 adverso
666 4109 831 4186 illusione
869 4121 995 4208 captos
1027 4109 1137 4188 luisse
1175 4132 1248 4186 uon

154 4229 274 4308 solum
303 4230 547 4336 Theophilum
575 4237 639 4315 sed
666 4247 705 4314 et
732 4260 782 4314 ss.
809 4234 1071 4335 Hieronymum
1096 4249 1134 4315 et
1162 4235 1250 4337 Epi·
