3042 4940
341 371 402 444 tuti

342 495 427 557 quae
448 475 618 544 roboreae
634 467 943 543 firmttsto'rtsuxtt
956 485 1102 561 quatuor
1122 478 1432 562 praecedentequulr

345 575 535 641 Timotheus
558 578 658 641 ullam
681 579 723 640 ibi
745 579 862 644 subdat
886 580 1082 646 additionem
1107 564 1337 664 specialem'de
1354 581 1434 646 iusti·

345 678 429 742 uiani
452 676 595 758 Epistola
617 678 657 740 ad
679 677 830 745 Mennam
851 680 940 745 circa
954 681 1104 764 origenis
1126 686 1306 748 anatliema.
1326 681 1385 746 Nec
1401 681 1435 744 di·

343 777 523 842 versimode
549 779 681 844 eruitur
712 778 743 840 in
765 777 998 860 satisfactionis
1027 780 1203 862 exemplari
1223 783 1306 844 inter
1337 781 1434 864 Cpruu

341 877 559 944 Alexandriae
581 882 769 958 episcopum
790 891 823 942 et
842 883 968 962 eosqui
989 901 1030 946 ex
1046 894 1138 962 parte
1158 891 1250 946 arant
1270 881 1435 944 Theodosia·

340 996 480 1044 uorum:
504 978 558 1039 ubi
574 979 718 1058 quinque
732 977 937 1064 synodorum
966 982 1168 1045 instauratur
1188 981 1265 1044 lidos
1286 980 1437 1044 etaartlse·

340 1095 393 1143 ma
424 1087 536 1144 contra
567 1078 768 1158 haereticos3
790 1089 824 1144 et
855 1081 910 1146 ubi
931 1081 971 1146 de
1002 1082 1151 1162 Origenis
1182 1079 1436 1146 errortensnottr

339 1185 475 1246 mentio.

422 1279 559 1347 Domum
575 1281 624 1344 his
644 1283 791 1347 omuibus
813 1283 1089 1356 testificationibus
1104 1283 1290 1347 addendum
1305 1287 1351 1346 eat
1367 1276 1436 1360 qaod

340 1381 439 1446 tradit
449 1382 626 1448 Garaeriua
641 1385 671 1446 in
683 1383 778 1448 Lidra
792 1383 915 1448 Diurno
928 1384 1142 1450 Romanorum
1158 1384 1346 1464 Pontificum
1356 1401 1380 1445 c.
1393 1379 1437 1444 lli.

341 1480 453 1549 Titulo
474 1483 503 1550 6.
520 1485 561 1548 de
582 1485 654 1550 fidei
675 1487 873 1565 professione
897 1486 1068 1551 emittendo
1091 1489 1122 1548 in
1145 1486 1312 1549 Pontificio
1333 1483 1439 1548 ordina·

341 1586 429 1648 tione
448 1592 481 1648 et
501 1586 641 1650 ndlribita
664 1587 763 1667 paulo
785 1595 857 1668 post
876 1586 1040 1671 Spuodam
1062 1595 1187 1652 sextam
1210 1587 1437 1651 oecumenicam.

341 1684 380 1750 lu
392 1687 452 1750 lrac
468 1688 578 1766 itaque
601 1688 799 1767 professione
813 1689 950 1768 spondet
966 1687 1115 1754 Pontifex
1138 1689 1347 1764 ordinandos,
1361 1705 1390 1749 se
1407 1695 1440 1748 te

343 1803 433 1863 uere,
457 1788 656 1870 praedicare,
677 1789 850 1854 defendere
879 1790 968 1852 illam
993 1790 1087 1854 tidem
1119 1791 1159 1853 ab
1181 1790 1345 1870 Apostolis
1364 1785 1440 1850 tradi·

343 1896 431 1954 tamr
453 1907 537 1970 quae
558 1899 706 1971 suscepta
728 1898 776 1956 est
794 1909 813 1954 a
828 1891 958 1954 nicaena
981 1889 1126 1976 Synodo,
1155 1909 1194 1954 ac
1215 1891 1330 1955 deinde
1349 1889 1441 1969 probr-

341 1995 374 2051 ta
395 2006 415 2052 a
437 1989 539 2053 tribus
560 1988 695 2072 Synodls
715 1991 1075 2071 constantinopolitana,
1109 1990 1259 2070 ephesina
1289 1999 1320 2054 et
1340 1988 1442 2051 curtae·

339 2087 490 2152 donensis
507 2110 525 2150 n
541 2088 604 2154 Eos
620 2098 729 2153 autern
750 2091 951 2170 quicumque
970 2090 1012 2152 ab
1032 2090 1151 2154 eisdem
1173 2091 1293 2154 sanetis
1316 2088 1441 2154 Petrinus

340 2189 569 2252 rememoratis
589 2199 733 2270 quatuor
764 2188 911 2270 Synodis,
940 2191 990 2252 rel
1015 2192 1125 2272 quinta
1146 2191 1207 2255 sab
1228 2191 1281 2270 pia
1312 2186 1442 2252 memoria

339 2286 513 2354 iustiniani
544 2290 703 2367 confecta,
734 2291 869 2354 dirersis
893 2292 1017 2354 vicibus
1050 2291 1191 2352 damuati
1216 2291 1378 2372 leguntur,
1396 2304 1442 2366 epa
1501 2345 1502 2348 ,

339 2406 479 2472 meaque
499 2390 634 2454 ecclesia
647 2389 838 2454 eorumdem
855 2391 1070 2455 venerandam
1088 2389 1222 2454 Petrum
1240 2391 1442 2454 auctoritatem

340 2498 524 2570 sequentes,
546 2490 710 2554 insolubili
730 2492 935 2561 damnatione
958 2491 1191 2572 percellimus;
1214 2511 1276 2556 nec
1296 2509 1356 2554 nou
1374 2498 1401 2552 et
1416 2507 1441 2549 o

341 2608 443 2668 mnes,
466 2610 548 2673 qnos
570 2592 682 2657 beatae
702 2593 936 2656 recordatiouis
959 2592 1082 2656 Romae
1104 2593 1192 2656 urbis
1209 2591 1374 2656 Pontifices
1386 2607 1443 2671 prc-

341 2791 457 2859 Postea
479 2795 607 2859 subdit:
626 2816 643 2856 n
660 2795 856 2859 Profitemur
876 2797 976 2858 sanati
1008 2794 1123 2858 Leonis
1143 2795 1314 2874 epistolam
1335 2793 1371 2854 ad
1387 2787 1444 2852 fla·

295 2932 300 2942 ·
342 2895 487 2970 sianum,
510 2914 595 2976 quae
615 2903 648 2959 et
671 2894 784 2958 Tamus
805 2896 1004 2975 appellatur,
1026 2913 1202 2975 omnesque
1224 2896 1297 2975 eius
1317 2891 1444 2973 epistolar

342 2995 574 3059 inviolabiliter
588 2995 752 3072 custodire
773 3003 805 3058 et
827 2995 1128 3074 praedicareris.»
1147 2995 1199 3059 Ex
1222 2996 1322 3078 huius
1343 2991 1443 3074 profes·

343 3097 441 3162 sionis
460 3096 632 3160 dictamine
652 3095 784 3175 limpide
805 3095 947 3172 haurias,
973 3096 1094 3177 Papam
1115 3098 1331 3160 ordinandum
1353 3096 1443 3158 decre
1501 3113 1502 3138 2

343 3204 413 3262 tum
435 3199 578 3264 omisisse
599 3197 639 3263 de
657 3189 789 3277 speciali
811 3198 1013 3262 anathemate
1034 3196 1203 3277 indigendo
1225 3196 1360 3279 Oripeai
1378 3195 1446 3276 ejus·

342 3317 408 3382 que
429 3298 571 3380 dogmati
578 3319 590 3378 3
613 3317 671 3364 nec
692 3298 831 3378 ntnpliua
854 3298 885 3361 in
906 3296 1036 3383 Synodo
1058 3298 1096 3363 V.
1119 3299 1286 3363 firmatum
1310 3299 1444 3361 adsersus

335 3399 537 3476 dremnms,
553 3399 612 3462 nisi
633 3399 721 3480 quod
744 3407 836 3462 antea
857 3405 1015 3462 statutum
1039 3398 1147 3462 fueret
1167 3401 1198 3462 ia
1219 3408 1364 3479 quatuor
1381 3395 1447 3461 Gon·

215 2715 229 2730 ·
341 2699 414 2773 pter
426 2692 571 2758 diversos
586 2711 717 2760 errores
731 2694 782 2758 sel
800 2694 950 2759 haereses
965 2694 1213 2768 damnaverunt,
1232 2694 1442 2756 damnamus.»
1501 2685 1502 2734 ὲ

343 3501 659 3565 cilifssoeeumeaicis
667 3520 680 3579 3
702 3499 745 3562 ita
769 3508 806 3563 nt
827 3500 927 3580 magis
946 3517 986 3563 ac
1007 3501 1107 3580 magis
1128 3500 1257 3562 dicatur
1278 3494 1444 3580 huiusmodi
1501 3565 1502 3570 ἵ

346 3601 519 3668 iustiniani
542 3601 685 3683 Epistola
708 3601 747 3665 ad
769 3599 919 3664 Meannm
940 3601 1040 3666 relati
1065 3601 1252 3688 apocrypha
1272 3599 1390 3664 nullius
1405 3598 1447 3660 la·

346 3706 413 3769 bite
435 3703 533 3767 fuisse
562 3703 714 3766 momenti
734 3701 766 3764 in
787 3700 932 3766 Ecclesia
954 3701 1084 3768 Christi.

425 3803 611 3881 Quinimmo
636 3822 679 3868 ex
703 3802 867 3883 Epistolae
893 3820 996 3884 aeque
1019 3823 1163 3885 expenso
1190 3812 1315 3881 tenore,
1333 3801 1384 3884 qai
1402 3799 1448 3862 lu·
1501 3883 1502 3898 χ

343 3906 485 3988 jusmodi
507 3912 556 3970 est
577 3904 613 3968 in
631 3913 793 3985 posteram
814 3912 917 3967 cotem
938 3921 976 3967 na
996 3903 1091 3970 aliter
1110 3905 1300 3970 ordinentur·
1318 3893 1445 3984 puori

344 4005 410 4071 nisi
427 4005 519 4087 prins
540 4004 705 4070 corneliis
725 4004 867 4070 omnibus
888 4005 1068 4081 haereticis,
1087 4005 1146 4087 poi
1165 4009 1300 4071 demere
1320 4003 1355 4066 in
1372 3999 1447 4064 editis

346 4106 463 4172 ttasttts
483 4105 809 4184 anathematizantur,
828 4104 963 4172 Sabellio
983 4106 1061 4172 Ario
1080 4117 1136 4172 eta.
1155 4106 1351 4190 praedictam
1371 4102 1446 4164 etian

347 4203 594 4292 Orioencn,poi
611 4225 816 4292 popanorant
835 4216 864 4274 ct
883 4207 1072 4277 arianorum
1085 4209 1218 4276 insanio
1237 4203 1387 4276 laborauit
1399 4211 1443 4266 etr:
1501 4239 1502 4258 r
