2982 4934
1091 357 1151 428 Μ

476 471 614 540 CAPUT
637 473 722 538 ttttt.
1068 472 1075 480 '

51 677 126 743 leto
144 687 341 742 recensentur
375 675 647 759 Constantinopoli
677 679 759 744 inter
780 678 994 762 Epiplloniom
1014 691 1041 744 st
1060 678 1156 744 loon·

87 799 153 844 mm
178 777 426 860 Cbrysostomom
448 777 534 844 circo
567 779 712 862 Oripenis
733 791 760 844 rt
780 781 1001 846 monooboront
1021 779 1156 846 nitrien·

86 881 167 945 riom
180 881 601 964 «consonantemque
618 904 679 964 pro
703 883 752 946 bis
774 885 913 964 reposito
934 881 1084 966 ampliori
1104 903 1157 948 ott·

89 985 257 1048 moluntur
277 982 502 1048 illustratione.

57 1203 266 1330 sozomenus
286 1269 318 1330 in
339 1263 436 1328 Libro
459 1264 547 1330 Vlll.
565 1263 686 1330 litator.
711 1265 797 1330 Eccl.
820 1285 848 1330 c.
866 1265 939 1330 tttt.
961 1275 1023 1332 etc.
1047 1280 1157 1332 narrat

54 1368 216 1430 monacbos
231 1367 274 1430 nb
285 1363 452 1446 Theophili
467 1367 593 1430 insidias
607 1369 747 1447 primum
758 1366 1014 1452 Hierosolymam
1027 1371 1155 1450 petisse,

54 1467 157 1532 deinde
177 1469 378 1554 scytopolim
389 1490 401 1548 3
423 1488 461 1534 ao
481 1470 611 1534 demum
632 1469 940 1550 Constantinopolim
971 1471 1098 1547 adiisse,
1122 1479 1159 1536 ut

55 1587 153 1633 eoram
174 1569 302 1634 Joaune
322 1574 472 1652 episcopo
493 1571 591 1652 buius
612 1571 715 1646 urbis,
737 1579 770 1632 et
791 1571 1002 1650 imperatore,
1025 1573 1156 1636 insidiae

55 1671 121 1750 ipsis
134 1684 342 1753 comparatae
356 1676 636 1738 convincerentur.
651 1671 849 1753 Tbeopbilus
865 1681 986 1748 autem,
1007 1693 1081 1736 eum
1098 1674 1157 1736 lal-

55 1791 101 1836 sus
119 1794 236 1839 rumor
258 1776 457 1849 invaluisset,
484 1775 750 1860 chrysostomum
772 1793 845 1838 eum
868 1773 1025 1838 Dioscuro
1046 1795 1085 1840 ac
1107 1795 1156 1840 re·

55 1873 138 1954 liquis
158 1879 435 1950 communicasse,
458 1896 578 1956 eosque
601 1879 631 1940 in
652 1877 800 1938 omnibus
829 1875 985 1956 adjuvare
1007 1885 1158 1956 paratum

56 1993 124 2051 esse,
146 1981 292 2058 cogitare
312 1981 429 2056 eoepit,
447 1995 511 2058 qua
528 1979 650 2040 ratione
669 1976 825 2042 loannem
842 1995 974 2056 quoque
996 1977 1100 2057 ipsum
1120 1977 1161 2040 ab

56 2079 231 2157 episcopatu
254 2079 394 2159 dejicere
413 2087 530 2158 posset.
555 2075 680 2140 interea
702 2076 741 2138 ad
763 2077 929 2156 episcopos
949 2077 1102 2152 scribens,
1125 2079 1162 2140 li·

56 2177 121 2242 brns
139 2181 289 2260 Origenis
310 2181 528 2259 reprehendit,
545 2191 577 2242 et
600 2180 740 2240 maxime
761 2177 799 2238 ad
822 2175 1037 2257 Epiphanium
1059 2180 1159 2256 (tnnc

57 2279 128 2342 inea
150 2282 281 2360 regione
296 2281 379 2342 lama
403 2282 486 2360 apud
511 2299 622 2344 omnes
637 2277 815 2353 eximium)
836 2279 895 2339 sibi
917 2287 1098 2342 consortem
1114 2279 1160 2342 ln-

57 2380 131 2443 eiens
146 2382 395 2444 indemnatione
417 2373 577 2460 origenis,
594 2383 625 2444 iu
647 2377 742 2460 cuius
763 2378 802 2439 ad
826 2379 928 2456 ipsum
943 2379 1059 2444 litteris
1082 2383 1160 2444 baec

57 2479 219 2560 leguntur:
239 2481 372 2544 «Didici
388 2484 471 2546 enim
487 2481 573 2560 quod
590 2481 838 2542 calumniatores
861 2497 957 2542 verae
973 2479 1058 2555 fidei,
1082 2482 1158 2544 Am·

58 2584 191 2659 nonius,
215 2581 376 2646 Eusebius
397 2591 495 2662 atque
514 2579 699 2648 Eutbimius
720 2597 805 2642 novo
827 2597 886 2660 pro
907 2580 1031 2644 baeresi
1047 2581 1160 2646 lurore

58 2680 251 2756 baoebantas,
267 2683 574 2763 Constantinopolim
597 2684 802 2761 navigarunt,
820 2689 858 2743 ut
877 2689 908 2744 et
930 2699 1030 2746 novos
1051 2685 1160 2763 siquos

60 2785 226 2862 valuerint,
248 2786 434 2881 decipianty
447 2793 480 2846 et
494 2784 657 2847 veteribus
681 2801 759 2846 suae
781 2783 951 2860 impietatis
972 2784 1065 2846 sociis
1087 2803 1161 2848 onn-

55 2882 260 2966 juuyantur.»
273 2888 417 2968 itemque
439 2885 579 2950 adstruit
592 2904 617 2949 s.
631 2881 848 2969 Hieronymus
863 2901 880 2946 a
895 2879 1074 2964 Tbeopbilo
1088 2903 1163 2967 sup

59 2985 219 3062 plantetur.
599 2967 610 2996 ‘
1067 2977 1074 2986 ”

126 3087 241 3154 «Huic
256 3092 388 3166 monito,
401 3090 550 3170 seqnitur
559 3087 768 3164 Sozomeuns,
782 3088 876 3152 tacite
889 3106 1051 3152 assensum
1064 3105 1155 3170 prae·

59 3186 120 3252 buit
130 3190 341 3272 Epiphanius,
357 3193 413 3272 qni
425 3191 492 3273 jam
515 3190 639 3268 pridem
659 3191 750 3252 libris
770 3188 918 3270 Origenis
931 3191 1156 3264 aversabatur,

59 3295 86 3351 el
102 3289 196 3374 Cypri
216 3291 386 3372 episcopus
406 3294 525 3370 scripta
543 3289 724 3354 adamantii
746 3291 808 3370 legi
827 3291 948 3368 vetni13
971 3291 1052 3353 datis
1073 3293 1160 3354 inso-

58 3407 108 3468 per
125 3394 241 3458 titteris
261 3394 301 3456 ad
323 3392 479 3458 loannem
502 3391 822 3473 Constantinopolim,
841 3401 876 3456 ut
896 3394 1032 3456 collecta
1057 3391 1157 3476 Syno-

60 3489 105 3566 do,
119 3495 228 3557 eadem
243 3493 431 3559 decerneret
439 3515 452 3573 3
469 3513 549 3574 quas
572 3503 676 3556 tamen
698 3494 822 3558 litteras
838 3494 1087 3576 Cbrysostosnos
1108 3510 1162 3556 na·

61 3591 160 3670 plexit.
173 3594 391 3672 Quamobrem
403 3593 600 3675 Tbeopbilus
613 3594 779 3675 Epiphanii
795 3595 929 3658 consilio
944 3594 1076 3676 adjutos
1092 3612 1158 3657 ma·

61 3694 100 3772 ris
119 3696 273 3770 incubuit,
290 3707 327 3758 ut
342 3696 482 3777 episcopi
497 3711 607 3760 omues
621 3695 929 3775 Constantinopolim
948 3696 1158 3758 convenirent

64 3804 163 3858 contra
177 3796 335 3862 ioannem
354 3798 471 3861 acturi.
490 3796 614 3860 interea
638 3797 750 3860 urbem
767 3797 994 3877 ingredientem
1018 3794 1156 3876 Epipba-

63 3893 141 3957 nium
154 3895 293 3961 loannes
313 3914 453 3960 occursu
467 3898 546 3960 cleri
569 3898 667 3960 totius
682 3897 863 3959 bonoravit.
883 3897 1003 3959 ibidem
1020 3895 1158 3976 Epipha-

64 3995 125 4059 nius
144 3999 310 4079 perspieue
339 3999 529 4074 declararit,
552 4017 587 4062 se
607 3998 760 4062 delationi
790 3998 945 4060 adversus
966 3997 1158 4078 Cbrysosto·

65 4111 142 4160 mum
160 4099 470 4164 concinnataefidem
492 4093 652 4162 babuisse.
677 4099 833 4162 inritatus
854 4101 937 4162 enim
961 4107 997 4164 ut
1018 4100 1048 4162 in
1071 4100 1157 4162 aedi-

67 4191 117 4260 bus
128 4200 344 4266 netestssttets
364 4201 621 4286 neaemrettat,
644 4199 830 4282 neutiquam
842 4201 1003 4280 nequierit
1017 4198 1157 4281 Epipba·
