3028 4942
1137 395 1177 466 85

150 493 269 560 Verum
290 500 329 561 ut
357 497 456 578 magis
477 495 599 578 inlgeat
621 497 739 562 horum
760 497 893 566 Petrum
915 501 946 562 in
966 499 1116 582 origenis
1136 503 1176 565 li·

81 597 146 660 hros
165 599 358 673 reverentia,
381 599 469 662 testis
488 598 603 663 subeat
622 596 771 664 Socrates
791 603 823 664 in
844 599 942 665 Libro
955 599 1011 666 vl.
1027 621 1055 667 c.
1070 601 1173 680 xxi.
1273 639 1283 668 a

81 696 151 762 lltsr.
173 697 261 762 Eccl.
284 699 340 762 uhi
362 699 479 762 horum
509 698 653 763 studium
674 700 704 764 iu
725 700 852 782 scriptis
872 703 961 768 illins
981 723 1174 786 comparan-

86 799 123 861 dis
142 799 354 874 commendat,
376 801 495 880 qnippe
515 817 551 862 ea
573 807 678 864 aetate
699 819 757 882 per
777 803 964 867 universnm
985 806 1098 870 orbem
1120 825 1173 870 oe·

83 901 167 965 lebria
187 910 257 964 crat
280 902 363 964 lama
385 902 502 982 ipsius:
523 899 591 964 ain
613 903 660 966 his
681 903 793 984 igitur,
815 907 931 986 iuquit,
954 907 1044 971 libris
1066 909 1174 988 legon-

81 1003 119 1064 dis
137 1021 207 1065 cum
229 1021 264 1066 se
285 1022 320 1068 se
341 1004 581 1077 exercuissent,
603 1005 757 1068 adversus
778 1009 905 1070 arianos
934 1007 1106 1072 lortissime
1129 1011 1175 1072 di-

82 1101 238 1168 micarunt.
270 1103 314 1168 Et
335 1105 481 1184 quamvis
512 1105 612 1168 ariani
633 1105 782 1186 Origenis
812 1111 992 1188 scriptaad
1016 1112 1173 1192 dogmatis

80 1205 132 1280 sui,
153 1214 189 1268 ut
209 1206 379 1285 putabant,
395 1205 669 1269 confirmationem
690 1205 887 1272 adducerent
896 1228 909 1288 3
925 1210 973 1273 illi
997 1216 1102 1275 tamen
1116 1230 1171 1276 eos

79 1305 317 1385 redarguerunt,
339 1314 372 1369 et
393 1303 545 1370 ductoris
567 1305 758 1383 doctrinam,
780 1309 878 1374 abiis
899 1329 1103 1393 nequaquam
1124 1318 1172 1378 in·

79 1407 174 1486 telligi,
198 1407 474 1472 demonstrarunt.
499 1425 516 1465 a
539 1406 631 1470 Adsit
652 1409 723 1489 quis
744 1409 853 1487 modo,
875 1429 913 1475 ae
934 1412 1041 1493 dicat3
1062 1415 1088 1477 si
1110 1415 1169 1478 im·

76 1511 203 1588 pietates,
220 1519 304 1590 quas
326 1509 510 1574 describunt
525 1507 723 1590 Theophilus
737 1521 769 1574 ct
780 1509 998 1599 Hieronymus
1024 1535 1065 1580 ex
1082 1515 1170 1599 Ope·

78 1627 106 1672 re
124 1610 160 1674 de
180 1611 359 1714 Principiis
380 1611 567 1692 decerptas,
590 1612 690 1676 veluti
713 1613 817 1678 ioelns
838 1617 995 1695 genuinus
1015 1619 1171 1684 haberen-

82 1711 298 1802 tnr‚0rigenis,
321 1715 426 1794 qualis
447 1713 671 1792 disputationis
688 1713 795 1778 exitus
817 1713 926 1780 Basilii
947 1726 980 1780 et
993 1717 1171 1793 Nazianze-

79 1815 104 1874 ui
119 1831 223 1877 eontra
247 1812 419 1879 Arianos?
444 1813 584 1877 Tandem
605 1815 822 1879 Nazianzenus
842 1818 928 1897 apud
948 1818 1080 1884 Suidam
1100 1821 1167 1885 sit:

77 1913 241 1997 «Origenes
263 1915 404 1979 omnium
424 1926 569 1980 nostrum
589 1913 688 1996 ἀκόνη
709 1933 771 1978 eos.
793 1936 810 1976 a

137 2019 226 2098 Quae
248 2039 329 2084 vero
350 2019 620 2101 descriptoribus
642 2021 764 2101 graecis
784 2021 949 2086 hausimus
971 2039 1030 2102 pro
1054 2025 1167 2088 ortho-

73 2121 143 2186 doxa
161 2123 312 2204 Origenis
332 2121 416 2200 tide3
439 2123 517 2185 haec
537 2121 648 2185 eadem
671 2121 841 2202 repetenda
862 2133 937 2187 sunt
951 2142 970 2186 a
983 2124 1088 2188 latinis
1107 2123 1167 2190 Pa·

73 2226 179 2300 tribus,
201 2230 259 2306 qni
281 2227 392 2290 seculo
413 2233 531 2307 quarto
551 2227 582 2288 in
603 2223 747 2290 Ecclesia
768 2226 966 2291 excelluere.
996 2225 1167 2308 Quotquot

71 2325 187 2390 illorum
209 2333 308 2403 eninr,
329 2327 411 2390 idest
431 2325 588 2400 Hilarius,
610 2325 814 2404 Ambrosius,
841 2325 1044 2410 Victorinus,
1064 2327 1167 2394 Euse-

72 2425 131 2491 lins
144 2428 360 2524 vercellensis,
376 2427 522 2508 Origeuis
543 2425 712 2492 Tractatns
732 2431 800 2492 sive
818 2445 950 2509 paucos,
965 2430 1034 2493 sire
1055 2431 1166 2510 plures

72 2533 340 2612 transcripserunt,
365 2537 544 2606 verterunt,
569 2535 867 2609 exposueruntque‚
891 2530 1048 2594 neminem
1074 2549 1166 2612 repe-

71 2627 152 2703 ritur,
173 2631 351 2711 quidquam
373 2629 634 2692 animadvertisse
655 2629 826 2709 impietatis
846 2629 877 2692 iu
899 2627 1002 2694 Deum
1018 2649 1055 2694 ac
1069 2633 1100 2693 ln
1118 2633 1165 2694 di-

73 2729 252 2795 vinissimam
273 2729 462 2795 Trinitatem
490 2732 530 2794 ab
559 2729 749 2794 ddamantio
776 2731 842 2793 suis
871 2731 1028 2795 insertum
1049 2730 1141 2795 libris
1150 2751 1163 2810 3

70 2847 160 2912 neque
180 2843 294 2898 contra
324 2835 439 2915 dogma
468 2832 508 2897 de
532 2834 641 2914 poeuis
664 2833 803 2896 aeternis
831 2833 862 2894 in
891 2831 1005 2898 loturo
1031 2834 1164 2911 seculo,

72 2949 121 2997 nec
138 2937 241 3000 multo
264 2939 367 3000 miuus
388 2935 511 3000 dolien
525 2953 696 3016 corporeo,
712 2935 752 3000 da
775 2935 915 3000 secunda
929 2935 1160 3017 redemptione,

72 3033 103 3098 de
120 3039 322 3102 rationalium
344 3045 458 3102 natura
482 3039 629 3103 variabili
650 3045 712 3102 eto.

136 3137 176 3202 Et
195 3141 347 3221 amplius,
364 3159 438 3204 oum
460 3157 523 3202 nou
543 3139 649 3204 solutu
667 3141 698 3202 iu
713 3136 908 3203 Periurcdou
920 3140 974 3204 sed
995 3143 1029 3204 in
1047 3142 1163 3204 ceteris

72 3235 149 3304 libris
169 3243 354 3324 hujusmodi
375 3260 504 3305 amores
524 3241 615 3323 aiunt
641 3241 818 3306 adversarii
838 3240 1022 3323 profudisse
1050 3242 1164 3323 Orige-

71 3355 142 3418 nem,
157 3343 197 3405 ob
211 3346 294 3407 hano
316 3345 566 3424 suppositionem
593 3343 739 3423 proiecto
764 3343 919 3408 celebrati
934 3343 1045 3412 Patres
1069 3344 1165 3407 valde

70 3441 160 3505 stolidi
181 3445 352 3524 reputandi
373 3444 489 3521 loreut,
506 3451 544 3508 nt
564 3463 605 3508 ex
620 3445 769 3525 pluribus
782 3444 940 3527 quaedam
956 3445 1117 3508 haeretice
1132 3449 1165 3507 et

71 3541 151 3621 inpie
170 3548 253 3609 dicta
275 3564 338 3609 nou
359 3545 688 3627 comprehenderent;
713 3545 913 3628 proindeque
933 3563 973 3609 na
994 3546 1094 3609 abeis
1110 3562 1163 3608 ca-

72 3653 168 3711 rerent
185 3647 315 3727 quidem
338 3647 458 3711 ddcles.
481 3645 563 3712 Satis
587 3648 739 3724 arduum,
761 3647 909 3729 inquam,
932 3647 1010 3709 mihi
1030 3647 1093 3710 hoc
1113 3649 1161 3710 ri·

72 3741 163 3821 detur,
184 3751 269 3830 ipsos
290 3767 404 3830 nempe
425 3767 487 3812 non
508 3751 688 3830 percepisse
709 3748 895 3830 huiusmodi
916 3754 1045 3828 errata3
1068 3765 1106 3813 ao
1124 3768 1163 3814 ea

70 3841 280 3924 dignoscentes,
293 3868 354 3913 nou
378 3849 562 3915 emendasse
582 3869 640 3914 uec
655 3850 850 3926 confutasse,
870 3855 903 3914 et
924 3867 959 3912 so
976 3855 1008 3912 el
1030 3867 1106 3914 snos
1121 3851 1162 3914 ab

71 3943 101 4006 iis
113 3957 317 4015 removentes.
340 3949 491 4015 Ceterum
513 3953 539 4014 si
560 3951 620 4032 ipsi
640 3970 698 4015 uec
723 3951 762 4014 de
783 3949 954 4016 ,erroribus
972 3951 1163 4031 origenianis
1231 4015 1240 4024 ,

71 4059 118 4111 nec
141 4051 177 4116 de
199 4052 473 4117 emendationibus
500 4053 533 4115 in
560 4056 700 4134 propriis
722 4053 850 4133 seriptis
877 4053 1068 4116 mentionem
1091 4071 1163 4134 ege·

71 4147 143 4229 tint3
163 4153 395 4236 conjiciendum
417 4161 487 4228 est,
509 4154 637 4218 eosdem
659 4154 815 4218 incitatis
837 4149 987 4232 Origenls
1007 4153 1161 4235 operibus

71 4245 202 4336 legendis,
215 4257 389 4334 vertendis,
403 4255 619 4334 enucleandis,
632 4255 710 4319 nihil
722 4255 938 4321 eeclesiastico
950 4255 1092 4338 dogmati
1105 4253 1160 4317 ad·
