3138 4950
1195 393 1258 478 did

1 529 16 568 ω,
143 494 222 562 lesu
244 494 364 562 Christi
385 511 512 560 nomen.
536 494 602 572 Qui
626 503 731 560 tameo
753 501 891 560 mortem
921 497 1066 579 cupiens,
1088 499 1171 562 mori
1193 519 1255 564 oon
1282 501 1293 526 '·

141 601 402 683 permittebatur.
436 597 486 662 Ex
508 598 547 660 iis
567 599 651 662 enim
672 607 744 661 erat
764 598 933 680 Origenes,
964 619 1107 680 quorum
1130 619 1217 666 mors
1238 621 1257 664 a

1 738 15 759 ¹·
140 699 405 782 persecutoribus
421 717 483 761 non
505 699 740 764 aestimabatur
761 701 896 764 victoris
913 701 969 764 sed
991 703 1121 778 elades3
1141 714 1170 763 et
1187 703 1259 782 qui·

0 864 5 876 ‚
139 803 214 881 bns,
235 821 262 866 s.
285 801 467 887 Cyprianus
498 803 556 877 ait,
580 800 763 865 solentibus
785 804 881 876 mori,
913 820 975 866 uon
1006 805 1257 882 permittebatur

1 977 6 987 μ
141 903 258 969 occidi·
282 901 325 966 Et
345 921 487 984 quornm
501 901 622 980 (subdit
640 921 667 965 s.
685 899 902 984 Hieronymus
925 905 956 966 in
972 900 1043 965 llita
1063 905 1145 964 beati
1161 902 1255 967 Pauli

7 1047 22 1086 .;
138 1004 325 1084 Eremilaei
341 1005 440 1069 bostis
461 1002 599 1066 callidus
621 1002 713 1066 tarda
728 1004 768 1066 ad
785 1015 921 1068 mortem
942 1006 1100 1084 supplicia
1123 1010 1257 1086 conqui-

4 1153 7 1165 .
139 1127 227 1186 rens,
249 1108 372 1171 animas
387 1106 713 1188 cupiebat-jugulare
728 1125 791 1170 noo
813 1125 966 1186 corporo.
987 1106 1022 1169 io
1044 1109 1092 1170 his
1106 1127 1256 1172 senene·

138 1211 314 1276 morandus
335 1217 383 1274 est
402 1209 572 1290 Origenes,
595 1209 691 1289 cujus
714 1227 803 1272 mors
831 1209 893 1272 sub
915 1218 1163 1289 persecutorum
1188 1212 1257 1290 gla-

141 1315 197 1380 dio
220 1315 400 1376 maximum
416 1312 614 1393 obsignasset
635 1312 837 1392 triumphum
859 1311 1026 1375 doctrinae
1047 1312 1255 1388 christianae,

139 1423 172 1476 et
193 1412 399 1476 idololatriae
421 1411 591 1490 probrum.
615 1409 651 1472 ln
672 1410 734 1473 bac
756 1430 835 1474 sero
856 1411 1040 1475 conditione
1066 1413 1202 1492 positus,
1223 1423 1258 1476 et

6 1563 19 1597 „
142 1515 312 1582 tormentis
330 1522 496 1595 superstes
516 1513 685 1594 Origenes,
709 1513 768 1577 etsi
789 1512 966 1594 perfectam
989 1515 1138 1596 martyrii
1161 1533 1256 1579 coro·

8 1602 11 1610 “
139 1636 214 1681 nam
236 1634 299 1680 non
319 1627 513 1680 consecutus
533 1617 586 1692 sit,
604 1615 700 1678 vitam
723 1633 798 1678 eum
821 1624 925 1678 morto
946 1625 1149 1679 commutans
1171 1617 1255 1680 inter

139 1721 327 1795 cruciatns;
350 1725 457 1780 tamen
480 1726 605 1798 martyr
625 1717 693 1796 ipse
714 1717 777 1780 luit
800 1717 980 1790 voluntate,
1001 1727 1126 1802 martyr
1150 1718 1179 1778 iu
1201 1718 1256 1782 de·

140 1821 275 1895 siderio,
297 1818 417 1886 Christi
448 1827 575 1902 martyr
603 1837 713 1882 coram
733 1819 857 1900 judice,
887 1828 1012 1901 martyr
1034 1821 1065 1882 iu
1086 1820 1256 1903 alacritate

139 1921 363 1997 confessionis,
377 1930 502 2004 martyr
524 1923 555 1984 in
572 1921 721 1997 vinculis,
739 1930 865 2006 martyr
885 1922 916 1985 in
931 1924 1141 1986 excruciante
1157 1941 1257 1984 mern·

136 2024 277 2086 brorum
304 2021 524 2096 distractione,
547 2040 585 2086 ac
606 2021 736 2086 demum
771 2024 888 2087 ceteris
909 2021 1075 2086 excellens
1104 2023 1256 2106 martyri·

137 2126 214 2201 bus,
236 2125 326 2206 quia,
348 2124 426 2188 dnm
447 2124 600 2204 cupiebat
621 2128 716 2201 mori,
740 2142 803 2188 nou
825 2125 1076 2206 permittebatur
1096 2126 1213 2190 occidi.

219 2225 343 2290 Deinde
362 2243 496 2308 quoqne
514 2226 597 2291 hanc
616 2226 732 2290 sedule
755 2227 990 2310 chrysostomi,
1009 2224 1182 2303 Theotimi,
1199 2225 1255 2292 lo·

141 2329 233 2392 aunis
254 2327 535 2412 hierosolymitani
561 2335 593 2391 et
617 2328 757 2390 aliorum
774 2328 974 2392 considerate
998 2329 1189 2392 sententiam
1206 2346 1257 2390 aa·

137 2429 336 2510 pientissima
365 2429 405 2491 de
433 2427 573 2510 Origene
603 2430 834 2508 excogitatam,
859 2432 1087 2506 asserentium,
1109 2448 1143 2492 se
1168 2428 1257 2494 nolle

14 2593 20 2636 :
138 2529 240 2610 bajus
260 2530 466 2594 subscribere
487 2531 696 2608 anathemati,
713 2548 809 2610 quem
833 2531 929 2609 prisci
954 2529 1117 2594 Ecclesiae
1140 2529 1253 2596 Patres

14 2701 18 2715 ¹
137 2632 227 2696 haud
250 2651 396 2714 sonsque
426 2632 678 2698 condemnarant
687 2655 699 2715 3
728 2651 786 2702 nee
815 2643 1052 2714 consequenter
1081 2634 1256 2700 monachos
1293 2633 1299 2646 '

1 2798 14 2830 ‚y
135 2735 187 2800 uti
210 2734 390 2800 haereticos
405 2736 612 2816 arguendos3
628 2738 683 2818 qui
705 2738 904 2818 disputantes
925 2737 964 2798 de
980 2735 1128 2816 Origenis
1150 2736 1253 2810 libris,

136 2845 300 2918 putarunt
331 2837 478 2916 laisatos,
502 2839 556 2902 ubi
581 2841 677 2919 impia
708 2839 857 2920 dogmata
883 2846 1112 2914 occurrerent,
1134 2839 1253 2919 quippo

135 2939 181 3004 ab
201 2941 272 3018 ipso
291 2943 421 3041 saepius
442 2940 615 3021 reprobata
638 2940 795 3004 ductore.

219 3041 300 3108 Item
321 3045 521 3125 perpendite,
553 3049 675 3124 quanto
693 3043 770 3123 jure
799 3043 841 3105 ita
863 3043 1021 3106 senserint
1042 3060 1118 3122 erpa
1140 3042 1255 3122 Orige-

134 3165 211 3210 nem
231 3149 333 3211 sancti
351 3148 425 3222 riri,
441 3145 628 3226 disciplinae
650 3147 888 3210 ecclesiastieae
909 3146 1024 3224 periti3
1048 3163 1146 3225 quum
1169 3145 1257 3224 Apo·

134 3249 244 3314 stolus
265 3249 304 3312 ad
320 3246 428 3312 Titum
449 3249 591 3313 scribens
613 3267 642 3312 c.
666 3246 723 3310 lll.
748 3247 866 3310 tradit:
889 3244 1080 3308 haereticum
1101 3244 1255 3308 bominem

1 3366 3 3378 ’
131 3359 320 3432 postauam
340 3360 367 3414 et
386 3354 557 3416 amandam
576 3349 802 3430 eorreptionem
824 3347 1066 3421 deuitmsce'ens
1085 3345 1164 3428 quin
1185 3345 1256 3410 sul·
1383 3409 1386 3416 ,

135 3468 246 3514 uersus
266 3461 322 3525 est,
337 3450 395 3534 qui
408 3451 591 3534 hujusmodi
608 3462 665 3527 est,
679 3459 708 3513 et
720 3449 889 3530 delinquit,
911 3469 982 3513 cum
1002 3449 1043 3514 sit
1053 3447 1185 3530 proprio
1200 3447 1255 3530 y‘u·

0 3555 2 3576 ²
137 3552 224 3619 dicio
244 3555 482 3619 condemnatus.
505 3554 598 3618 Hanc
632 3565 738 3618 tamen
759 3553 998 3632 eorreptionem
1030 3552 1173 3632 legitime
1193 3561 1257 3616 sta·

138 3664 245 3720 tutam
266 3673 433 3735 nunqnam
454 3656 496 3718 ab
511 3653 655 3718 Ecclesia
678 3654 804 3718 audivit
818 3655 986 3735 Origenes.
1002 3653 1043 3719 Et
1058 3671 1256 3736 quamquam

134 3759 189 3822 sni
210 3757 344 3834 aemuli,
367 3767 425 3821 ant
445 3757 556 3831 invidi,
579 3763 637 3818 aut
658 3757 823 3830 malevoli,
846 3758 914 3818 sive
937 3765 1068 3834 praeter
1088 3756 1253 3818 scientiam

1 3864 6 3890 ³
136 3860 300 3924 zelatores
321 3857 524 3939 (dequibus
547 3856 640 3920 valde
661 3860 877 3937 conqueritur
894 3860 924 3920 in
945 3860 1012 3922 suis
1032 3857 1178 3936 scriptis)
1200 3852 1256 3918 nd·

1 3954 11 3998 *‘
136 3979 255 4024 versus
275 3961 425 4023 eumdem
440 3966 625 4039 surgerent,
641 3958 670 4020 ei
687 3958 896 4022 inscribentes
910 3976 1053 4022 errores:
1073 3968 1177 4019 tamen
1193 3974 1255 4017 non

1 4066 3 4102 ³
136 4061 248 4126 solnm
270 4079 382 4125 coram
405 4061 450 4122 eis
471 4078 600 4123 sensum
632 4077 711 4123 suae
733 4059 899 4122 doetrinae
921 4058 1123 4138 explanarit,
1145 4059 1200 4120 sed
1223 4065 1256 4120 ct

139 4183 254 4230 corant
281 4163 428 4227 Romano
464 4161 672 4226 Pontibus-et
704 4161 878 4224 uniuersali
902 4159 1046 4226 Ecclesia
1076 4160 1256 4224 obtestatus

1 4302 3 4312 ν
136 4275 199 4347 cst,
215 4286 250 4332 se
274 4265 358 4334 velle
380 4283 455 4330 cum
469 4263 582 4330 cadem
603 4263 635 4326 in
656 4261 805 4327 omnihus
827 4262 964 4340 seruire,
987 4270 1018 4327 et
1039 4260 1181 4342 dogmati
1203 4278 1256 4323 ca·
