2982 4934
1085 349 1146 420 273

448 451 588 523 caput
609 451 729 520 xttlll.

42 653 123 720 uun
141 653 177 720 itt
196 659 377 738 quaertiottr
389 656 579 738 oripeaioau
596 653 763 722 amman·
777 653 885 738 Papae
897 653 1009 722 sirice
1029 673 1147 720 mocor-

74 756 153 820 rorir
173 757 390 824 discutiuntur
404 757 589 840 Epiatolor:
608 775 677 822 aaa
688 755 831 838 praciam
850 756 894 820 od
909 754 1064 822 Jooaoatn
1083 757 1146 824 irie.-

74 857 350 938 roaotyatitouuat,
369 861 472 924 altera
492 857 695 939 opocirppltu
713 858 757 932 od
769 853 1012 938 Simpliciottuot
1031 857 1147 922 taedia·

75 958 257 1024 taaeaaaae
276 961 314 1024 de
332 961 444 1043 quita·
463 958 595 1026 ametro
614 957 840 1041 disputabitur.

45 1199 167 1341 Usque
186 1261 288 1328 modo
309 1269 479 1345 tempeataa
494 1263 525 1326 in
546 1261 677 1342 regione
692 1259 830 1346 aegypti
851 1264 967 1326 oxortu
988 1259 1144 1328 adreraua

44 1361 205 1426 monachor
220 1363 388 1428 nitrienses
403 1361 642 1444 perTlreoplaili
657 1361 826 1438 ambitum,
839 1362 981 1426 noudum
994 1361 1033 1426 ad
1048 1379 1145 1428 aurea

43 1457 166 1524 llomaui
195 1461 360 1528 Poulificia
386 1465 572 1529 advenerat.
600 1463 712 1530 Solum
741 1464 872 1545 quidam
899 1482 925 1528 a.
956 1463 1145 1547 Hieronymi

43 1559 206 1628 lamiliarer
226 1583 272 1629 ex
292 1565 503 1644 discrepantia
516 1572 677 1647 percepta
698 1562 782 1628 inter
797 1562 916 1628 llullioi
938 1571 971 1628 et
987 1562 1147 1647 Hieronp-

44 1662 81 1724 rui
99 1665 277 1730 rerelouem
297 1664 513 1743 referetur,
547 1665 652 1730 dubiia
672 1663 958 1746 permundantur,
981 1665 1024 1728 ita
1048 1671 1085 1728 ut
1104 1665 1145 1727 ad
1168 1701 1175 1716 ι

45 1759 252 1828 eductorem
274 1765 465 1842 renuerent,
480 1783 556 1830 eum
577 1765 617 1829 de
632 1766 692 1830 lrao
713 1783 748 1828 re
765 1766 1010 1844 interrogantes.
1033 1764 1082 1829 De
1096 1783 1147 1830 ra·

45 1859 138 1942 liquo,
160 1863 221 1926 lroc
237 1871 425 1942 tempestate
445 1873 606 1930 commoto
621 1867 652 1932 iu
673 1864 822 1948 Aegypto
837 1865 868 1928 iu
888 1871 1012 1928 ceterae
1030 1865 1147 1930 Orien·

46 1963 232 2040 tiareqiooea
253 1963 464 2042 pervadente,
478 1983 542 2028 non
562 1965 698 2029 dubium
719 1971 769 2029 est
788 1965 865 2044 quin
880 1963 1017 2029 Romam
1039 1982 1144 2046 usque

45 2064 216 2144 peruenerit
231 2063 313 2128 haec
328 2067 447 2164 verrio,
465 2064 552 2130 Petri
567 2066 763 2130 euomuerit
777 2065 992 2130 submittenda
1005 2051 1140 2147 judicio.

113 2160 334 2237 Quamobrem
356 2164 388 2226 in
410 2165 492 2228 tutia
511 2165 656 2229 omnium
684 2164 827 2228 fidelium
848 2165 911 2228 lroc
937 2183 1007 2228 erae
1030 2165 1143 2230 viduor

23 2266 229 2342 *cnuetoaqoe
250 2279 363 2326 vocem
392 2263 507 2328 audire
527 2265 692 2345 cupientes
712 2265 824 2345 illiue,
857 2253 910 2328 'cui
931 2264 1015 2328 dixit
1034 2263 1144 2328 Domi-

45 2375 112 2424 nus:
133 2372 160 2424 ct
179 2370 215 2426 tu
236 2361 413 2444 aliquando
432 2381 602 2428 cerumar
621 2365 774 2444 confirma
793 2366 912 2446 fratrea
931 2373 1012 2428 tuor.
1034 2363 1068 2430 st
1085 2382 1147 2435 au.-

46 2465 197 2524 temame
218 2463 305 2526 istud
322 2465 439 2528 merito
463 2463 661 2543 postuletur,
682 2466 803 2546 quippe
824 2465 864 2527 ab
879 2465 941 2528 lroc
962 2464 1078 2543 pendet
1100 2474 1148 2530 to·

46 2559 101 2624 tiur
118 2561 356 2645 disceptationis
376 2564 517 2640 solutio,
543 2572 673 2645 praeter
702 2583 800 2643 quem
835 2583 966 2628 mancus
982 2564 1079 2628 *loret
1099 2564 1148 2628 la·

45 2657 98 2724 bor
114 2662 284 2742 inceptae,
305 2664 513 2744 incertusque
533 2665 665 2728 lectoria
688 2669 814 2728 unimus
845 2667 952 2729 adhuc
973 2672 1173 2760 pergeret„

47 2761 231 2826 tantumdem
254 2763 288 2824 iu
308 2763 390 2826 votis
412 2763 473 2828 luit
494 2761 677 2844 Theophili,
695 2772 733 2828 ut
752 2765 904 2828 nimirum
926 2765 1069 2830 definitio
1089 2765 1148 2850 SJ-

46 2859 110 2923 uodi
129 2863 349 2928 Alexandriae
363 2863 491 2928 habitae
512 2865 677 2944 (quamvls
700 2865 913 2928 tumultuarie
928 2873 1036 2930 actum
1058 2865 1099 2929 all
1114 2867 1147 2928 in

48 2977 82 3022 eo
98 2971 257 3028 monento
279 2970 312 3026 et
332 2972 443 3028 contra
466 2965 570 3028 omnia
589 2964 679 3046 iura,
694 2967 741 3028 uli
762 2965 884 3030 dictum
906 2965 973 3044 eat)
988 2966 1147 3030 aduersus

46 3057 203 3142 Origeoem
235 3064 373 3144 ejusque
394 3062 494 3126 libror
525 3063 713 3128 firmaretur
732 3065 773 3126 ab
796 3065 954 3146 Episcopo
986 3064 1146 3144 llomaoo,

47 3177 96 3224 aen
114 3163 152 3226 alt
172 3164 344 3228 Anastasio
366 3172 442 3228 tuoe
462 3166 493 3227 io
517 3164 604 3228 Pelri
624 3163 784 3230 Cethedra
805 3167 945 3229 sedente.
962 3167 1094 3246 Absque
1115 3185 1149 3230 a·
1192 3195 1197 3203 ·

49 3262 104 3326 uim
125 3263 288 3329 Pontifleia
308 3263 446 3328 llomaui
466 3265 643 3340 sanctione,
666 3263 786 3328 iruetra
809 3267 875 3345 ipso
898 3266 1024 3344 putavit
1044 3263 1149 3330 Theo·

48 3362 160 3443 philus,
181 3385 216 3432 ae
238 3365 403 3430 laborasse
423 3366 454 3426 in
475 3367 711 3446 proscriptione
732 3363 886 3430 Auctoris
906 3373 939 3428 ct
959 3383 1108 3444 operum.

116 3463 347 3530 Verumtamen
366 3482 441 3528 eum
462 3463 552 3526 uoltis
573 3465 744 3544 hucusque
765 3465 869 3528 derint
889 3473 920 3528 et
940 3465 1070 3528 litterae
1097 3483 1149 3550 ey·

50 3563 167 3629 audrler
186 3567 227 3630 ad
251 3566 369 3646 l’apam
392 3560 616 3639 anastasium,
648 3581 687 3628 ao
718 3581 780 3628 uua
803 3565 1004 3628 desideretur
1024 3565 1148 3650 sanctio

49 3667 195 3741 pualilieia
217 3663 430 3730 anathematis
451 3664 482 3724 in
504 3661 672 3728 Conventa
700 3663 911 3730 alexandrino
943 3663 1146 3746 proclamati,
1252 3721 1255 3726 .

49 3763 105 3828 aire
126 3765 230 3846 Papee
252 3765 416 3845 responsio
438 3765 478 3826 ad
493 3761 730 3844 *Theophilum
752 3766 777 3828 si
801 3773 906 3829 lamen
921 3766 1061 3829 dederit:
1085 3781 1148 3826 nou

50 3864 99 3928 aiat
118 3867 249 3948 oblique
269 3866 447 3947 quidquam
469 3866 549 3928 oerli
570 3863 610 3927 tle
631 3865 693 3928 laoo
722 3867 850 3944 negotio
872 3865 1146 3946 comprehendere

51 3977 219 4048 puaaumnq
236 3969 317 4030 idert
337 3983 378 4032 ex
394 3965 528 4047 epistola
544 3964 643 4044 ipaiua
665 3963 822 4028 donatarii
836 3965 877 4026 ad
899 3965 1056 4029 loannem
1075 3950 1150 4028 llic'·
1174 3990 1179 4006 ·

51 4066 277 4152 rutolymorom
298 4068 499 4149 episcopum,
520 4066 576 4147 qui
598 4066 692 4130 illum
713 4065 888 4142 consuluit,
910 4066 988 4147 quid
1009 4067 1147 4130 sentien-

51 4161 117 4230 dum
131 4176 211 4236 earet
232 4177 303 4234 tum
317 4168 357 4232 de
374 4166 504 4232 dullino
525 4167 686 4240 librorum
709 4165 969 4246 origenianorum
991 4165 1149 4244 interpro-

243 4269 306 4335 l'ul.
329 4265 394 4332 ΙΙΙ.
992 4261 1032 4330 18
