2994 4938
136 459 328 541 Quinimmo
349 464 501 531 Auctoris
522 465 606 530 dicta
628 468 672 530 ita
693 466 852 548 exposita,
869 367 1178 551 praeruptum?

58 565 188 629 mansii
217 565 401 643 decmtnm,
431 565 528 632 sicuti
557 566 685 649 putarit
704 584 731 631 s.
765 566 996 656 Hieronymus,
1017 570 1175 636 adsersus

55 663 231 747 Origeueur
246 686 390 749 suosque
410 669 523 746 libros,
539 686 674 749 prorsus
695 669 887 734 excludunt:
904 688 943 736 ac
957 674 1129 752 genuinum
1144 679 1179 738 ct

56 768 220 832 sincerum
236 779 272 833 et
291 787 494 834 communem
510 769 674 834 Ecclesiae
694 789 821 834 acutum
838 771 1010 850 proterunt
1024 774 1064 838 de
1078 792 1178 855 quae·

55 870 157 933 stione
178 872 368 950 origeniana
398 874 431 936 ia
451 872 595 936 ecclesiis
616 880 693 935 tunc
714 871 928 937 invalescente
940 893 953 953 5
979 876 1023 940 itu
1045 881 1082 938 nt
1109 875 1178 940 cui·

56 988 118 1050 gne
139 971 261 1036 liceret
279 981 372 1037 extra
387 974 596 1036 anathematis
619 983 741 1038 metum
761 973 802 1036 de
815 971 955 1054 Origene
976 977 1007 1039 in
1025 993 1087 1040 ann
1106 994 1179 1040 aen-

54 1066 307 1150 subnodare,
328 1073 601 1154 quemadmodum
632 1071 771 1154 praelati
791 1075 967 1155 scriptores
991 1061 1177 1140 'outttmndo

59 1172 151 1238 reritl
171 1183 253 1238 sunt
286 1174 429 1255 iniquum
458 1168 566 1238 dictare
589 1172 760 1256 Theophili
793 1177 990 1241 sanationem
1020 1175 1178 1241 adsersus

56 1271 230 1354 origenem
254 1281 287 1339 et
306 1276 515 1356 origenistam
538 1277 639 1356 probe
657 1277 806 1353 scientes,
828 1275 907 1357 qnid
927 1275 986 1340 aibi
1009 1276 1109 1342 rettet
1123 1276 1179 1342 de·
1294 1345 1297 1354 ,

57 1383 180 1440 cretum
203 1377 443 1440 anastasiorum
465 1377 504 1440 do
526 1377 672 1458 ejusdem
693 1376 797 1440 libria.

131 1473 176 1540 ttt
189 1493 272 1541 saue
294 1476 361 1557 ipse
376 1474 562 1540 Vincentius
576 1476 749 1542 nonnullos
770 1477 816 1540 ait
828 1494 889 1556 pro
910 1476 1018 1542 lubitu
1033 1485 1175 1558 agentes,

58 1575 240 1656 seduloque
262 1579 693 1658 investigastsamtqnornm
713 1577 927 1642 monumentis
942 1580 1175 1659 praestantium

59 1677 228 1754 virorum,
257 1696 375 1742 nomen
397 1685 430 1742 et
460 1680 596 1757 genuina
618 1677 767 1757 Origeuis
796 1677 915 1758 arripio
937 1680 1089 1744 encomiis
1109 1697 1179 1744 ease

60 1786 266 1858 prosecutos,
290 1778 496 1844 falsatoribus
518 1778 617 1861 huius
627 1778 792 1842 librorum
815 1778 1126 1861 remissis-improbis
1145 1785 1180 1845 et

59 1877 228 1944 haereticis
250 1879 454 1960 dogmatibus
485 1880 547 1944 auh
568 1878 712 1959 ejusdem
740 1880 868 1945 uomtue
889 1879 1073 1960 publicatis.
1097 1877 1179 1945 ltem

60 1980 136 2045 alica
155 1987 251 2046 notat
273 1982 400 2046 Auctor
421 1999 463 2046 ea
484 1981 622 2045 adverso
643 1981 691 2045 nti
707 1989 870 2046 errantem
891 1981 1119 2047 condemnasse
1133 1981 1178 2045 h·

61 2079 272 2157 donantium,
287 2083 414 2158 illusos,
436 2082 509 2146 dico
524 2097 597 2161 ego,
612 2082 653 2144 ab
668 2079 724 2144 illa
740 2082 860 2145 receuti
876 2083 1041 2163 speciatim
1064 2083 1096 2146 iu
1112 2080 1177 2146 Oc·

60 2181 179 2249 nitente
202 2186 336 2264 rntgata
359 2182 526 2248 historiola
548 2198 722 2246 errorum:
745 2197 843 2262 quum
863 2201 891 2245 s.
914 2180 1134 2265 Hieronymus
1156 2199 1176 2247 a

61 2279 240 2368 'theophilo
261 2293 426 2367 acceptam
448 2284 533 2350 misit
557 2283 587 2346 in
610 2279 738 2346 ltaliam
758 2282 800 2345 ad
830 2281 951 2348 amicos
970 2299 1068 2363 auos3
1091 2281 1178 2348 undo

62 2387 159 2468 aliqui
179 2388 412 2463 scandalizati,
445 2388 517 2450 ideo
537 2385 730 2449 dubitarunt
757 2383 798 2448 de
819 2383 1002 2450 orthodoxa
1024 2385 1174 2464 Origeuis

64 2486 230 2569 doctriua3
255 2507 331 2552 cnm
353 2497 446 2552 antea
470 2490 530 2564 (ex
550 2492 619 2568 ipsa
643 2483 833 2571 Hieronymi
854 2486 1051 2551 contentane
1073 2486 1104 2548 in
1125 2485 1177 2550 Li·

64 2587 117 2652 hro
139 2588 162 2652 l.
179 2609 211 2654 n.
235 2587 288 2652 22.
313 2589 470 2653 adversus
492 2587 671 2666 Rudinum)
686 2575 725 2651 nd
742 2587 899 2652 anastasii
913 2603 1016 2669 usqne
1036 2592 1175 2651 aetatem

67 2690 110 2753 uti
136 2689 384 2766 celebratissimi
406 2692 480 2767 riri,
505 2689 621 2754 tamam
642 2690 734 2756 illios
754 2689 928 2770 gloriosam
943 2689 975 2754 in
995 2688 1058 2754 hac
1080 2705 1177 2769 prae·
1232 2688 1241 2708 '

65 2792 234 2873 potientem
256 2793 389 2872 regione
409 2792 617 2856 audivissent.

137 2889 266 2956 idcirco
303 2910 377 2957 cnm
415 2900 478 2955 tam
510 2891 646 2972 ingenue
677 2887 850 2954 Lirinensis
877 2894 1019 2971 exponat
1053 2895 1177 2956 utram·

66 3009 126 3072 qne
142 2993 183 3056 de
204 2993 355 3074 Origeuis
371 2993 522 3057 doctriua
537 2993 719 3073 opinionem
741 2989 929 3068 hisdiebus,
946 2993 1028 3059 idest
1042 2991 1177 3062 Anasta·

65 3093 98 3156 sii
117 3093 236 3177 Papae,
258 3097 291 3158 in
306 3094 448 3160 Ecclesia
465 3096 644 3176 rigentem:
661 3085 803 3174 cumque
825 3095 957 3175 insuper
977 3113 1036 3159 noc
1049 3112 1108 3177 per
1123 3114 1174 3176 ae,
1264 3129 1270 3144 ·
1288 3121 1293 3130 ·

67 3211 119 3258 uec
137 3214 197 3276 per
216 3196 312 3272 alins,
344 3213 403 3259 nec
423 3195 528 3259 multo
556 3196 661 3258 minus
682 3211 741 3273 per
770 3192 958 3258 Pontificem
992 3195 1173 3260 Romanum

67 3290 231 3374 origenem
254 3301 348 3360 rocet
369 3295 582 3369 haereticum,
605 3311 664 3357 uec
684 3293 1003 3371 anathematizatum,
1030 3313 1089 3360 uec
1111 3311 1174 3361 uua
1241 3337 1257 3384 ,ι

68 3411 135 3456 curn
155 3415 194 3460 eo
219 3393 397 3472 Rudinum,
418 3414 479 3459 nec
500 3396 674 3458 monachos
689 3393 869 3470 nitrienses,
884 3402 1081 3460 neccoterna
1102 3394 1180 3460 Ort·v

68 3497 146 3570 genis
166 3504 319 3577 patronos
338 3496 401 3560 sub
421 3495 533 3562 eodem
555 3496 758 3560 anathemato
780 3496 914 3572 rinctus,
937 3496 1105 3576 praeclare
1127 3498 1175 3563 in·

70 3592 229 3662 terendum
250 3603 320 3675 eat,
342 3597 432 3679 quali
455 3607 561 3662 ruente
583 3597 770 3660 Anastasius
788 3595 917 3660 litteras
936 3615 1013 3666 anas
1034 3597 1175 3662 dictare·

70 3695 108 3759 rit
125 3698 163 3759 ad
184 3697 342 3763 loannem
364 3697 686 3780 hierosolymitanum
718 3699 804 3758 circa
827 3696 909 3760 hanc
929 3699 1174 3777 quaestionem
1310 3713 1313 3720 ’

70 3795 141 3860 adon
156 3805 192 3862 ut
206 3798 362 3863 firmanda
375 3799 451 3875 sint,
466 3815 551 3878 quan
573 3798 604 3860 in
627 3796 779 3878 praetatis
796 3795 836 3858 de
850 3814 888 3860 ea
903 3797 1038 3877 epistola
1052 3797 1175 3862 discns-

70 3897 202 3962 aionihns
226 3905 421 3980 pertractata
441 3907 528 3962 aunt.
550 3895 647 3974 Quod
671 3897 773 3978 magis
793 3897 976 3962 adstruitur
990 3915 1033 3963 ex
1054 3897 1174 3976 remia,

71 3997 178 4074 quihus
192 3998 365 4064 Lirinensis
380 3999 546 4064 concludit
560 4004 681 4080 caput:
698 4017 715 4058 r
730 3994 791 4062 Sed
808 3997 889 4060 illud
904 4007 965 4076 eat,
982 4000 1072 4080 quod
1089 4016 1175 4064 nuuc

71 4091 214 4162 debemus
226 4097 411 4179 adsertore,
434 4099 493 4163 etsi
508 4117 571 4163 nnn
591 4099 697 4180 ipsum
720 4095 936 4177 (Origeuem)
951 4099 1052 4166 libros
1068 4106 1175 4164 tamen

71 4195 124 4260 snb
142 4200 268 4268 nominc
287 4219 348 4268 suo
369 4199 494 4282 editos,
516 4218 649 4284 maguae
670 4217 740 4268 osae
762 4200 951 4267 tentationi:
984 4202 1043 4284 qui
1063 4200 1174 4270 multis
