2994 4938
45 483 134 565 getis,
156 481 198 548 de
218 481 322 556 libem
341 481 490 562 arbitrio,
505 481 545 550 de
558 481 622 548 elta
643 481 781 562 lutura,
802 482 842 548 de
863 483 1102 554 resurrectione
1123 493 1156 552 ut

45 585 84 650 de
102 583 275 662 similibus,
290 593 321 650 et
337 594 374 650 ut
391 585 577 651 summatim
599 583 715 662 dicam,
730 585 771 649 de
793 590 861 651 toto
875 583 1049 667 Religionis
1063 583 1157 652 Chri·

43 689 164 752 stianae
177 686 337 753 aedilicio.
353 685 496 768 ideoque
516 703 592 752 cum
607 694 655 753 tot
675 694 708 752 st
729 689 808 754 lauti
827 688 891 754 siut
904 687 1035 754 articuli
1056 687 1098 750 ab
1111 686 1156 750 0-

44 791 150 868 rigene
171 787 307 854 discussi
327 797 361 854 et
382 796 447 854 tam
466 799 559 856 arete
578 789 638 854 sibi
651 789 867 865 inhaerentes,
883 797 922 854 ut
937 791 992 854 uix
1014 791 1156 870 reperis·

43 898 97 955 tut·
116 899 368 972 argumentum,
389 891 478 972 quod
502 890 554 956 vel
573 891 642 968 bic,
665 892 718 956 rel
737 891 806 955 illic
824 890 943 955 saltem
965 891 1071 956 obiter
1092 907 1156 954 nou

43 1003 244 1060 memoretur
256 1001 314 1060 aut
328 995 533 1060 discutiamne
555 1001 687 1075 acsaph
703 992 894 1078 Hieronymi
910 993 1094 1077 hypothesi,
1108 1009 1158 1058 se·

44 1106 201 1177 queretur
220 1099 281 1162 sibi
302 1107 416 1179 aperte
437 1099 469 1164 ln
496 1097 608 1160 eadem
631 1115 667 1161 re
695 1098 858 1161 contraire
878 1095 1065 1177 origenem,
1086 1112 1159 1160 sau·

45 1207 92 1262 cta
110 1200 308 1266 scribentem
325 1201 358 1265 io
378 1199 578 1282 exponendis
592 1198 780 1282 Scripturis,
798 1207 831 1265 ct
844 1201 940 1282 impia
955 1201 987 1264 iu
1007 1198 1080 1265 aliis
1095 1204 1160 1263 tra·

47 1300 194 1365 ctatibus.

119 1400 189 1468 Nec
211 1404 345 1485 insuper
364 1402 521 1484 suspicari
541 1404 635 1482 licet,
659 1403 718 1467 ista
740 1405 773 1468 et
792 1403 850 1467 illa
872 1421 932 1485 pro
953 1403 1160 1470 variis'ritae

44 1519 117 1569 suae
136 1504 322 1570 intervallis
339 1505 465 1586 scripto
477 1506 654 1584 mandasse,
669 1505 752 1570 adeo
766 1515 816 1584 ut,
830 1525 915 1587 qnae
936 1509 1026 1588 prius
1041 1507 1159 1587 probe·

47 1605 100 1682 ιιι,
121 1614 235 1685 postes
257 1605 463 1686 reprobarit;
479 1615 537 1670 aut
558 1607 666 1686 potius
679 1627 764 1688 quac
784 1611 816 1672 iu
834 1609 1009 1690 juventute
1032 1611 1083 1689 pie
1104 1608 1160 1672 do·
1195 1616 1202 1684 l

47 1707 110 1772 cuit
128 1709 161 1770 in
183 1708 386 1788 explicandis
406 1707 596 1789 scripturis,
619 1709 732 1773 deinde
752 1729 852 1774 senos
874 1713 908 1773 tu
933 1727 1066 1790 pravam
1087 1727 1161 1792 par·

48 1812 107 1868 tem
120 1816 352 1875 commutasset
367 1826 427 1891 pet·
441 1810 514 1873 iilos
529 1810 630 1874 libros
644 1809 847 1887 Prriurehou,
864 1808 1057 1876 &ramatum
1071 1820 1105 1874 et
1120 1810 1163 1873 De

48 1903 295 1987 mmmmm,
308 1928 367 1975 sen
384 1911 532 1976 uicissim.
555 1909 623 1977 Nec
644 1911 729 1975 istud
745 1929 878 1991 quoque
899 1910 1078 1992 putandum
1099 1921 1158 1974 cst.

48 2007 197 2092 Origenes
219 2012 305 2076 euim
325 2029 475 2076 sermone
490 2021 523 2076 et
541 2013 663 2092 scripto
685 2013 872 2093 auspicatus
886 2018 936 2077 est
956 2012 1162 2076 curriculum

49 2129 178 2178 suornm
199 2112 422 2179 studiorume
442 2113 547 2178 Libris
566 2113 696 2190 divinis,
718 2113 884 2196 inquibus
906 2131 1012 2194 usque
1032 2113 1073 2176 ad
1094 2113 1163 2176 obi·

52 2221 114 2278 lum
133 2215 370 2294 perseveravit.
390 2215 439 2280 Ac
459 2217 582 2280 interea
602 2215 793 2296 sicutiopus
813 2223 897 2292 erat,
919 2223 978 2279 aut
999 2231 1059 2292 pro
1074 2213 1163 2278 dida·

52 2315 168 2380 scbslio
198 2325 272 2382 tum
295 2317 453 2382 adsersus
483 2317 643 2395 haereses,
667 2327 736 2381 tum
756 2317 900 2381 ethnicos
927 2316 1164 2380 commentariis

51 2432 105 2479 scu
117 2417 260 2484 homiliis
276 2419 307 2482 in
320 2436 447 2484 moram
460 2416 661 2500 Scriptorum
678 2419 903 2501 interponebat
922 2425 1078 2483 tractatus
1092 2435 1164 2497 spe·

51 2519 141 2584 ciales
160 2539 204 2586 ex
225 2521 276 2584 his
293 2521 490 2596 memoratis,
508 2519 609 2585 veluti
631 2520 672 2584 sb
693 2521 741 2584 bis
756 2519 908 2584 intertum
925 2519 1008 2582 adeo
1027 2527 1064 2584 ut
1078 2515 1165 2583 Stro·

51 2629 161 2685 notans
180 2619 274 2700 libri,
298 2617 509 2698 Prricrchon,
525 2628 558 2686 et
573 2619 618 2684 He
639 2619 891 2697 Hesus-rectione,
916 2620 966 2686 vel
990 2635 1164 2699 praeseus·

53 2719 122 2796 rint,
139 2721 191 2784 uei
205 2722 373 2787 subsecuti
393 2723 469 2798 aiut,
483 2727 543 2786 aut
562 2722 801 2786 dimidiaveriut
815 2722 1012 2802 multiplices
1032 2739 1108 2786 suos
1129 2721 1163 2782 ιιι

53 2817 230 2902 Scripturas
248 2822 359 2888 sacras
368 2822 518 2886 iabores.
539 2821 604 2888 Hx.
624 2839 655 2902 g.
672 2821 987 2888 Commentariorum
1006 2821 1044 2887 iu
1064 2823 1163 2887 douo·

54 2936 116 2984 aem
136 2931 264 3003 partem
283 2923 412 3004 scripsit
431 2924 464 2987 iu
485 2923 661 2989 virilitate:
684 2927 864 3003 quinimmo
885 2924 926 2988 ab
947 2925 997 2988 his
1016 2925 1164 3005 auspica-

55 3027 101 3085 tus
119 3031 178 3100 est,
201 3033 239 3088 ut
260 3025 328 3108 ipse
341 3024 418 3088 dicit
438 3025 471 3088 in
493 3023 705 3106 praelatione,
721 3027 884 3105 exegesim
905 3023 1164 3106 bibliorum51i-

55 3119 123 3187 bros
144 3141 223 3190 aero
244 3133 357 3188 contra
378 3122 511 3190 Celsum
530 3127 658 3207 scripsit
676 3129 889 3207 sexagenario
911 3127 1027 3208 major.
1110 3163 1114 3174 ·

126 3223 162 3288 iu
182 3233 328 3304 utroque
348 3241 460 3304 opere,
475 3224 570 3306 onius
590 3225 698 3290 adbuc
717 3233 866 3307 superest
888 3233 1161 3307 textus'graccus,

56 3337 141 3388 nemu
156 3329 218 3401 est,
241 3325 298 3405 qui
319 3342 468 3390 errorem
481 3334 541 3390 aut
561 3325 795 3408 blasphemiam¹
814 3327 980 3408 corripiat,
1005 3345 1047 3389 ex
1061 3327 1099 3390 iis
1120 3325 1167 3390 di·
1252 3323 1256 3328 ’

58 3439 104 3501 co,
131 3423 312 3508 dequibus
341 3433 516 3492 acuuntur
534 3442 555 3489 a
575 3423 757 3507 Theopbiin
788 3437 822 3492 et
843 3427 1053 3513 Hieronymo.
1086 3425 1166 3491 item
1279 3495 1281 3502 ,
1355 3472 1358 3483 ,

58 3531 173 3590 onustat
192 3543 328 3608 quoque
348 3527 380 3591 iu
402 3544 441 3591 co
462 3526 637 3592 intervallo
653 3527 826 3609 Origouem
847 3529 1013 3610 scripsisse
1028 3524 1167 3592 Struma·

58 3633 101 3702 to,
116 3626 472 3705 &Resurrectionem
492 3627 709 3694 Periorohnue
726 3631 783 3695 ubi
797 3631 958 3713 cujusque
970 3630 1096 3710 generis
1117 3645 1168 3692 er·

60 3743 144 3794 rores
164 3739 198 3796 et
221 3731 377 3796 talsitatea
398 3729 475 3794 dicit
488 3728 706 3818 Hieronymus
727 3741 934 3798 coacervatas
948 3751 1029 3810 esse,
1045 3737 1078 3796 et
1098 3729 1169 3812 qui·

60 3825 125 3894 dem
144 3833 257 3897 eadem
276 3839 387 3898 sancta
407 3833 558 3914 dogmata
580 3833 810 3900 conculcantes
824 3851 863 3898 ac
883 3835 1062 3910 diruentes,
1084 3847 1170 3912 quse
1223 3867 1227 3878 ·

60 3937 145 3996 autea
164 3941 199 3998 et
217 3941 329 4013 postea
359 3936 577 4015 propugnavit
597 3934 635 3999 ia
653 3932 809 3999 Jooooem
830 3944 863 4000 et
888 3944 1000 4001 contra
1022 3933 1166 4008 Celsum,

61 4029 149 4100 sieatt
162 4035 195 4098 ia
216 4035 332 4100 ceteris
346 4035 584 4100 commentariis
596 4034 857 4115 scripturalibus.
876 4033 924 4098 lta
946 4042 984 4098 ut
998 4032 1168 4096 dicendum

64 4129 154 4212 toret,
181 4153 233 4200 ex.
255 4151 287 4218 g.
307 4135 480 4216 Origeucm
495 4135 614 4202 Christi
636 4136 848 4214 diuinitatem,
864 4143 898 4200 et
917 4152 1095 4215 poenarum
1115 4149 1169 4196 ae·
1298 4155 1302 4160 ·
1371 4143 1374 4172 ¹

67 4238 239 4305 tenuitatem
254 4239 286 4306 ia
308 4236 373 4306 rita
394 4237 507 4306 lutura
528 4245 561 4306 et
577 4237 646 4305 alia
666 4236 852 4318 huiusmodi
868 4253 1086 4321 propugnasse
1107 4235 1171 4315 pri·
1204 4235 1213 4246 “
