3048 4946
1100 393 1162 462 tos

70 511 162 570 centos
181 503 312 570 invicem
335 504 403 570 ullu
428 512 477 570 est
496 504 709 571 contradictio
719 525 731 586 ς
752 521 811 570 uec
832 503 917 568 iuter
936 498 1158 566 dissentientes

69 607 96 670 lo
114 607 214 670 multis
234 607 374 674 lrrbetur
394 607 462 674 ulls
483 604 760 673 dissensiolNum
781 604 891 670 ludex
913 599 1089 684 (vigilius)
1110 614 1160 688 us·

69 707 149 780 serit,
170 707 253 787 quod
275 709 396 774 invitus
426 708 508 773 illud
531 707 707 788 protulerit
736 703 936 771 iudicatum.
958 701 1026 767 Nos
1046 709 1160 765 contro

69 809 298 886 respondemus,
320 809 407 890 quod
429 809 520 874 ultro
540 827 599 889 per
618 808 837 884 ambitionem,
859 804 1093 888 pollicitatione
1115 801 1162 864 iu·

66 915 122 983 ⁰¹⁸2
142 911 320 989 peccaverit
339 917 401 974 etc.
417 929 434 968 r
450 909 629 991 llucusquo
653 907 796 972 Fuuuudi
817 907 915 984 diets,
937 921 1021 986 qnae
1035 919 1054 966 o
1070 901 1162 967 nobis

66 1009 210 1088 peculini
231 1017 263 1073 et
283 1009 425 1074 studiose
443 1011 664 1092 disquisitione
678 1005 894 1090 distringendo
914 1013 990 1072 suut
1010 1003 1063 1084 (ll.

137 1109 368 1192 Huiuscemodi
386 1128 487 1193 porro
510 1110 653 1175 Facundi
674 1110 929 1176 insimulationes
944 1106 1043 1188 (quod
1067 1104 1163 1169 rulde

64 1211 140 1275 scire
159 1213 311 1293 interest)
332 1217 365 1279 in
385 1213 522 1295 epistole
544 1211 654 1295 vigilii
684 1212 724 1276 ud
747 1209 918 1276 Rusticum
953 1217 986 1274 et
1005 1207 1166 1274 sebastiu-

61 1329 132 1376 uum
143 1314 239 1379 sicuti
252 1315 377 1396 liquide
390 1321 558 1391 notentur,
572 1313 616 1377 itu
632 1312 802 1395 prusclsre
815 1311 1000 1386 diluuntur,
1018 1308 1163 1400 reintru-

63 1421 124 1489 tur,
144 1425 370 1480 conteruntur.
393 1414 558 1481 Noteotur
577 1415 708 1496 quidem
728 1414 812 1477 eden
825 1421 864 1478 ut
886 1411 1056 1476 rideretur
1077 1403 1163 1474 uuus

61 1515 98 1578 rb
112 1516 215 1581 ultoro
236 1517 434 1586 estomutoss
456 1525 636 1582 commento
657 1516 813 1579 rdrersus
835 1511 1022 1578 Pontificem
1045 1508 1164 1574 Romu·

61 1633 132 1680 oum
153 1627 185 1682 et
199 1617 383 1699 episcopos,
404 1618 461 1699 qui
477 1616 634 1682 Judiclto
654 1616 910 1697 subscripserunt
924 1613 964 1677 ud
985 1615 1087 1677 trium
1103 1609 1164 1696 Cn·

60 1717 239 1798 pitulornm
254 1721 502 1794 domusionem,
518 1727 687 1782 mutuetur
701 1735 781 1781 esse.
797 1715 962 1782 Notuutur
976 1714 1110 1795 iusuper
1122 1711 1164 1775 ult

58 1819 164 1883 eodem
187 1819 321 1902 vigilio,
343 1830 381 1885 ut
402 1820 539 1902 posteris
570 1819 817 1894 innotescerent,
840 1834 881 1881 ne
903 1815 1125 1880 illuderentur
1144 1831 1164 1878 u

60 1921 192 1984 versutis
213 1921 495 1985 nobismeticorum
518 1921 658 1986 consiliis
678 1938 716 1984 ee
739 1917 978 1983 defendentium
999 1914 1164 1997 Cupituls3

58 2027 88 2082 et
102 2039 141 2085 ne
154 2021 298 2104 emplius
315 2024 510 2091 recentiores
524 2021 662 2087 Romuui
685 2019 894 2086 Poutiticutus
909 2018 1029 2094 hostes,
1051 2015 1093 2078 ub
1113 2015 1164 2078 bis

57 2120 252 2187 iulsitetibus
277 2123 375 2210 cepti,
401 2124 501 2204 surgis
526 2125 557 2186 in
593 2121 681 2185 Petri
709 2119 904 2187 Cuthodrem
930 2121 1163 2198 irrumperent,

59 2219 155 2299 ipsius
176 2231 363 2305 contempte
379 2225 587 2288 sucturitete.
606 2221 742 2304 vigilius
757 2223 868 2302 itequc
893 2222 925 2283 iu
947 2216 1102 2301 proelutis
1115 2215 1171 2280 tit·

55 2323 129 2385 teris
149 2322 238 2389 duos
258 2323 411 2388 diaconos
430 2343 472 2388 ex
493 2323 702 2406 primoribus,
718 2324 775 2406 qui
789 2320 977 2388 ludicutum
998 2333 1164 2402 sprevere,

55 2425 233 2506 corripiens
255 2425 312 2489 uit.

131 2527 218 2592 «ltu
241 2547 322 2610 erpo
336 2537 529 2594 cunctorum
544 2529 680 2606 suimus,
703 2527 758 2609 qui
782 2535 921 2592 restrum
936 2524 1092 2590 melitium
1113 2538 1168 2586 ue-

53 2625 210 2708 scierunt,
238 2630 295 2694 sod
319 2637 471 2712 tunquam
493 2651 510 2693 s
534 2630 675 2695 nomenis
696 2630 837 2695 diououis
857 2628 1068 2709 suscipientes
1087 2623 1169 2690 scri·

14 2771 24 2790 .
51 2736 117 2806 pte,
138 2731 337 2814 simpliciter
356 2733 576 2810 erediderunt,
600 2731 639 2794 ud
663 2739 787 2796 tuntum
807 2729 915 2795 scelus
936 2715 1086 2808 operatio
1107 2722 1169 2787 iul-

52 2826 153 2894 lreiue
177 2843 309 2897 vestroe
329 2835 488 2914 pervenit,
505 2844 540 2898 ut
562 2835 722 2899 bumenus
735 2833 865 2914 singnis
885 2833 917 2894 in
932 2829 1095 2911 eliquibus
1113 2824 1166 2889 lo·

49 2929 93 2992 cis
114 2931 203 2996 iutro
229 2931 410 2997 Ecclesium
432 2934 539 3015 (quod
560 2933 623 2998 dici
644 2932 734 2998 nelos
753 2929 824 3012 es't)
843 2921 1063 2997 funderetur:
1078 2930 1112 2990 et
1132 2942 1167 2989 o·
1221 2997 1223 3002 ,

53 3047 160 3096 mnem
183 3034 293 3114 legem
316 3033 562 3098 ecclesiusticem
592 3034 735 3114 superbo
759 3033 876 3114 spiritu
897 3031 1092 3096 conculcare
1113 3044 1170 3089 vo-

48 3129 169 3210 luistis,
186 3143 376 3198 sructsrum
398 3153 531 3217 quoque
546 3135 736 3216 regulorum
757 3132 1018 3214 consequentium
1040 3126 1168 3210 injuriis

48 3230 222 3311 uliecistis,
238 3235 345 3312 impis
366 3242 399 3298 et
420 3253 505 3315 quse
525 3253 589 3298 uon
609 3243 685 3298 sunt
710 3234 799 3297 licitu
820 3251 880 3328 per
899 3231 1066 3296 universes
1095 3244 1171 3292 cou-

53 3340 105 3396 tre
127 3354 191 3399 uos
213 3335 399 3415 provincius
430 3335 592 3400 lellociter
612 3334 791 3399 iudicuudo.
823 3331 939 3412 Nuper
959 3333 1056 3396 etium
1077 3325 1172 3391 mulis

46 3435 165 3500 restris
188 3435 347 3500 addentes
367 3435 479 3517 peiore
501 3436 677 3518 prioribus,
698 3435 853 3500 domuum
868 3431 1015 3496 Leonem
1037 3425 1172 3510 proede-

46 3551 222 3600 cessorem
237 3542 386 3600 nostrum
408 3538 440 3601 iu
455 3535 619 3602 Theodori
634 3535 851 3618 mopsuesteni
871 3533 977 3611 dictis,
989 3535 1078 3613 'quen
1098 3546 1175 3594 con·

44 3641 93 3700 tre
125 3637 233 3702 tidem
259 3644 382 3701 rectem
410 3637 534 3719 legitur
562 3637 738 3719 scripsisse,
765 3653 955 3702 consensum
983 3632 1172 3715 praebuisse

45 3741 151 3816 utque
176 3737 342 3816 firmasse,
363 3737 439 3802 duto
459 3737 587 3818 Scripto
607 3737 647 3800 ud
670 3737 968 3801 christianissimum
991 3733 1173 3813 Principem

121 3959 164 4034 (l)
186 3959 375 4036 Inlresuripte
390 3964 505 4020 nomine
520 3977 571 4036 pro
582 3959 757 4035 Scriptorum
774 3961 907 4017 rurietsto
915 3957 1056 4016 verimodo
1073 3961 1171 4013 notun·

41 4057 105 4110 tur:
135 4053 386 4113 Ohulccdoueusis
404 4061 433 4112 ei
448 4054 698 4114 cstohodonsnsis:
728 4055 975 4128 llompsuesteuus
993 4059 1022 4110 ot
1039 4053 1172 4126 Mopsue-

38 4153 154 4204 steuns:
178 4151 335 4221 Agupotus
347 4153 376 4204 ei
386 4148 538 4224 Agnpitus:
551 4147 743 4206 Theodoreius
754 4154 783 4204 et
794 4147 996 4204 Theodoritus:
1009 4143 1169 4220 Apocrisiu·

37 4239 99 4297 rius
119 4245 153 4300 ct
173 4239 392 4313 Apocrisarius:
411 4240 596 4315 Ephesomius
613 4249 643 4301 et
661 4240 822 4299 Effrcmius:
836 4239 937 4300 Delius
954 4237 1097 4312 ctDsoius
1110 4235 1167 4295 'otu
