3028 4942
63 495 130 543 cum
145 481 176 543 ln
195 483 326 546 occulto
340 483 544 560 delitescens,
566 487 707 566 spatium
728 445 851 550 habetis
872 503 946 550 cnm
970 491 1074 549 mente
1091 380 1166 551 ch?-

63 585 130 645 trita
151 585 300 662 precibus
320 585 516 649 inhaerendi.
535 585 640 648 Porro
658 587 791 650 minime
812 603 949 666 parrum
972 588 1034 651 hoc
1055 589 1165 651 existi-

62 681 202 744 mauduni
223 692 284 758 est,
302 686 453 748 nimirum
476 687 613 766 benigno
633 685 700 749 neo
723 686 761 748 ad
783 686 879 766 pedes
901 688 1058 749 accidere.
1076 685 1165 763 Qua·

63 801 93 844 re
110 785 175 846 sine
194 785 430 850 intermissione
456 788 534 850 haec
551 788 670 865 lacite;
686 795 718 850 et
740 784 839 868 quam
864 791 1049 869 saepissime
1064 789 1173 856 licne·.

61 885 107 959 rit,
128 886 251 950 litteras
272 889 311 951 ad
327 907 384 952 nos
406 889 531 952 mittite.
547 887 631 952 Nam
647 891 706 952 etsi
728 889 826 968 longo
846 890 968 952 itineris
990 890 1164 953 intervallo

62 985 179 1048 evome
198 990 315 1052 semoti
335 990 458 1064 simus,
491 988 617 1052 nullam
638 989 724 1052 diem
751 991 1061 1068 praetermittimus,
1085 993 1163 1071 quin

63 1103 161 1150 rerum
177 1097 363 1153 vestrarum
386 1107 464 1152 cure
484 1098 674 1169 tangamur:
692 1107 824 1169 eosque,
841 1091 897 1170 qui
913 1091 1004 1154 istinc
1021 1093 1165 1168 veniunt,

63 1189 172 1254 etiamsi
192 1191 224 1251 id
247 1207 326 1254 raro
348 1193 523 1271 continget,
550 1193 811 1271 interrogemus,
834 1199 867 1254 ot
887 1192 1008 1254 curiosi
1028 1195 1167 1257 sciscite-

63 1303 135 1348 mur.
166 1287 208 1352 Ut
229 1291 334 1370 igitur
355 1292 498 1371 apertius
523 1292 628 1354 omnia
661 1291 821 1365 sciemus,
854 1290 935 1354 hanc
961 1291 1070 1365 nobis,
1093 1310 1167 1356 cum

63 1387 173 1451 occasio
193 1407 229 1456 se
249 1389 379 1465 oderat,
402 1393 540 1470 gratiam
562 1391 740 1466 concedite,
757 1399 794 1452 ut
814 1389 854 1452 de
877 1399 983 1454 vestra
1007 1392 1165 1456 valetudi-

66 1505 98 1551 ne
115 1505 168 1553 nos
195 1491 355 1554 certiores
377 1492 524 1572 iacietis3
555 1510 623 1572 qno
643 1485 775 1555 licet'in
805 1489 981 1555 solitudine
1002 1492 1164 1573 degentes,

64 1589 167 1667 ingenti
185 1591 307 1654 solatio
328 1591 519 1656 afficiemur.
540 1613 556 1652 s
578 1591 734 1673 Ejusdem
757 1591 892 1656 Palladii
915 1590 987 1656 ddei
1009 1595 1167 1674 probetne

65 1691 270 1754 testimoninm
287 1692 390 1756 reddit
415 1693 557 1758 isidorus
577 1694 742 1758 Pelusiota
766 1696 798 1758 iu
821 1693 938 1757 litteris
960 1693 998 1755 ad
1016 1695 1167 1758 eumdem

67 1787 153 1868 datis3
185 1792 218 1852 iu
240 1792 362 1870 quihus
384 1795 482 1872 ipsius
504 1797 641 1859 virtutes
662 1794 817 1868 celebrat,
840 1811 1021 1872 earumque
1042 1797 1168 1858 exerci-

67 1888 132 1952 tium
153 1891 212 1971 ipsi
234 1893 440 1954 commendat
461 1895 493 1954 in
508 1911 642 1956 monere
663 1893 848 1973 episcopali.
874 1892 953 1955 item
974 1891 1167 1956 Theodorus

68 1985 279 2057 Trimithnntis
303 1995 334 2055 in
355 1993 453 2074 Cypri
476 1994 579 2057 insule
602 1995 732 2058 antistes
756 1992 938 2056 Palladium
954 1993 1169 2056 uenerandum

68 2087 159 2152 airam
180 2095 336 2156 nominat.

137 2190 192 2255 tto
207 2194 310 2274 igitur
323 2195 528 2273 amplissimis
539 2195 739 2269 testimoniis,
751 2193 870 2274 quibus
886 2193 916 2254 iu
933 2191 1077 2258 Ecclesia
1093 2203 1170 2258 tnnc

68 2300 231 2356 exornatus
253 2302 302 2356 est
324 2294 500 2372 Palladius,
516 2297 598 2360 aden
614 2305 651 2360 ut
672 2297 772 2376 ipsius
794 2313 909 2358 nomen
930 2303 962 2357 et
982 2293 1123 2362 Orientis
1137 2301 1170 2358 ei

67 2386 235 2457 Occidentis
258 2395 462 2474 episcopatus
493 2399 656 2459 reveritus
678 2399 738 2472 sit,
762 2414 825 2457 non
848 2395 940 2456 rideo
961 2405 1072 2457 cur's.
1094 2393 1168 2474 Epi·

70 2490 162 2567 phanii
182 2501 215 2556 et
236 2512 263 2558 s.
288 2493 478 2580 Hieronymi
499 2497 647 2560 standum
670 2499 711 2559 sit
733 2495 938 2568 auctoritati,
970 2495 1171 2574 proindeque

70 2591 143 2654 iuter
155 2594 337 2658 haereticos
351 2595 544 2674 origenistas¹
560 2598 782 2660 inscribendus
804 2596 1084 2676 helenopolitanus
1107 2597 1172 2658 hn-

72 2689 155 2754 tistes.
177 2693 301 2756 Mirum
321 2713 398 2759 sune
418 2704 478 2770 est,
500 2715 575 2759 cnm
596 2714 621 2758 s.
648 2695 844 2775 Epiphanius
866 2696 904 2755 ad
929 2693 1171 2776 Hierosolymo-

70 2810 134 2854 rum
155 2793 342 2876 episcoptim
363 2794 519 2859 ioannem
541 2796 705 2871 scribens,
738 2798 800 2859 sub
821 2814 871 2859 su.
894 2792 964 2860 392.
989 2795 1171 2857 Palladium

70 2891 257 2957 haereticum
274 2913 332 2958 sen
354 2897 559 2974 origenistam
575 2901 703 2976 ergna't,
726 2906 758 2959 ct
779 2915 854 2960 cnm
871 2899 946 2960 item
968 2913 993 2958 s.
1015 2893 1174 2978 Hierony·

72 3009 132 3056 tuns
150 2995 211 3056 sub
227 3013 279 3056 eu.
294 2991 363 3061 tlt.
380 2997 485 3077 ipsum
499 2998 530 3058 in
552 2996 670 3059 eisdem
692 2997 860 3060 erroribus
875 2997 1095 3076 persistentem
1117 3013 1174 3056 no·

74 3089 114 3154 bis
132 3095 300 3176 objiciet,
319 3096 420 3158 relati
441 3115 482 3158 ex
505 3095 658 3174 praelatis
678 3098 835 3160 eroitnrs
860 3097 945 3159 hand
968 3095 1104 3170 modica,
1127 3097 1174 3156 in·

71 3209 169 3270 qnam,
184 3212 244 3256 uos
257 3194 468 3258 admiratione
482 3191 591 3271 allicit,
603 3195 751 3260 eumdem
768 3195 963 3269 Palladium,
979 3212 1018 3256 eo
1034 3194 1175 3256 median·

75 3301 101 3354 te
120 3303 265 3373 tempore
285 3297 343 3358 etsi
367 3297 521 3360 haeretici
544 3306 618 3358 nota
640 3297 753 3372 ictum,
776 3297 860 3359 inter
881 3297 1046 3374 episcopos
1070 3303 1174 3357 tamen

73 3393 238 3458 ostholicos
258 3403 459 3476 cooptatum,
476 3395 593 3460 Christi
615 3413 744 3475 gregem
767 3413 891 3475 regere,
914 3395 1118 3460 orthodoxae
1139 3393 1176 3454 fi-

74 3491 116 3554 dei
130 3501 268 3558 tractare
288 3497 429 3576 negotia,
445 3513 508 3559 nnn
529 3497 636 3559 solum
658 3496 689 3557 in
703 3513 762 3558 sue
778 3496 929 3568 dioecesi,
945 3495 999 3557 sed
1017 3503 1048 3556 et
1063 3481 1171 3569 extra,

75 3597 100 3651 et
116 3592 228 3674 longe,
250 3596 297 3658 uti
319 3613 339 3658 e
358 3595 487 3678 synodis
518 3596 712 3660 honoratum
737 3597 872 3658 vidimus
895 3593 1132 3673 legationibus,
1155 3611 1172 3654 a

78 3695 200 3758 ueritate
214 3695 324 3759 devios
345 3696 533 3772 reducendi,
549 3697 800 3778 dissidentesque
825 3695 1034 3775 componendi
1058 3695 1175 3773 gretia,

77 3793 163 3857 nullis
182 3804 366 3875 parcentem
383 3797 562 3875 laboribus,
585 3798 679 3878 plura
697 3815 882 3878 perpessum
910 3797 1115 3870 discrimina,
1138 3813 1177 3858 ec

79 3909 129 3969 pro
148 3894 208 3958 lide
227 3898 351 3961 sincere
372 3898 586 3962 dimicantem.

148 3995 224 4069 hut,
241 4005 276 4060 ut
295 3998 357 4061 alia
374 4001 497 4062 ratione
516 4000 632 4075 dicam,
648 3999 812 4079 quomodo
827 3997 897 4060 lieri
920 4003 1036 4076 potest,
1053 4005 1089 4059 ut
1104 3994 1178 4058 Pel-

86 4088 178 4157 ledius
197 4095 343 4179 Origenis
362 4099 547 4174 studiosus,
579 4099 684 4178 quod,
711 4100 804 4180 iuxta
826 4096 1015 4180 Hieronymi
1050 4103 1082 4157 et
1104 4091 1179 4173 dpl-

83 4189 175 4268 phauii
195 4215 332 4277 sensnm,
355 4199 439 4263 idem
461 4207 530 4274 est,
549 4207 651 4280 ptque
672 4199 945 4278 blasphemiarum
967 4205 1121 4268 assertor,
1143 4203 1178 4256 et
