3048 4946
338 411 478 592 Rom,
498 513 656 580 custodiat
684 513 784 580 cerdo
802 521 905 580 oestro
924 522 953 580 et
982 510 1211 596 intellioentias
1240 519 1368 576 oestrus.
1389 509 1445 592 lere

338 627 441 682 antem
465 613 609 681 Christos
631 615 715 682 Deus
737 625 842 681 noster
861 617 967 681 colens
982 617 1138 698 perlectae
1154 613 1247 696 poris
1266 611 1389 676 indicio
1404 614 1446 674 de·

336 727 527 794 monstrare,
548 716 639 782 dicit:
657 717 770 783 Pacem
783 737 882 782 oseam
902 719 1047 800 relinquo
1060 715 1157 793 mdis,
1176 732 1285 798 pacem
1298 735 1396 778 sneosn
1413 715 1445 776 du

336 819 433 898 nodis,
455 837 519 882 nen
539 820 692 906 quomedo
711 821 849 884 mondus
877 820 946 896 dat,
968 838 1022 902 eoo
1041 819 1082 882 do
1100 816 1194 882 uadis.
1224 815 1358 895 oedem
1376 815 1446 879 nis

332 921 472 985 mundos
493 921 570 985 dere
586 917 698 1002 poerit,
719 919 787 1002 ipse
805 937 864 984 nus
877 917 1013 986 instruit
1028 939 1085 1002 per
1099 919 1300 1002 stapleton,
1319 916 1379 1000 qui
1395 917 1443 992 sit,

333 1021 480 1098 dicentes,
499 1040 569 1102 pac
578 1041 660 1103 pac,
681 1040 755 1086 carn
775 1038 840 1085 non
853 1029 931 1085 esset
947 1040 1026 1102 poe.
1045 1020 1088 1086 tls
1107 1020 1193 1085 iilud
1211 1019 1312 1085 simili
1331 1018 1445 1084 ratione

330 1141 507 1206 pemesnns,
539 1123 617 1205 qnia
636 1123 674 1187 in
705 1121 928 1206 Apostolorum
949 1121 1079 1187 Aetilnr
1100 1123 1137 1186 de
1153 1124 1294 1204 perfecta
1311 1139 1391 1203 paee
1406 1117 1445 1181 sie

334 1236 378 1289 eet
398 1226 435 1288 de
463 1224 658 1288 credentibus
676 1223 715 1289 in
736 1223 872 1288 Domino
902 1225 1114 1300 declaratore,
1140 1226 1224 1308 qaod
1242 1233 1313 1287 nat
1331 1223 1370 1287 in
1387 1220 1445 1284 iliis

334 1345 389 1390 cor
402 1344 503 1390 onom
523 1337 552 1390 et
565 1326 676 1392 aniene
695 1346 774 1392 eno.
797 1325 905 1393 Malta
924 1345 995 1409 eruo
1015 1335 1106 1402 sont,
1125 1345 1206 1411 qaae
1226 1327 1263 1388 de
1283 1331 1444 1388 maaet

332 1425 455 1490 coelesti
479 1446 557 1509 poce
577 1425 784 1492 discernente
809 1427 1012 1494 inveniamus
1029 1426 1161 1508 scripto.
1195 1423 1285 1502 Ossae
1303 1424 1384 1508 quia
1400 1442 1445 1486 oss

330 1547 397 1594 non
410 1527 594 1593 credimus
579 1545 737 1610 tenerare,
752 1529 889 1613 sufficiat
900 1527 1092 1609 excerpsisse
1103 1546 1210 1608 perseo
1222 1528 1259 1589 de
1282 1524 1444 1609 pimini,-

330 1639 368 1695 ne
381 1628 482 1710 mauis
501 1626 799 1709 confraternitatis
809 1629 912 1712 possit
922 1627 1089 1694 aestimare
1102 1625 1279 1710 judicium,
1294 1645 1377 1708 oseae
1384 1641 1443 1705 pce

327 1729 437 1810 potine
458 1752 479 1795 a
499 1731 711 1796 recadutidos
731 1730 774 1795 sit
794 1731 940 1794 tenenda.

424 1829 570 1896 «Nouae
582 1833 789 1914 perspicuum
804 1840 853 1896 est
865 1841 898 1896 et
911 1831 1078 1896 esideuter
1091 1835 1225 1912 superet
1238 1847 1281 1894 ex
1296 1829 1359 1906 luis,
1372 1845 1444 1910 quse

333 1935 602 2011 memoravimus,
625 1933 713 2015 quod
734 1942 768 1997 et
788 1933 847 2014 ipsi
868 1933 1115 2015 coutrurii‚.qui
1136 1950 1155 1997 s
1176 1931 1269 1996 uobis
1291 1933 1322 1995 iu
1345 1930 1442 1995 multis

331 2033 534 2111 dissentiunt,
556 2036 588 2098 io
610 2034 672 2098 hoc
694 2037 1032 2112 temeucouseutieut,
1054 2034 1142 2118 quod
1164 2036 1195 2098 iu
1219 2035 1340 2098 tslilsus
1361 2051 1442 2115 pree

332 2135 555 2198 vaticanorum
573 2134 617 2197 eit
639 2134 766 2197 vitanda
788 2134 1003 2201 commuuio?
1018 2133 1062 2199 lit
1081 2134 1168 2217 quod
1184 2135 1240 2198 ille
1262 2153 1328 2216 pix
1348 2134 1389 2198 sit
1407 2140 1444 2195 tc·

333 2236 436 2300 uentu
451 2253 469 2300 e
483 2234 543 2300 Dei
556 2234 780 2302 sacerdotibus
800 2235 1106 2319 induciatoque
1126 2243 1249 2302 emtum
1270 2237 1370 2318 ipsius
1389 2251 1443 2297 ooo

329 2337 500 2402 subvertet
521 2335 698 2404 Ecclesiae.
713 2327 924 2403 Subsertitur
944 2347 1067 2416 eutem,
1082 2339 1109 2404 ei
1130 2339 1202 2421 ejus
1223 2340 1264 2402 de
1279 2337 1342 2401 fide
1361 2354 1445 2419 geue·

330 2438 413 2503 ruliu
435 2438 607 2503 constitute
628 2439 767 2505 decretis
798 2439 940 2506 eliorum
961 2441 1168 2507 secerdotum
1193 2439 1342 2520 quelibet
1362 2453 1444 2502 uoce·

328 2539 419 2603 sione
441 2539 643 2620 irrogentur.
669 2537 808 2622 Propter
821 2540 910 2622 quod
931 2549 965 2605 ot
984 2540 1071 2615 illos.
1086 2544 1144 2622 qui
1169 2523 1289 2604 talibus
1310 2555 1445 2603 commu·

328 2639 528 2715 uiceserent,
559 2640 688 2704 seuieus
714 2639 746 2702 iu
769 2641 893 2722 regiam
919 2641 1081 2705 civitatem
1108 2657 1126 2703 r
1153 2640 1381 2705 commuuione
1397 2655 1444 2701 su·

328 2739 466 2821 speudit.
490 2738 554 2816 Qui
574 2741 623 2804 sic
644 2757 762 2804 rursus
783 2741 815 2804 in
836 2744 1023 2806 memoretis
1042 2743 1109 2806 suis
1132 2741 1263 2808 Litteris
1284 2741 1373 2804 dieii.

408 2861 426 2900 a
443 2837 578 2915 Quando
591 2839 678 2904 naon
701 2859 766 2906 seon
779 2839 820 2904 sit
838 2839 1049 2924 incoquitorn,
1063 2843 1140 2925 quia
1160 2842 1317 2908 diaconus
1329 2839 1446 2922 sean-

327 2955 389 3004 nus
409 2949 486 3002 tnnc
515 2939 709 3021 responsalis
739 2951 881 3018 nostrae,
912 2942 966 3006 cni
982 2962 1041 3024 per
1064 2943 1120 3008 liei
1139 2941 1279 3025 orations
1296 2939 1445 3022 mneside·

326 3055 412 3114 enee,
426 3039 597 3115 Ecclesiae,
618 3060 693 3106 curn
704 3040 857 3122 plurimis
877 3040 1062 3108 cinctionis
1076 3041 1231 3123 quamdin
1253 3041 1350 3116 uiuit,
1364 3063 1384 3104 s
1395 3051 1444 3103 tea

326 3157 360 3204 se
378 3141 595 3206 communione
613 3142 833 3224 suspenderit:
856 3153 885 3205 et
905 3142 942 3206 in
960 3143 1119 3208 siciliensi
1146 3143 1262 3208 Insula
1281 3139 1445 3210 murini.

326 3242 432 3324 fratre
451 3251 480 3306 et
499 3241 674 3325 coepiscopo
694 3251 803 3308 nostro
823 3243 917 3324 Dorio
937 3248 1099 3330 referente,
1120 3242 1303 3322 didicimus,
1324 3244 1444 3327 quodsi

276 3324 284 3342 ⁸
325 3339 393 3423 ipse
412 3351 442 3406 et
461 3341 524 3408 olii
543 3347 778 3408 eonsonrtetes
797 3345 913 3419 nostri,
933 3344 1079 3411 etmulti
1108 3343 1173 3428 filii
1194 3344 1355 3410 Ecclesiae
1373 3339 1445 3407 eiri-

324 3439 428 3506 stiani
451 3451 545 3507 otoo
564 3463 596 3508 se
617 3443 828 3510 nihilominus
849 3444 1066 3510 communione
1081 3444 1310 3510 subtraxerint.
1326 3445 1367 3509 lit
1378 3445 1444 3506 ds·

323 3559 439 3608 euneos
459 3541 566 3608 exorti
585 3564 805 3628 emeremus
823 3547 986 3624 scandali,
1018 3545 1198 3613 antedictos
1216 3551 1322 3628 frater
1343 3557 1372 3611 et
1388 3561 1444 3607 eue-

318 3640 470 3726 piseopns
491 3654 596 3709 nester
614 3647 793 3726 respondite
810 3647 868 3710 lsoc
888 3647 1106 3725 fraternitatis
1126 3658 1201 3712 triae
1219 3648 1333 3731 secisse
1348 3661 1444 3729 perse·

321 3749 414 3820 nens,
433 3746 517 3826 quod
536 3767 558 3810 u
574 3747 666 3810 nullo
686 3749 878 3811 decessorum
899 3757 1043 3826 tuorum,
1062 3751 1322 3830 decessorumque
1335 3757 1444 3812 nonro-

325 3861 399 3918 ross
420 3845 607 3926 temporibus
638 3846 775 3927 quolibet
803 3847 916 3928 suisset
946 3849 1068 3914 ratione
1098 3850 1312 3914 commissum.
1343 3846 1443 3914 Cernis

325 3945 538 4025 (Mocieuue)
553 3947 641 4028 quod
656 3965 720 4012 uon
740 3949 830 4012 solus
851 3951 904 4016 hie
918 3949 1028 4016 ludex
1049 3951 1187 4034 ejusque
1208 3952 1374 4024 discussos,
1392 3943 1441 4009 ⁵04

325 4054 359 4110 et
380 4045 493 4112 Delius
526 4049 771 4114 mediolacensis
799 4051 970 4133 episcopus
1001 4054 1117 4118 iulium
1150 4054 1440 4135 preersriessoma

325 4149 585 4212 communionem
608 4149 775 4214 loruudum
789 4171 860 4217 osee
875 4171 939 4217 uou
955 4152 1100 4218 duxerit.
1116 4153 1204 4232 Quid
1228 4153 1332 4236 igitur
1346 4149 1441 4213 silue

304 4247 419 4314 2nobiu
434 4249 473 4314 de
495 4250 556 4314 hoc
570 4253 720 4332 quaestio
741 4260 982 4332 commovetur,
1002 4254 1087 4320 uude
1108 4274 1167 4321 noe
1188 4255 1274 4321 iuter
1295 4247 1438 4338 contrudi·
