3186 4946
336 359 371 415 tv

336 479 431 549 ctos,
449 463 520 561 'qui
540 484 606 560 pro
634 461 794 556 ejusdem
821 484 1040 560 suorumque
1059 461 1232 548 librorum
1260 463 1330 541 flde
1358 487 1426 565 pu·

336 603 506 690 gnorunt.
523 587 612 664 Acta
633 589 767 686 Synodi
786 589 1054 677 alexandrinae,
1074 591 1256 690 ceterique
1275 615 1426 669 conten·

335 734 396 792 tus
417 717 548 792 tamin
568 717 747 816 Aegypto,
767 731 843 792 tam
862 717 996 816 Cypro,
1016 731 1092 792 tam
1111 717 1426 818 Constantinopoli

335 846 417 922 ideo
436 847 657 944 congregati,
684 846 899 944 qualitates
927 869 986 920 res
1003 845 1187 933 hahuerit,
1215 847 1425 922 ostendunt.

445 970 690 1059 Quamobrem
719 973 831 1073 siquis
864 973 972 1048 modo
999 972 1087 1050 velit
1114 975 1318 1067 conjudex
1343 974 1428 1050 huic

222 1181 229 1193 ,
339 1100 543 1200 quaestioni
570 1100 1060 1200 interesse,quocumquese
1079 1115 1213 1188 vertat,
1232 1103 1269 1176 in
1297 1123 1428 1200 magno

338 1241 507 1303 versatur
525 1227 747 1312 discrimine,
766 1229 885 1305 sciens
912 1242 1039 1304 contra
1054 1251 1093 1302 se
1120 1240 1218 1303 stare
1237 1230 1347 1316 viros,
1367 1228 1429 1327 qui

339 1369 428 1430 tuuc
442 1377 573 1452 magno
587 1354 779 1469 splendore
799 1355 981 1433 Ecclesiae
1000 1369 1125 1432 sancta
1143 1355 1313 1454 dogmata
1331 1368 1430 1432 tuta·

339 1482 496 1572 hantur3
516 1482 724 1582 Christique
743 1481 921 1579 Religioni
949 1506 1116 1559 sermone
1145 1497 1183 1560 et
1208 1496 1292 1560 actu
1316 1484 1431 1560 inser·
1529 1493 1540 1504 “

340 1609 489 1688 aiebant
515 1609 791 1686 studiosissime.
825 1609 895 1684 Ex.
924 1634 959 1708 g.
987 1621 1030 1686 ut
1055 1610 1101 1685 de
1129 1610 1261 1687 ceteris
1288 1609 1430 1697 sileam,

340 1761 450 1815 nemo
469 1739 599 1825 nescit,
619 1761 692 1837 quo
711 1737 790 1814 zelo
807 1761 875 1836 pro
901 1737 1064 1816 Ecclesia
1084 1737 1164 1824 Dei,
1184 1763 1226 1814 ac
1253 1752 1430 1837 quantum

342 1869 378 1941 in
407 1866 611 1942 divinarum
630 1865 836 1946 litterarum
864 1865 984 1940 studio
1011 1888 1054 1940 ac
1073 1866 1249 1962 sapientia
1277 1864 1432 1962 praesti·

345 1995 436 2072 terit
469 2015 501 2070 a.
534 1992 790 2090 Hieronymus,
808 2006 846 2069 et
864 1993 962 2091 quali
983 1993 1092 2068 simul
1115 1993 1251 2090 pietate
1279 2003 1318 2066 et
1350 2014 1434 2066 san·

344 2121 485 2207 etitate,
513 2141 707 2216 rerumque
730 2118 1057 2195 ecclesiasticarum
1085 2117 1287 2194 eruditione
1308 2116 1433 2216 proie-
1473 2135 1477 2142 ’
1583 2151 1584 2172 ,

345 2247 438 2324 cerit
463 2245 568 2322 divus
585 2243 823 2344 Epiphanius,
842 2259 880 2323 et
905 2247 1003 2345 quali
1030 2247 1179 2344 insuper
1197 2245 1275 2320 nelo
1302 2256 1341 2320 et
1368 2268 1433 2320 au·

344 2375 516 2458 ctoritate
557 2372 751 2449 invaluerit
778 2374 815 2448 in
854 2372 1018 2448 Ecclesia
1050 2372 1284 2448 alexandrina
1311 2369 1436 2446 Theo·

343 2503 478 2602 philus.
506 2498 633 2578 Nullus
650 2502 720 2578 hoc
747 2503 905 2602 ignorat:
931 2525 998 2578 nec
1026 2502 1115 2576 item
1142 2501 1322 2576 inficiatur
1347 2499 1437 2576 istos

346 2633 383 2706 in
401 2631 595 2729 Origenem
610 2636 759 2730 ejusque
777 2630 891 2705 libros
910 2631 1030 2705 auimo
1050 2628 1223 2726 irrupisse
1243 2627 1439 2703 vehemen-

346 2760 489 2834 tissimo
516 2771 692 2858 tanquam
720 2758 755 2832 in
784 2758 919 2832 Christi
947 2757 1115 2842 hostem,
1147 2756 1249 2830 etin
1287 2752 1453 2853 pestiis*

280 2907 283 2912 ’
345 2908 443 2973 rum,
471 2886 800 2985 impiissimumque
825 2885 956 2959 virum.

455 3013 629 3092 Similiter
647 3038 694 3090 ex
713 3014 866 3088 adverso
885 3011 1116 3110 apertissime
1136 3020 1305 3086 constant
1322 3009 1440 3084 scien·

349 3144 416 3230 tia,
444 3143 616 3230 charitas,
645 3141 815 3241 zelusque
844 3140 1133 3225 ardentissimus,
1160 3136 1292 3236 quihus
1318 3135 1439 3236 splen·

349 3271 428 3346 duit
453 3271 490 3346 in
517 3271 767 3357 antiochenae,
786 3267 915 3343 deinde
938 3264 1352 3365 constantinopolitanae
1379 3286 1440 3340 ec-

351 3397 482 3474 clesiae
510 3398 685 3495 regimine
718 3395 878 3470 loannes
914 3395 1221 3492 Chrysnstomus3
1257 3417 1329 3493 qua
1360 3392 1439 3466 ani·

351 3525 402 3602 mi
421 3526 608 3600 alacritate
626 3535 667 3599 et
692 3523 762 3597 lide
782 3547 924 3598 sacrum
945 3523 1187 3598 ministerium
1215 3519 1442 3620 expleverit3

352 3666 390 3726 et
416 3677 507 3751 quos
534 3652 572 3726 in
593 3655 676 3742 iura
712 3649 957 3727 ecclesiastica
987 3651 1199 3728 vindicando
1227 3671 1355 3748 passus
1391 3647 1441 3721 sit
1583 3671 1584 3680 ¹

224 3859 227 3866 Δ
353 3779 510 3856 labores.
532 3778 673 3852 Pariter
690 3777 812 3853 nullus
835 3793 914 3865 est,
933 3778 994 3877 qui
1013 3777 1155 3876 ignoret
1175 3774 1357 3852 Theotimi
1383 3785 1442 3848 to·
1583 3841 1584 3852 ψ

353 3895 480 3982 mitani
499 3907 731 3982 sanctitatem
758 3920 797 3983 et
824 3905 982 3982 studium
1011 3906 1048 3979 in
1067 3926 1217 3982 munere
1246 3899 1441 4000 episcopali
1583 3989 1584 3996 ἶ

353 4032 564 4148 excolendo,
585 4049 622 4112 et
640 4033 739 4133 quali
768 4032 845 4110 zelo
878 4035 915 4108 in
933 4033 1138 4110 Christiana
1167 4028 1355 4128 Religione
1388 4027 1444 4101 in·

355 4171 411 4238 ter
439 4159 610 4238 barbaros
639 4160 820 4238 dilatanda
846 4161 1038 4239 exarserit.
1061 4159 1176 4237 Nemo
1203 4157 1293 4234 item
1326 4153 1445 4233 nescit
