3186 4946
336 369 377 444 ds

331 486 364 542 ct
383 477 560 544 aversionis
580 484 614 544 et
633 476 870 543 discordiarum
897 477 1019 558 ubique
1045 477 1077 554 ip
1102 493 1138 541 ea
1167 480 1296 559 regione
1324 483 1447 560 sparsis

332 581 507 648 seminibus
527 580 567 644 de
588 587 675 646 tanto
699 582 779 646 viro.

412 680 457 746 Et
476 681 519 746 ob
539 681 613 758 boc,
632 681 664 744 ni
679 680 789 756 iaiior,
805 679 900 760 plane
912 679 1142 760 explanantur,
1158 700 1242 763 qnae
1259 683 1358 762 panio
1371 689 1449 746 anto

334 785 430 848 citata
454 782 564 858 verbe,
586 782 725 846 obscure
744 781 876 862 quidem
903 781 1002 847 tradit
1022 781 1063 846 dc
1084 783 1152 864 ipso
1180 782 1345 848 Demetrio
1372 802 1444 865 spc-

334 886 462 961 cintim,
484 882 663 964 Origenes,
686 883 858 948 Ambrosio
882 883 986 948 sodali
1011 903 1072 948 suo
1099 885 1230 949 locotus
1252 885 1291 948 dc
1319 884 1447 947 divinae

333 988 403 1067 opis
424 987 612 1052 necessitate
627 986 657 1048 in
675 985 771 1050 rebus
785 986 1009 1066 spiritualibus
1024 987 1233 1067 exequendis:
1247 984 1448 1062 «Ceterum,

334 1087 391 1162 ait,
413 1086 642 1166 supputatione
657 1085 754 1161 iacta,
777 1104 853 1152 cum
876 1085 1209 1166 deprehendissemus,
1232 1084 1446 1165 perficiendae

334 1188 488 1264 iubricae,
510 1205 560 1264 ea,
583 1205 669 1269 quae
692 1205 937 1268 paraveramus,
953 1206 1016 1252 non
1031 1187 1192 1264 suficere,
1208 1187 1240 1249 id
1254 1193 1359 1250 totum
1376 1185 1444 1251 Deo

334 1287 554 1352 commisimus
577 1289 688 1352 ditauti
710 1288 742 1350 iu
764 1290 850 1353 omni
870 1307 1020 1354 sermone
1048 1296 1082 1352 et
1096 1289 1297 1370 coguitiouc3
1313 1287 1448 1351 creden·

335 1399 394 1466 ies,
417 1389 504 1469 quod
527 1407 583 1452 uos
604 1391 702 1469 ipsos,
724 1389 810 1470 ioges
828 1407 962 1454 servare
983 1391 1170 1472 spirituales
1185 1398 1348 1466 conantes,
1366 1390 1447 1453 dita·

334 1491 390 1552 bit.
405 1489 447 1552 Et
461 1489 547 1569 quod
571 1489 811 1571 progredientes
826 1491 857 1552 in
872 1496 1040 1556 structura
1061 1491 1164 1574 adjnti
1192 1491 1252 1567 iris,
1276 1509 1360 1570 quae
1378 1491 1447 1570 ipse

333 1589 601 1671 suppeditaverit,
614 1590 652 1652 nd
669 1590 805 1654 aedificii
820 1591 915 1654 eiiam
932 1607 1084 1657 coronam
1101 1595 1337 1673 perveniemus.
1350 1589 1444 1667 Quae

335 1709 423 1767 eum,
446 1691 502 1770 qui
523 1692 702 1755 ascenderit
723 1691 761 1753 ad
785 1692 918 1756 domum
937 1693 1106 1770 sermonis,
1129 1692 1246 1756 cadero
1270 1691 1445 1772 probibet:

335 1810 410 1856 cum
430 1791 472 1855 ab
494 1791 542 1855 bis
564 1801 689 1857 tantum
709 1792 871 1868 domibus,
893 1811 978 1873 quae
999 1811 1120 1858 corona
1141 1800 1264 1870 carent,
1280 1790 1395 1855 cadant
1409 1793 1446 1866 ii,

334 1894 390 1974 qui
413 1902 545 1975 propter
565 1893 786 1957 aedificiorum
809 1895 1082 1975 imperiectiouem
1105 1894 1242 1958 cadunt:
1266 1910 1350 1974 quac
1376 1911 1446 1957 cac-

337 1993 393 2058 des
413 2003 446 2057 et
466 2011 560 2058 casus
580 2001 757 2072 causantur
778 1994 839 2071 bis,
861 1995 918 2074 qui
940 1995 970 2058 iu
992 1995 1105 2059 codem
1126 2001 1202 2058 sunt
1221 1989 1341 2058 ioco.»

415 2092 497 2158 iiiuc
518 2112 580 2157 non
604 2095 733 2157 videtur
753 2094 894 2158 arduum
916 2095 1120 2176 investigatu,
1137 2096 1243 2177 qualis
1257 2097 1298 2160 sit
1312 2095 1446 2160 domum

337 2198 493 2262 sermonis
514 2195 699 2272 ascendens,
722 2196 754 2258 iu
775 2196 869 2276 cuius
889 2196 977 2260 domi
997 2199 1182 2261 summitate
1204 2216 1343 2274 corona,
1367 2197 1449 2261 idest

338 2297 515 2378 spiritualis
530 2296 699 2378 perfectio,
715 2296 815 2374 deest,
828 2305 861 2360 et
873 2297 915 2361 ob
929 2298 1010 2362 banc
1023 2298 1158 2364 aedificii
1174 2299 1449 2380 imperfectionem

336 2402 440 2484 ipsum
456 2399 521 2461 iabi
537 2398 572 2461 iit
582 2418 594 2477 3
614 2406 646 2462 et
659 2416 752 2462 casus
767 2397 839 2460 inde
854 2405 1031 2462 causantur
1043 2399 1092 2474 iis,
1105 2398 1161 2476 qui
1177 2401 1209 2461 iu
1226 2398 1337 2462 eadem
1353 2397 1451 2461 domo

336 2507 422 2566 suni.
445 2499 618 2579 Perspicua
639 2493 722 2562 enim
745 2498 974 2562 animadvertit
1001 2495 1201 2563 Demetrium
1232 2497 1450 2562 Alexandriae

337 2604 537 2684 episcopum,
560 2607 592 2664 et
612 2601 710 2664 simui
731 2601 857 2680 aliquot
879 2600 1018 2682 Aegypti
1040 2600 1207 2681 praesules
1230 2609 1261 2662 et
1283 2599 1450 2682 presbyte-

338 2721 405 2780 ros,
427 2705 483 2784 qui
505 2720 579 2766 cum
601 2702 714 2766 eodem
736 2701 901 2766 Demetrio
922 2702 1051 2782 iniquae
1072 2700 1266 2764 damnationi
1283 2717 1448 2764 consenso

340 2812 417 2868 runt
437 2805 468 2865 in
487 2805 628 2884 seipsum
649 2804 747 2868 iotae.

419 2903 579 2980 Secundo,
596 2923 671 2968 cum
685 2905 752 2986 ipsc
765 2902 921 2983 Origenes
937 2903 1034 2984 paulo
1057 2911 1127 2984 post
1149 2904 1271 2984 inquit:
1294 2901 1388 2969 Nunc
1401 2921 1450 2966 oe·

339 3024 375 3070 ro
395 3007 523 3087 quondo
536 3006 686 3068 adversas
702 3022 757 3066 nos
778 3001 899 3083 r’prritce
912 3003 1046 3083 rupitias
1066 3006 1182 3067 multoe
1202 3023 1302 3067 conoe
1320 3005 1451 3084 sumunt

335 3110 452 3188 sociae,
468 3104 531 3169 Deo
555 3104 632 3168 iiior
652 3103 850 3184 extinguente
874 3114 935 3168 cic.
953 3105 1058 3182 ipsum
1073 3105 1217 3168 intuetur
1232 3103 1445 3176 Demetrium,

339 3209 371 3270 in
392 3208 486 3288 cujus
507 3207 597 3270 obitu
619 3206 753 3285 sagittae
775 3206 909 3268 obtusae
929 3215 1017 3280 suut,
1042 3203 1109 3267 Deo
1129 3205 1320 3286 sagittarum
1343 3207 1447 3286 ignem

338 3310 557 3388 extinguente.
575 3303 700 3385 Reapsc
716 3305 876 3370 Eusebius
892 3307 990 3387 panio
1011 3315 1085 3369 aute
1101 3307 1269 3370 diuersis«
1284 3305 1352 3370 Nec
1367 3304 1450 3368 mui-

341 3416 372 3471 to
394 3416 466 3489 post
495 3411 586 3489 icap.
610 3404 704 3484 XX.)
728 3405 910 3471 Demetrius
933 3408 1149 3471 Alexandriae
1171 3408 1353 3489 episcopus,
1375 3423 1449 3469 curn

339 3509 551 3590 quadraginin
576 3517 639 3571 tres
670 3525 768 3571 annos
798 3508 937 3589 integros
960 3511 1069 3573 initio
1091 3510 1267 3574 ministerio
1290 3506 1450 3588 iungendo

339 3611 553 3685 contrivisset,
569 3617 706 3672 mortem
721 3610 818 3673 obiit:
838 3611 912 3674 huic
927 3612 1080 3674 successit
1095 3608 1261 3673 Heraclea.
1281 3628 1297 3667 n
1313 3607 1378 3685 Qui
1394 3627 1451 3671 un·

339 3713 440 3776 decim
462 3730 560 3775 annos
582 3712 670 3774 iliius
690 3711 845 3774 ecciesiae
867 3713 1087 3791 episcopatum
1111 3711 1225 3786 tenuit,
1247 3709 1393 3772 doctriua
1417 3717 1450 3772 ct

339 3813 507 3876 sanctitate
528 3813 668 3893 insignis,
685 3812 768 3874 ieme
792 3813 912 3892 ubique
934 3831 1008 3876 euru
1031 3811 1224 3873 iiiustraute.
1244 3808 1279 3873 iu
1301 3829 1366 3891 qno
1383 3829 1450 3874 mu·

339 3932 416 3977 uero
437 3915 567 3994 quidem
589 3931 652 3976 nou
673 3923 784 3976 contra
806 3913 999 3992 Origcuem,
1033 3915 1087 3992 qui
1110 3915 1137 3975 ci
1160 3913 1283 3975 remisit
1313 3911 1451 3976 Scholae

340 4015 591 4097 praeiecturam,
608 4017 662 4078 scd
678 4034 738 4096 pro
753 4033 792 4078 eo
814 4015 860 4077 uti
883 4023 1084 4078 antecessore
1105 4033 1165 4078 suo
1188 4015 1357 4095 proboque
1383 4016 1454 4077 viro

339 4120 531 4195 decertasse,
548 4117 744 4180 credendum
767 4123 824 4179 cst.
848 4115 962 4195 quue
977 4116 1129 4196 emplius,
1147 4113 1235 4195 quod
1250 4114 1406 4194 Origenes
1420 4116 1454 4176 in

339 4223 437 4286 citato
457 4222 530 4286 ioco
552 4219 667 4298 iuquit:
689 4216 762 4280 Jesa
778 4217 958 4298 increpante
979 4225 1084 4280 centor
1105 4225 1133 4281 et
1153 4215 1259 4280 undas
1281 4215 1391 4293 moris,
1409 4235 1455 4278 se-
