3028 4942
1096 354 1154 423 m
1259 300 1262 304 ⁵

81 461 129 540 gis,
141 459 252 534 cadem,
265 479 347 542 quae
359 463 391 523 in
405 461 464 524 illo
474 462 598 539 culpat,
611 463 678 541 ipse
692 464 918 543 conscripserit
928 480 940 539 3
951 460 1006 524 set
1020 467 1053 524 et
1066 459 1154 539 quud

79 561 185 622 animae
199 563 227 622 in
247 579 383 642 corpore
397 563 458 626 hoc
481 567 617 639 vinctae,
642 565 782 628 velutin
802 581 934 627 carcere
956 571 1154 633 tenerentur,

78 659 166 737 ipsum
184 659 298 726 dixisse
310 664 445 726 convici.
461 661 566 728 Unum
588 683 720 745 qnoque
737 683 805 728 csse
820 682 939 743 eorpus
956 664 1052 726 totius
1066 678 1155 726 crea·

77 768 155 822 turae
174 762 352 834 rationalis,
381 763 462 826 idest
483 764 672 842 angelorum
695 773 726 826 et
757 765 938 828 animarum
959 765 990 825 in
1013 763 1060 824 his
1081 761 1157 841 ipsis

77 877 138 922 enm
167 862 323 940 scripsisse
354 864 590 928 commentariis
621 859 809 942 approbavi.
835 864 1027 928 »Similiter
1058 859 1157 947 panio

76 971 132 1040 post
150 959 256 1028 mil:
273 985 290 1025 κ
306 962 353 1028 lle
373 967 613 1030 resurrectione
633 967 739 1030 cernis
757 983 835 1029 raro
856 973 947 1045 puto,
971 967 1001 1028 in
1024 964 1158 1028 transla-

77 1063 144 1126 tione
162 1072 264 1133 nostra
285 1066 397 1130 endem
426 1068 604 1140 contineri,
635 1084 721 1147 quae
740 1067 770 1128 in
801 1066 943 1128 ecelesiis
971 1066 1157 1144 praedioru-

78 1173 226 1228 imoimo
251 1165 293 1230 Et
312 1185 385 1230 eum
406 1168 452 1232 siu
471 1178 579 1232 censet
601 1165 759 1244 Rnhinus,
775 1166 986 1247 oonlutetquo
1009 1166 1153 1230 lahulosa
1213 1221 1224 1232 ,

77 1276 229 1330 mmmentr
250 1268 290 1332 de
313 1269 430 1344 anima,
445 1269 484 1332 tle
504 1269 637 1349 augelis,
660 1271 700 1332 ie
713 1267 935 1340 daemonibus,
952 1268 991 1329 de
1013 1287 1159 1332 resurre-

78 1367 161 1428 ctione
179 1377 239 1431 etc.
260 1369 320 1432 sihi
341 1387 358 1431 a
381 1367 580 1456 Hieronymo
600 1370 725 1452 objecta
748 1378 888 1432 stasne
910 1368 1019 1430 codiee
1041 1385 1157 1447 graeco

80 1466 184 1542 chone,
201 1489 305 1535 noune
320 1471 430 1538 eadem
453 1474 519 1550 ipsa
541 1480 629 1545 snut,
650 1489 748 1552 quae,
764 1471 840 1534 hnic
861 1469 972 1532 lihello
997 1478 1157 1542 conserta,

83 1568 292 1646 opusethdem
314 1569 462 1651 Origenis
484 1571 621 1636 iuiauste
639 1580 833 1653 reputarunt
853 1569 1064 1651 Theophilus,
1087 1568 1161 1634 ilie·

86 1685 208 1750 rooJmns
228 1681 262 1733 et
282 1669 509 1752 Epiphanius?

139 1766 362 1847 Nihilominus,
378 1773 437 1836 stri
453 1791 513 1854 pro
533 1771 676 1848 linffinu,
699 1773 800 1836 veluti
816 1774 986 1854 hueusque
1007 1773 1160 1843 uiximus,

79 1876 157 1932 rarat
171 1872 330 1953 judicium
352 1893 481 1949 causae,
498 1893 536 1938 ac
557 1894 647 1948 suae,
669 1874 882 1955 origenisque
903 1874 976 1938 fidei
998 1876 1162 1953 integritas

79 1979 191 2049 pateret,
208 1977 321 2054 priscis
342 1993 403 2038 nne
427 1975 578 2040 Patribus
598 1980 627 2042 ei
647 1976 919 2058 sullragantihns3
941 1977 1161 2052 nihilominus,

79 2071 198 2153 inquom,
214 2077 304 2158 qnod
327 2079 357 2142 in
377 2079 518 2158 suipsius
532 2080 713 2142 encomium
730 2080 875 2151 interest,
890 2095 985 2158 saepe
1009 2087 1081 2142 vota
1103 2095 1161 2141 sna

82 2176 291 2253 nanifestavit,
307 2179 500 2243 adversariis
514 2179 721 2242 conveniendi
742 2181 773 2241 in
786 2181 846 2242 hnc
860 2181 1056 2259 quaestione.
1075 2177 1166 2244 Unde

77 2293 148 2354 nne,
167 2281 441 2360 quemadmodum
466 2266 509 2346 en
529 2281 748 2362 praecedentis
765 2281 884 2361 Cupitis
906 2281 995 2344 initio
1020 2283 1165 2361 auspicu-

79 2385 118 2440 tus
136 2398 231 2458 eram,
256 2383 394 2448 tortasse
416 2384 685 2450 reconciliationis
714 2385 837 2463 apesin
858 2383 1097 2446 decertantibus
1117 2383 1165 2444 al-

81 2477 214 2554 lnlsisset,
235 2483 397 2548 scandalis
411 2483 483 2548 inde
504 2485 711 2563 partiumque
730 2483 844 2547 studiis
858 2484 890 2545 in
912 2481 1053 2546 Ecclesia
1075 2483 1166 2546 sena·

78 2577 116 2640 tis.
136 2579 353 2663 Quapropter,
375 2585 479 2665 siquid
501 2587 600 2665 ipsius
621 2585 726 2648 lamae
747 2584 903 2664 prolicere
926 2586 1043 2658 valeat,
1060 2587 1090 2647 in
1107 2584 1166 2646 hac

79 2696 107 2741 re
123 2684 265 2760 proiecto
281 2685 320 2748 tle
341 2687 437 2751 animi
457 2688 507 2752 sui
529 2688 724 2765 ingenuitate
744 2688 848 2766 neque
870 2689 1061 2750 concordiae
1078 2685 1168 2748 sulli-

77 2783 198 2849 citntine
221 2789 439 2851 testimoninm
456 2789 661 2869 praeclarum
682 2788 784 2851 eidem
799 2788 954 2851 exhihere
976 2806 1035 2868 par
1055 2798 1103 2851 est
1124 2787 1167 2850 oh

78 2881 101 2940 it
114 2886 284 2962 quomrum
299 2890 409 2952 amicis
429 2890 495 2952 suis
510 2899 644 2969 questus
662 2889 773 2952 acrihit
788 2889 819 2950 in
834 2907 873 2951 eo
888 2887 985 2952 Libro
1000 2907 1030 2948 n.
1044 2883 1093 2958 il.
1112 2887 1166 2950 nhi
1300 2923 1305 2934 ·

77 2982 113 3044 sic
125 2987 255 3066 corripit
275 2985 536 3052 Pammachium:
554 3009 569 3046 u
585 2987 667 3052 Cum
682 2999 783 3063 meos,
799 2990 855 3064 ait,
872 3006 934 3051 nou
953 2988 1091 3062 codices,
1112 2987 1168 3049 secl

76 3084 230 3152 schedulas
250 3089 468 3152 inemendatas
487 3098 521 3152 et
540 3090 745 3168 imperiectns
768 3091 857 3154 lurto
879 3090 1049 3170 cujusdam
1070 3090 1170 3152 nehu-

75 3180 143 3249 lonis
162 3201 192 3252 et
213 3190 331 3254 irendc
352 3191 533 3256 subtractas
553 3192 679 3272 sibique
699 3191 833 3264 delatas,
850 3209 925 3254 curn
943 3209 995 3253 me
1015 3191 1090 3252 inihi
1114 3191 1168 3252 ha·

76 3282 153 3350 heret
171 3300 386 3369 praesentem,
405 3293 480 3357 mihi
502 3294 631 3373 quidem
653 3311 715 3356 non
736 3293 881 3368 oiierret,
904 3311 1008 3373 neque
1029 3310 1170 3372 conque·

77 3399 202 3466 seretur,
224 3392 282 3456 sed
305 3411 344 3457 ne
364 3395 532 3473 increpare
552 3394 695 3472 quidem,
712 3401 770 3456 nnt
791 3395 887 3456 etiam
901 3410 1040 3471 arguere
1062 3391 1170 3469 digne·

79 3499 168 3566 retur,
191 3495 244 3555 rel
268 3512 327 3572 per
347 3495 486 3559 amicum
509 3505 598 3557 uerte
618 3489 773 3574 aliquem,
794 3503 851 3556 aut
872 3495 969 3555 ctiam
992 3511 1049 3572 per
1069 3492 1171 3553 iuimi-

77 3603 138 3650 cnm
149 3611 159 3668 ;
189 3594 244 3656 secl
267 3592 307 3656 etl
327 3593 494 3656 Orientem
515 3596 676 3668 mitteret,
698 3602 731 3658 et
751 3596 916 3674 instigaret
936 3595 1078 3673 linguam
1100 3593 1170 3673 ejus

78 3686 211 3770 huminis,
235 3695 292 3780 qui
313 3711 383 3761 eam
406 3704 586 3776 temperare
608 3712 670 3760 nou
691 3706 827 3760 noverat
835 3717 846 3776 3
863 3697 940 3776 quid
962 3705 1074 3759 eontra
1098 3695 1172 3757 reli-

78 3789 188 3865 gionem
203 3794 337 3870 iaceret,
358 3799 383 3861 si
400 3813 450 3860 me
465 3805 663 3876 praesentem
679 3799 785 3877 potins
807 3796 1034 3862 convenisset?
1051 3797 1084 3860 ln
1106 3803 1173 3859 tan-

77 3899 135 3954 tum
154 3913 192 3959 ue
211 3897 379 3978 cohuqnlo
398 3899 470 3980 ejus
493 3899 682 3963 videbamur
702 3898 841 3978 indigni,
865 3909 902 3962 nt
922 3899 963 3961 ab
983 3918 1022 3961 eo
1044 3915 1102 3960 nec
1122 3916 1173 3961 nr·

79 3994 125 4068 rui
143 4015 355 4063 mereremur.
372 4019 388 4058 s

147 4095 181 4158 lu
202 4115 301 4177 porro
322 4117 365 4162 ex
386 4100 567 4179 praemissis
598 4101 608 4177 i
620 4109 652 4164 et
673 4101 727 4164 hio
747 4109 862 4163 notare
877 4098 992 4178 jurat)
1016 4115 1059 4160 ex
1081 4114 1173 4176 prae·

81 4193 169 4260 missis
195 4199 361 4266 mnuilcste
388 4211 488 4281 petet,
510 4213 688 4282 utrumque
708 4213 740 4268 et
762 4199 996 4282 Hieronymum
1017 4209 1051 4262 et
1073 4195 1172 4262 Rulli·
