2982 4934
318 369 380 536 ἐξ
400 491 462 541 oon
477 474 571 539 modo
592 471 825 556 plangerent
848 483 880 541 et
900 474 1072 541 emendare
1092 491 1174 554 oona
1191 477 1251 548 eat,
1265 472 1433 551 sinatque

174 554 180 568 ⁸
266 641 272 649 ,
319 577 506 656 prospicere
518 593 584 656 qno
599 585 694 656 pacto
711 577 896 656 gratiadma
912 575 968 642 iiia
981 576 1145 640 Ecclesiae
1161 583 1331 656 tempestae
1341 574 1420 636 aede·

320 685 388 752 tnr;
404 694 532 742 necesso
544 695 613 742 enee
628 679 780 744 duximus
795 679 1079 742 reverendissimos
1090 679 1236 740 dominos
1252 695 1339 741 meon
1360 677 1422 755 pita·

319 776 481 857 simusque
495 779 661 862 episcopua
676 778 889 856 Demetrium,
900 777 1135 858 pansophium,
1155 775 1299 858 Pappum
1320 772 1354 842 ei
1366 775 1422 840 Eu·

320 878 449 956 genium
471 879 607 957 hortari,
625 887 662 944 nt
677 883 796 945 relictis
812 883 954 946 ecclesiia
969 885 1048 959 aute,
1065 891 1153 946 tanto
1167 899 1201 946 ee
1215 881 1332 963 pelago
1347 897 1422 943 com·

320 982 449 1044 mittere
460 999 499 1056 ne
510 989 736 1062 gravarentur,
746 985 1230 1065 susceptaqueperegrinatione
1240 984 1420 1063 longinqua,

315 1082 363 1156 ,ad
380 1092 518 1146 ecetram
541 1093 753 1163 properarent
773 1087 953 1163 caritatem,
977 1095 1014 1150 ut
1034 1085 1182 1148 omnihus
1204 1085 1300 1163 piane
1320 1081 1423 1146 dilaci-

320 1182 428 1265 deqne
448 1183 602 1264 expositis
617 1188 890 1266 promptissimum
903 1187 1084 1251 remedium
1098 1195 1336 1265 compararent.
1351 1183 1423 1249 Cum

321 1285 439 1364 quinne
453 1293 485 1348 ei
507 1286 769 1350 honoratissimos
785 1287 919 1352 diiectoe
939 1289 1090 1352 diaconos
1114 1283 1252 1350 Panium
1266 1296 1301 1349 et
1321 1283 1422 1368 dyrra-

320 1404 396 1451 cum
419 1387 572 1452 misimus.
592 1387 633 1450 Et
654 1405 711 1451 noe
732 1391 791 1468 inei
813 1390 905 1454 reint
924 1391 955 1454 iu
971 1390 1076 1454 turma
1091 1373 1257 1468 epistolae,
1273 1405 1360 1467 qnae
1379 1387 1424 1448 iric

321 1496 409 1568 genio
431 1497 519 1562 annt,
540 1489 740 1552 sanctitatem
764 1497 902 1554 vestram
924 1492 1036 1572 paucis
1056 1490 1273 1553 edocebimus.

403 1585 627 1668 «Theophilus
640 1590 723 1653 enim
739 1591 968 1656 alexandrinae
993 1592 1148 1656 eccleciae
1163 1593 1308 1665 antietee,
1328 1603 1423 1654 enma

322 1688 514 1768 quibusdam
530 1690 614 1770 apud
638 1691 812 1772 piieeimnm
833 1689 1065 1772 imperatorem
1088 1691 1348 1764 insimularetur,
1367 1687 1425 1767 joe·

323 1807 379 1854 ene
395 1799 432 1852 ut
449 1793 571 1853 veniret
589 1793 692 1868 enine,
707 1793 844 1856 ooiieeia
865 1778 975 1858 aecum
990 1795 1215 1878 aegyptiorum
1231 1809 1296 1854 non
1311 1789 1423 1852 modica

251 1879 252 1884 ’
326 1891 533 1956 multitudine
557 1894 706 1974 advenit3
720 1912 760 1959 eo
775 1896 866 1960 reiut
879 1894 1050 1975 praeludio
1071 1894 1238 1958 declarare
1260 1893 1382 1964 reione,
1397 1907 1425 1952 ee

322 1991 363 2054 ad
378 1992 552 2076 oeitumet
564 1995 723 2075 praelium
742 1999 863 2061 venire.
886 1995 1007 2059 Deinde
1021 2011 1167 2075 maguam
1185 1992 1310 2074 iterque
1331 2005 1425 2054 amao-

324 2103 390 2158 tem
413 2093 612 2161 Constantini
636 2098 751 2162 urbem
775 2099 950 2177 ingreseus,
971 2095 1139 2161 ecclesiam
1158 2113 1200 2159 ex
1221 2111 1316 2158 moro
1340 2101 1423 2169 atone

324 2197 480 2261 hacteuus
495 2198 665 2262 observata
681 2198 912 2262 consuetudine
926 2215 989 2262 non
1003 2197 1093 2274 adiit,
1106 2213 1169 2260 non
1182 2195 1373 2275 condecores
1385 2197 1423 2253 eat

324 2297 505 2374 nobiscnm,
530 2316 635 2387 oeque
654 2300 826 2380 participer
847 2317 904 2362 noe
926 2299 1003 2364 iecit
1021 2297 1190 2374 eermonia,
1214 2295 1266 2360 tei
1288 2309 1423 2377 precum,

325 2398 380 2462 rei
399 2400 652 2466 communionis:
674 2401 728 2466 eod
751 2419 899 2482 egressus
919 2419 937 2464 e
958 2403 1044 2477 nevi,
1067 2407 1099 2464 et
1115 2399 1312 2464 restinctum
1333 2394 1423 2459 eccle

322 2502 390 2566 aiae
411 2509 693 2582 praetergressus,
714 2501 834 2568 alicubi
854 2511 947 2566 extra
970 2504 1084 2566 urbem
1107 2501 1289 2564 diversatus
1310 2505 1367 2561 eet.
1391 2491 1424 2558 Ei

325 2617 402 2666 cnm
424 2602 534 2666 multis
555 2604 705 2683 precibus
726 2621 908 2683 ageremus,
930 2613 968 2666 ut
988 2611 1019 2666 et
1040 2606 1106 2683 ipae
1127 2612 1159 2668 ct
1172 2603 1206 2678 ii,
1224 2601 1280 2681 qui
1302 2617 1375 2664 cnm
1392 2611 1423 2658 eo

318 2711 491 2779 ¹renerent,
515 2703 599 2783 nond
622 2721 678 2766 noa
699 2703 954 2780 diversarentor,
972 2714 1082 2783 parata
1104 2704 1187 2768 enim
1210 2710 1303 2765 erant
1318 2697 1421 2768 omnin

322 2812 356 2867 ut
376 2804 553 2868 direreoria
573 2812 604 2867 et
619 2811 726 2868 cetera
741 2807 932 2886 necessaria,
956 2823 1060 2886 neque
1074 2807 1141 2886 ipse
1155 2803 1331 2884 acquievit.
1347 2797 1421 2864 tinec

324 2903 382 2969 ubi
404 2904 556 2981 ridimnn,
578 2905 609 2966 in
631 2905 771 2968 maxima
786 2923 916 2970 eramne
937 2906 1111 2980 anxietate,
1127 2923 1201 2968 cnm
1223 2921 1284 2967 nec
1305 2913 1420 2966 munau

324 3007 467 3084 inluniae
491 3006 588 3086 hojoe
608 3008 781 3071 aimuiiatie
801 3008 944 3072 invenire
966 3025 1141 3088 possemne.
1173 3004 1368 3070 Nostrarum
1388 3007 1423 3060 ia·

324 3125 399 3172 men
420 3109 560 3188 partium
582 3125 700 3173 munna
720 3107 947 3190 cupiebamus,
963 3111 995 3174 id
1018 3109 1105 3190 qnod
1125 3125 1182 3172 noe
1199 3105 1345 3180 decebat,
1365 3115 1423 3180 nce

325 3208 478 3288 ficientes,
493 3210 663 3291 ipenmqnc
684 3209 811 3274 eeeidne
832 3216 980 3289 rogantes
1004 3217 1041 3272 nt
1062 3205 1317 3288 congrederetur
1336 3199 1424 3264 nobia-

325 3327 414 3388 cum,
429 3321 462 3376 et
481 3329 545 3392 qna
567 3312 606 3376 de
627 3329 723 3376 canan
745 3311 852 3375 atatim
872 3313 913 3374 ab
934 3311 1024 3374 initio
1046 3317 1169 3374 tentum
1184 3306 1308 3372 beilum
1329 3315 1423 3367 acceo·

327 3413 435 3489 disset,
460 3421 631 3494 tantaeque
651 3413 773 3478 civitati
793 3415 965 3477 excitasset
984 3411 1185 3487 scantiniam,
1207 3410 1359 3490 aperiret.

407 3535 425 3576 n
445 3512 528 3580 Gom
548 3532 628 3578 vero
648 3531 688 3578 ne
702 3516 748 3579 sic
768 3515 899 3596 quidem
920 3515 1029 3579 dicere
1055 3527 1186 3578 caueam
1209 3507 1320 3586 veliet,
1343 3520 1422 3583 urge

328 3623 465 3698 rentqne
476 3617 548 3699 eine
558 3623 764 3682 accusatores
772 3635 783 3697 3
795 3635 852 3681 nne
866 3617 1015 3681 evocarit
1031 3616 1189 3697 piissimus
1201 3612 1387 3694 Imperator,
1397 3608 1422 3666 et

327 3721 359 3781 iu
382 3721 571 3783 ulteriorem
593 3721 769 3799 regionem,
793 3719 848 3782 ubi
868 3719 1015 3798 degebat,
1038 3715 1129 3780 abire
1149 3716 1287 3797 ejusque
1307 3719 1419 3774 cansam

322 3822 442 3886 andire
459 3822 566 3904 insuit.
589 3819 671 3887 Nam
687 3827 720 3885 oi
740 3821 998 3902 irruptionemei
1018 3818 1143 3894 caedes,
1166 3825 1199 3880 et
1218 3815 1282 3877 atta
1296 3817 1421 3878 iuuene

328 3939 364 3984 re
385 3922 588 4003 objiciebant.
603 3922 664 3988 Sed
688 3939 744 3985 noe
765 3929 797 3984 ct
817 3921 903 4000 iogea
920 3920 1056 3984 Petrum
1078 3927 1110 3983 et
1127 3921 1233 3981 tirum
1258 3907 1419 3978 reverendi

327 4028 360 4085 ct
381 4023 505 4108 honore
525 4031 776 4106 prosequentes,
806 4023 956 4086 habentes
977 4023 1073 4084 etiarn
1095 4035 1194 4101 snper
1214 4019 1276 4080 irae
1294 4032 1331 4078 re
1348 4006 1419 4116 iiiios

327 4123 463 4201 litterae,
487 4125 605 4206 quibos
625 4123 823 4205 significabat
844 4139 907 4186 ooo
927 4123 1082 4186 trahenda
1104 4129 1197 4186 extra
1219 4119 1336 4182 iimitee
1351 4103 1419 4191 jndi-

241 4233 246 4242 ·
328 4223 400 4306 cia,
426 4225 482 4291 aed
503 4229 535 4291 in
563 4227 638 4308 ipsis
659 4225 831 4306 provinciis
862 4225 1105 4306 provinciarum
1126 4222 1253 4304 negotia
1275 4204 1417 4284 iucundi
