<?xml version="1.0" encoding="UTF-8"?>
<!DOCTYPE html PUBLIC "-//W3C//DTD XHTML 1.0 Transitional//EN"
    "http://www.w3.org/TR/xhtml1/DTD/xhtml1-transitional.dtd">
<html xmlns="http://www.w3.org/1999/xhtml" xml:lang="en" lang="en">
 <head>
  <title>
</title>
<meta http-equiv="Content-Type" content="text/html;charset=utf-8" />
  <meta name='ocr-system' content='tesseract 3.04.00' />
  <meta name='ocr-capabilities' content='ocr_page ocr_carea ocr_par ocr_line ocrx_word'/>
</head>
<body>
  <div class='ocr_page' id='page_1' title='image "./insgregoriinyss01vincgoog/insgregoriinyss01vincgoog_0751.png"; bbox 0 0 3138 4950; ppageno 0'>
   <div class='ocr_carea' id='block_1_1' title="bbox 309 427 370 496">
    <p class='ocr_par' dir='ltr' id='par_1_1' title="bbox 309 427 370 496">
     <span class='ocr_line' id='line_1_1' title="bbox 309 427 370 496; baseline 0.033 -2"><span class='ocrx_word' id='word_1_1' title='bbox 309 427 370 496; x_wconf 80' lang='lat'><strong><em>³90</em></strong></span> 
     </span>
    </p>
   </div>
   <div class='ocr_carea' id='block_1_2' title="bbox 308 485 1440 606">
    <p class='ocr_par' dir='ltr' id='par_1_2' title="bbox 308 485 1440 606">
     <span class='ocr_line' id='line_1_2' title="bbox 308 485 1440 606; baseline -0.004 -18"><span class='ocrx_word' id='word_1_2' title='bbox 308 527 404 606; x_wconf 78' lang='lat' dir='ltr'><strong><em>gilius</em></strong></span> <span class='ocrx_word' id='word_1_3' title='bbox 426 525 465 589; x_wconf 86' lang='lat' dir='ltr'><strong><em>de</em></strong></span> <span class='ocrx_word' id='word_1_4' title='bbox 486 541 544 589; x_wconf 81' lang='lat' dir='ltr'><strong><em>aaa</em></strong></span> <span class='ocrx_word' id='word_1_5' title='bbox 566 525 724 589; x_wconf 88' lang='lat' dir='ltr'><strong><em>electione</em></strong></span> <span class='ocrx_word' id='word_1_6' title='bbox 746 525 878 589; x_wconf 86' lang='lat' dir='ltr'><strong><em>iocatus</em></strong></span> <span class='ocrx_word' id='word_1_7' title='bbox 899 527 957 600; x_wconf 87' lang='lat' dir='ltr'><strong><em>ait,</em></strong></span> <span class='ocrx_word' id='word_1_8' title='bbox 979 485 1141 587; x_wconf 71' lang='lat' dir='ltr'><strong><em>divincit</em></strong></span> <span class='ocrx_word' id='word_1_9' title='bbox 1162 521 1315 604; x_wconf 70' lang='lat' dir='ltr'><strong><em>ineffabili</em></strong></span> <span class='ocrx_word' id='word_1_10' title='bbox 1336 521 1440 587; x_wconf 80' lang='lat' dir='ltr'><strong><em>arise-</em></strong></span> 
     </span>
    </p>
   </div>
   <div class='ocr_carea' id='block_1_3' title="bbox 306 623 1564 714">
    <p class='ocr_par' dir='ltr' id='par_1_3' title="bbox 306 623 1564 714">
     <span class='ocr_line' id='line_1_3' title="bbox 306 623 1564 714; baseline -0.004 -24"><span class='ocrx_word' id='word_1_11' title='bbox 306 627 448 690; x_wconf 84' lang='lat' dir='ltr'><strong><em>ricordio</em></strong></span> <span class='ocrx_word' id='word_1_12' title='bbox 463 627 610 690; x_wconf 77' lang='lat' dir='ltr'><em>honorem</em></span> <span class='ocrx_word' id='word_1_13' title='bbox 634 625 840 705; x_wconf 70' lang='lat' dir='ltr'><strong><em>Pontificatum</em></strong></span> <span class='ocrx_word' id='word_1_14' title='bbox 862 627 921 690; x_wconf 83' lang='lat' dir='ltr'><strong><em>eidi</em></strong></span> <span class='ocrx_word' id='word_1_15' title='bbox 934 645 1137 689; x_wconf 83' lang='lat' dir='ltr'><strong><em>concessam:</em></strong></span> <span class='ocrx_word' id='word_1_16' title='bbox 1159 643 1255 706; x_wconf 82' lang='lat' dir='ltr'><strong><em>ratper</em></strong></span> <span class='ocrx_word' id='word_1_17' title='bbox 1268 623 1440 706; x_wconf 71' lang='lat' dir='ltr'><strong><em>[omilium</em></strong></span> <span class='ocrx_word' id='word_1_18' title='bbox 1563 701 1564 714; x_wconf 10' lang='grc' dir='ltr'>χ</span> 
     </span>
    </p>
   </div>
   <div class='ocr_carea' id='block_1_4' title="bbox 307 725 1440 820">
    <p class='ocr_par' dir='ltr' id='par_1_4' title="bbox 307 725 1440 820">
     <span class='ocr_line' id='line_1_4' title="bbox 307 725 1440 820; baseline -0.004 -28"><span class='ocrx_word' id='word_1_19' title='bbox 307 749 399 794; x_wconf 81' lang='lat' dir='ltr'><strong><em>eoam</em></strong></span> <span class='ocrx_word' id='word_1_20' title='bbox 413 751 434 794; x_wconf 90' lang='lat' dir='ltr'><strong><em>a</em></strong></span> <span class='ocrx_word' id='word_1_21' title='bbox 451 727 513 820; x_wconf 82' lang='lat' dir='ltr'><strong><em>Deo</em></strong></span> <span class='ocrx_word' id='word_1_22' title='bbox 533 727 763 792; x_wconf 82' lang='lat' dir='ltr'><strong><em>constitutam:</em></strong></span> <span class='ocrx_word' id='word_1_23' title='bbox 776 727 878 808; x_wconf 89' lang='lat' dir='ltr'><strong><em>primi</em></strong></span> <span class='ocrx_word' id='word_1_24' title='bbox 893 727 1114 808; x_wconf 74' lang='lat' dir='ltr'><strong><em>Apostolorum</em></strong></span> <span class='ocrx_word' id='word_1_25' title='bbox 1128 729 1231 788; x_wconf 85' lang='lat' dir='ltr'><strong><em>locam</em></strong></span> <span class='ocrx_word' id='word_1_26' title='bbox 1251 725 1311 789; x_wconf 82' lang='lat' dir='ltr'><strong><em>aidi</em></strong></span> <span class='ocrx_word' id='word_1_27' title='bbox 1324 749 1345 790; x_wconf 89' lang='lat' dir='ltr'><strong><em>a</em></strong></span> <span class='ocrx_word' id='word_1_28' title='bbox 1360 727 1440 790; x_wconf 85' lang='lat' dir='ltr'><strong><em>lor-</em></strong></span> 
     </span>
    </p>
   </div>
   <div class='ocr_carea' id='block_1_5' title="bbox 309 825 1565 914">
    <p class='ocr_par' dir='ltr' id='par_1_5' title="bbox 309 825 1565 914">
     <span class='ocr_line' id='line_1_5' title="bbox 309 825 1565 914; baseline -0.004 -18"><span class='ocrx_word' id='word_1_29' title='bbox 309 831 408 914; x_wconf 80' lang='lat' dir='ltr'><strong><em>pilate</em></strong></span> <span class='ocrx_word' id='word_1_30' title='bbox 429 830 541 894; x_wconf 86' lang='lat' dir='ltr'><strong><em>divino</em></strong></span> <span class='ocrx_word' id='word_1_31' title='bbox 564 829 757 912; x_wconf 82' lang='lat' dir='ltr'><strong><em>impertitam</em></strong></span> <span class='ocrx_word' id='word_1_32' title='bbox 780 839 842 895; x_wconf 89' lang='lat' dir='ltr'><strong><em>etc.</em></strong></span> <span class='ocrx_word' id='word_1_33' title='bbox 866 839 980 912; x_wconf 90' lang='lat' dir='ltr'><strong><em>utpote</em></strong></span> <span class='ocrx_word' id='word_1_34' title='bbox 1001 825 1154 895; x_wconf 80' lang='lat' dir='ltr'><strong><em>canonica</em></strong></span> <span class='ocrx_word' id='word_1_35' title='bbox 1176 829 1331 894; x_wconf 73' lang='lat' dir='ltr'><strong><em>electione</em></strong></span> <span class='ocrx_word' id='word_1_36' title='bbox 1353 847 1442 911; x_wconf 91' lang='lat' dir='ltr'><strong><em>pro·</em></strong></span> <span class='ocrx_word' id='word_1_37' title='bbox 1564 840 1565 856; x_wconf 64' lang='lat'>¹</span> 
     </span>
    </p>
   </div>
   <div class='ocr_carea' id='block_1_6' title="bbox 308 941 1442 1217">
    <p class='ocr_par' dir='ltr' id='par_1_6' title="bbox 308 941 1442 1217">
     <span class='ocr_line' id='line_1_6' title="bbox 310 941 1441 1112; baseline -0.005 -14"><span class='ocrx_word' id='word_1_38' title='bbox 310 941 601 1099; x_wconf 44' lang='lat' dir='ltr'><strong><em>mou{icit‘amotical</em></strong></span> <span class='ocrx_word' id='word_1_39' title='bbox 636 1035 844 1099; x_wconf 66' lang='lat' dir='ltr'><strong><em>tonsorato</em></strong></span> <span class='ocrx_word' id='word_1_40' title='bbox 877 1033 1087 1096; x_wconf 69' lang='lat' dir='ltr'><strong><em>pontificatus</em></strong></span> <span class='ocrx_word' id='word_1_41' title='bbox 1111 1029 1246 1112; x_wconf 78' lang='lat' dir='ltr'><strong><em>vigilias</em></strong></span> <span class='ocrx_word' id='word_1_42' title='bbox 1270 1031 1441 1110; x_wconf 85' lang='lat' dir='ltr'><strong><em>antipapa</em></strong></span> 
     </span>
     <span class='ocr_line' id='line_1_7' title="bbox 308 1133 1442 1217; baseline -0.004 -18"><span class='ocrx_word' id='word_1_43' title='bbox 308 1145 460 1210; x_wconf 81' lang='lat' dir='ltr'><strong><em>vocator,</em></strong></span> <span class='ocrx_word' id='word_1_44' title='bbox 473 1137 690 1217; x_wconf 81' lang='lat' dir='ltr'><strong><em>pseudopapa,</em></strong></span> <span class='ocrx_word' id='word_1_45' title='bbox 704 1146 732 1199; x_wconf 84' lang='lat' dir='ltr'><strong><em>et</em></strong></span> <span class='ocrx_word' id='word_1_46' title='bbox 754 1133 843 1200; x_wconf 80' lang='lat' dir='ltr'><strong><em>Sedis</em></strong></span> <span class='ocrx_word' id='word_1_47' title='bbox 864 1135 1064 1216; x_wconf 76' lang='lat' dir='ltr'><strong><em>Apostolicae</em></strong></span> <span class='ocrx_word' id='word_1_48' title='bbox 1080 1150 1251 1214; x_wconf 80' lang='lat' dir='ltr'><strong><em>pervasor:</em></strong></span> <span class='ocrx_word' id='word_1_49' title='bbox 1275 1133 1327 1197; x_wconf 91' lang='lat' dir='ltr'><strong><em>cni</em></strong></span> <span class='ocrx_word' id='word_1_50' title='bbox 1355 1133 1442 1195; x_wconf 85' lang='lat' dir='ltr'><strong><em>ideo</em></strong></span> 
     </span>
    </p>
   </div>
   <div class='ocr_carea' id='block_1_7' title="bbox 311 1227 1566 1303">
    <p class='ocr_par' dir='ltr' id='par_1_7' title="bbox 311 1227 1566 1303">
     <span class='ocr_line' id='line_1_8' title="bbox 311 1227 1566 1303; baseline -0.001 -4"><span class='ocrx_word' id='word_1_51' title='bbox 311 1257 353 1302; x_wconf 83' lang='lat' dir='ltr'><strong><em>er</em></strong></span> <span class='ocrx_word' id='word_1_52' title='bbox 375 1237 504 1302; x_wconf 81' lang='lat' dir='ltr'><strong><em>silverii</em></strong></span> <span class='ocrx_word' id='word_1_53' title='bbox 535 1238 667 1301; x_wconf 88' lang='lat' dir='ltr'><strong><em>decrcto</em></strong></span> <span class='ocrx_word' id='word_1_54' title='bbox 699 1235 864 1303; x_wconf 83' lang='lat' dir='ltr'><strong><em>ministerii</em></strong></span> <span class='ocrx_word' id='word_1_55' title='bbox 896 1237 1108 1300; x_wconf 85' lang='lat' dir='ltr'><strong><em>sacerdotalia</em></strong></span> <span class='ocrx_word' id='word_1_56' title='bbox 1128 1227 1281 1299; x_wconf 83' lang='lat' dir='ltr'><strong><em>aniartnr</em></strong></span> <span class='ocrx_word' id='word_1_57' title='bbox 1308 1253 1442 1298; x_wconf 85' lang='lat' dir='ltr'><strong><em>manus</em></strong></span> <span class='ocrx_word' id='word_1_58' title='bbox 1565 1246 1566 1250; x_wconf 75' lang='grc'>’</span> 
     </span>
    </p>
   </div>
   <div class='ocr_carea' id='block_1_8' title="bbox 310 1335 1445 1621">
    <p class='ocr_par' dir='ltr' id='par_1_8' title="bbox 310 1335 1445 1621">
     <span class='ocr_line' id='line_1_9' title="bbox 310 1335 1445 1410; baseline -0.004 -10"><span class='ocrx_word' id='word_1_59' title='bbox 310 1345 343 1401; x_wconf 89' lang='lat' dir='ltr'><strong><em>et</em></strong></span> <span class='ocrx_word' id='word_1_60' title='bbox 364 1341 678 1402; x_wconf 82' lang='lat' dir='ltr'><strong><em>excommunicatur.</em></strong></span> <span class='ocrx_word' id='word_1_61' title='bbox 696 1339 758 1403; x_wconf 86' lang='lat' dir='ltr'><strong><em>Per</em></strong></span> <span class='ocrx_word' id='word_1_62' title='bbox 778 1339 935 1403; x_wconf 86' lang='lat' dir='ltr'><strong><em>ambitum</em></strong></span> <span class='ocrx_word' id='word_1_63' title='bbox 958 1337 1078 1400; x_wconf 89' lang='lat' dir='ltr'><strong><em>dicitnr</em></strong></span> <span class='ocrx_word' id='word_1_64' title='bbox 1099 1337 1258 1410; x_wconf 86' lang='lat' dir='ltr'><strong><em>introsus,</em></strong></span> <span class='ocrx_word' id='word_1_65' title='bbox 1277 1335 1445 1397; x_wconf 87' lang='lat' dir='ltr'><strong><em>simonia-</em></strong></span> 
     </span>
     <span class='ocr_line' id='line_1_10' title="bbox 311 1437 1445 1521; baseline 0 -19"><span class='ocrx_word' id='word_1_66' title='bbox 311 1457 348 1502; x_wconf 90' lang='lat' dir='ltr'><strong><em>ca</em></strong></span> <span class='ocrx_word' id='word_1_67' title='bbox 377 1439 450 1503; x_wconf 87' lang='lat' dir='ltr'><strong><em>labe</em></strong></span> <span class='ocrx_word' id='word_1_68' title='bbox 479 1441 636 1516; x_wconf 88' lang='lat' dir='ltr'><strong><em>imbutus,</em></strong></span> <span class='ocrx_word' id='word_1_69' title='bbox 652 1441 885 1520; x_wconf 75' lang='lat' dir='ltr'><strong><em>acephalorum</em></strong></span> <span class='ocrx_word' id='word_1_70' title='bbox 900 1442 1062 1521; x_wconf 71' lang='lat' dir='ltr'><strong>particeps</strong></span> <span class='ocrx_word' id='word_1_71' title='bbox 1089 1439 1273 1512; x_wconf 84' lang='lat' dir='ltr'><strong><em>haereseos,</em></strong></span> <span class='ocrx_word' id='word_1_72' title='bbox 1292 1437 1384 1500; x_wconf 79' lang='lat' dir='ltr'><strong><em>exitii</em></strong></span> <span class='ocrx_word' id='word_1_73' title='bbox 1403 1449 1445 1502; x_wconf 83' lang='lat' dir='ltr'><strong><em>et</em></strong></span> 
     </span>
     <span class='ocr_line' id='line_1_11' title="bbox 310 1540 1210 1621; baseline -0.002 -17"><span class='ocrx_word' id='word_1_74' title='bbox 310 1542 423 1606; x_wconf 84' lang='lat' dir='ltr'><strong><em>mortis</em></strong></span> <span class='ocrx_word' id='word_1_75' title='bbox 444 1540 572 1607; x_wconf 84' lang='lat' dir='ltr'><strong><em>Sittarii</em></strong></span> <span class='ocrx_word' id='word_1_76' title='bbox 596 1563 683 1620; x_wconf 84' lang='lat' dir='ltr'><strong><em>reus,</em></strong></span> <span class='ocrx_word' id='word_1_77' title='bbox 709 1542 796 1607; x_wconf 85' lang='lat' dir='ltr'><strong><em>Petri</em></strong></span> <span class='ocrx_word' id='word_1_78' title='bbox 818 1541 999 1608; x_wconf 73' lang='lat' dir='ltr'><strong><em>cathedrae</em></strong></span> <span class='ocrx_word' id='word_1_79' title='bbox 1022 1549 1210 1621; x_wconf 84' lang='lat' dir='ltr'><strong><em>usurpator.</em></strong></span> 
     </span>
    </p>
   </div>
   <div class='ocr_carea' id='block_1_9' title="bbox 316 2035 1568 2222">
    <p class='ocr_par' dir='ltr' id='par_1_9' title="bbox 316 2035 1568 2222">
     <span class='ocr_line' id='line_1_12' title="bbox 396 2035 1568 2136; baseline -0.003 -34"><span class='ocrx_word' id='word_1_80' title='bbox 396 2035 560 2102; x_wconf 70' lang='lat' dir='ltr'><strong><em>Catholici.</em></strong></span> <span class='ocrx_word' id='word_1_81' title='bbox 586 2039 707 2102; x_wconf 72' lang='lat' dir='ltr'><strong><em>trater</em></strong></span> <span class='ocrx_word' id='word_1_82' title='bbox 726 2039 942 2105; x_wconf 84' lang='lat' dir='ltr'><strong><em>subdiaconus</em></strong></span> <span class='ocrx_word' id='word_1_83' title='bbox 966 2041 1088 2105; x_wconf 83' lang='lat' dir='ltr'><strong><em>Rornae</em></strong></span> <span class='ocrx_word' id='word_1_84' title='bbox 1108 2043 1202 2116; x_wconf 83' lang='lat' dir='ltr'><strong><em>situs,</em></strong></span> <span class='ocrx_word' id='word_1_85' title='bbox 1224 2038 1442 2104; x_wconf 83' lang='lat' dir='ltr'><strong><em>eiaculatus</em></strong></span> <span class='ocrx_word' id='word_1_86' title='bbox 1567 2067 1568 2136; x_wconf 14' lang='grc' dir='ltr'>ξ</span> 
     </span>
     <span class='ocr_line' id='line_1_13' title="bbox 316 2139 1568 2222; baseline -0.004 -19"><span class='ocrx_word' id='word_1_87' title='bbox 316 2140 460 2203; x_wconf 86' lang='lat' dir='ltr'><strong><em>omnium</em></strong></span> <span class='ocrx_word' id='word_1_88' title='bbox 483 2140 584 2214; x_wconf 86' lang='lat' dir='ltr'><strong><em>tastis,</em></strong></span> <span class='ocrx_word' id='word_1_89' title='bbox 606 2157 691 2220; x_wconf 86' lang='lat' dir='ltr'><strong><em>quaa</em></strong></span> <span class='ocrx_word' id='word_1_90' title='bbox 712 2157 730 2202; x_wconf 90' lang='lat' dir='ltr'><strong><em>a</em></strong></span> <span class='ocrx_word' id='word_1_91' title='bbox 753 2139 861 2222; x_wconf 81' lang='lat' dir='ltr'><strong><em>Vigitii</em></strong></span> <span class='ocrx_word' id='word_1_92' title='bbox 886 2141 1094 2206; x_wconf 72' lang='lat' dir='ltr'><strong><em>pontitianus</em></strong></span> <span class='ocrx_word' id='word_1_93' title='bbox 1115 2142 1205 2206; x_wconf 90' lang='lat' dir='ltr'><strong><em>initio</em></strong></span> <span class='ocrx_word' id='word_1_94' title='bbox 1227 2140 1441 2216; x_wconf 82' lang='lat' dir='ltr'><strong><em>acciderunt,</em></strong></span> <span class='ocrx_word' id='word_1_95' title='bbox 1567 2151 1568 2182; x_wconf 76' lang='lat'>³</span> 
     </span>
    </p>
   </div>
   <div class='ocr_carea' id='block_1_10' title="bbox 313 2239 1444 3434">
    <p class='ocr_par' dir='ltr' id='par_1_10' title="bbox 313 2239 1444 2708">
     <span class='ocr_line' id='line_1_14' title="bbox 315 2239 1443 2324; baseline 0.004 -23"><span class='ocrx_word' id='word_1_96' title='bbox 315 2248 346 2301; x_wconf 89' lang='lat' dir='ltr'><strong><em>et</em></strong></span> <span class='ocrx_word' id='word_1_97' title='bbox 362 2248 453 2304; x_wconf 87' lang='lat' dir='ltr'><strong><em>antea</em></strong></span> <span class='ocrx_word' id='word_1_98' title='bbox 470 2258 568 2321; x_wconf 86' lang='lat' dir='ltr'><strong><em>qnam</em></strong></span> <span class='ocrx_word' id='word_1_99' title='bbox 585 2239 671 2306; x_wconf 87' lang='lat' dir='ltr'><strong><em>Urbe</em></strong></span> <span class='ocrx_word' id='word_1_100' title='bbox 685 2240 868 2305; x_wconf 85' lang='lat' dir='ltr'><strong><em>discederet</em></strong></span> <span class='ocrx_word' id='word_1_101' title='bbox 892 2241 1075 2307; x_wconf 85' lang='lat' dir='ltr'><strong><em>Birantinm</em></strong></span> <span class='ocrx_word' id='word_1_102' title='bbox 1091 2243 1312 2324; x_wconf 85' lang='lat' dir='ltr'><strong><em>proiecturas,</em></strong></span> <span class='ocrx_word' id='word_1_103' title='bbox 1329 2244 1443 2319; x_wconf 82' lang='lat' dir='ltr'><strong><em>ipsius</em></strong></span> 
     </span>
     <span class='ocr_line' id='line_1_15' title="bbox 313 2340 1444 2424; baseline 0 -22"><span class='ocrx_word' id='word_1_104' title='bbox 313 2341 447 2404; x_wconf 82' lang='lat' dir='ltr'><strong><em>eximias</em></strong></span> <span class='ocrx_word' id='word_1_105' title='bbox 471 2341 608 2408; x_wconf 85' lang='lat' dir='ltr'><strong><em>virtutes</em></strong></span> <span class='ocrx_word' id='word_1_106' title='bbox 629 2343 727 2422; x_wconf 80' lang='lat' dir='ltr'><strong><em>conit3</em></strong></span> <span class='ocrx_word' id='word_1_107' title='bbox 747 2349 778 2406; x_wconf 93' lang='lat' dir='ltr'><strong><em>et</em></strong></span> <span class='ocrx_word' id='word_1_108' title='bbox 800 2345 993 2422; x_wconf 85' lang='lat' dir='ltr'><strong><em>praesertim</em></strong></span> <span class='ocrx_word' id='word_1_109' title='bbox 1013 2353 1116 2407; x_wconf 84' lang='lat' dir='ltr'><strong><em>stante</em></strong></span> <span class='ocrx_word' id='word_1_110' title='bbox 1137 2343 1325 2424; x_wconf 73' lang='lat' dir='ltr'><strong><em>gotthorum</em></strong></span> <span class='ocrx_word' id='word_1_111' title='bbox 1348 2340 1444 2403; x_wconf 79' lang='lat' dir='ltr'><strong><em>obsi-</em></strong></span> 
     </span>
     <span class='ocr_line' id='line_1_16' title="bbox 314 2442 1443 2526; baseline 0.004 -22"><span class='ocrx_word' id='word_1_112' title='bbox 314 2442 421 2518; x_wconf 81' lang='lat' dir='ltr'><strong><em>dione,</em></strong></span> <span class='ocrx_word' id='word_1_113' title='bbox 446 2444 498 2507; x_wconf 79' lang='lat' dir='ltr'><strong><em>vix</em></strong></span> <span class='ocrx_word' id='word_1_114' title='bbox 520 2464 545 2508; x_wconf 87' lang='lat' dir='ltr'><strong><em>s.</em></strong></span> <span class='ocrx_word' id='word_1_115' title='bbox 571 2443 656 2507; x_wconf 80' lang='lat' dir='ltr'><strong><em>Patri</em></strong></span> <span class='ocrx_word' id='word_1_116' title='bbox 672 2444 867 2510; x_wconf 73' lang='lat' dir='ltr'>cathedram</span> <span class='ocrx_word' id='word_1_117' title='bbox 888 2446 1031 2509; x_wconf 79' lang='lat' dir='ltr'><strong><em>ascendit</em></strong></span> <span class='ocrx_word' id='word_1_118' title='bbox 1048 2443 1197 2526; x_wconf 78' lang='lat' dir='ltr'><strong><em>vigilias,</em></strong></span> <span class='ocrx_word' id='word_1_119' title='bbox 1221 2445 1358 2524; x_wconf 78' lang='lat' dir='ltr'><strong><em>ingenue</em></strong></span> <span class='ocrx_word' id='word_1_120' title='bbox 1379 2463 1443 2507; x_wconf 86' lang='lat' dir='ltr'><strong><em>ro·</em></strong></span> 
     </span>
     <span class='ocr_line' id='line_1_17' title="bbox 315 2545 1441 2628; baseline 0.004 -23"><span class='ocrx_word' id='word_1_121' title='bbox 315 2561 486 2628; x_wconf 76' lang='lat' dir='ltr'><strong><em>manornm</em></strong></span> <span class='ocrx_word' id='word_1_122' title='bbox 506 2545 645 2612; x_wconf 84' lang='lat' dir='ltr'><strong><em>satutem</em></strong></span> <span class='ocrx_word' id='word_1_123' title='bbox 679 2547 758 2611; x_wconf 92' lang='lat' dir='ltr'><strong><em>tanti</em></strong></span> <span class='ocrx_word' id='word_1_124' title='bbox 782 2545 922 2611; x_wconf 84' lang='lat' dir='ltr'><strong><em>Pastoris</em></strong></span> <span class='ocrx_word' id='word_1_125' title='bbox 954 2545 1073 2628; x_wconf 87' lang='lat' dir='ltr'><strong><em>operae</em></strong></span> <span class='ocrx_word' id='word_1_126' title='bbox 1100 2545 1334 2613; x_wconf 81' lang='lat' dir='ltr'><strong><em>inscribendam</em></strong></span> <span class='ocrx_word' id='word_1_127' title='bbox 1362 2562 1441 2610; x_wconf 80' lang='lat' dir='ltr'><strong><em>esse</em></strong></span> 
     </span>
     <span class='ocr_line' id='line_1_18' title="bbox 315 2652 920 2708; baseline -0.005 0"><span class='ocrx_word' id='word_1_128' title='bbox 315 2652 463 2708; x_wconf 85' lang='lat' dir='ltr'><strong><em>testatur.</em></strong></span> <span class='ocrx_word' id='word_1_129' title='bbox 917 2677 920 2682; x_wconf 91' lang='lat'>·</span> 
     </span>
    </p>

    <p class='ocr_par' dir='ltr' id='par_1_11' title="bbox 313 2743 1441 3434">
     <span class='ocr_line' id='line_1_19' title="bbox 394 2743 1441 2832; baseline 0.007 -23"><span class='ocrx_word' id='word_1_130' title='bbox 394 2743 604 2813; x_wconf 72' lang='lat' dir='ltr'><strong><em>Schismatioi.</em></strong></span> <span class='ocrx_word' id='word_1_131' title='bbox 626 2747 716 2814; x_wconf 87' lang='lat' dir='ltr'><strong><em>Haec</em></strong></span> <span class='ocrx_word' id='word_1_132' title='bbox 742 2751 902 2814; x_wconf 87' lang='lat' dir='ltr'><strong><em>mirabilia</em></strong></span> <span class='ocrx_word' id='word_1_133' title='bbox 925 2751 1008 2813; x_wconf 87' lang='lat' dir='ltr'><strong><em>tacta</em></strong></span> <span class='ocrx_word' id='word_1_134' title='bbox 1031 2751 1062 2814; x_wconf 93' lang='lat' dir='ltr'><strong><em>in</em></strong></span> <span class='ocrx_word' id='word_1_135' title='bbox 1091 2768 1224 2830; x_wconf 82' lang='lat' dir='ltr'><strong><em>proram</em></strong></span> <span class='ocrx_word' id='word_1_136' title='bbox 1251 2757 1376 2832; x_wconf 85' lang='lat' dir='ltr'><strong><em>partem</em></strong></span> <span class='ocrx_word' id='word_1_137' title='bbox 1401 2761 1441 2816; x_wconf 83' lang='lat' dir='ltr'><strong><em>et</em></strong></span> 
     </span>
     <span class='ocr_line' id='line_1_20' title="bbox 314 2847 1440 2932; baseline 0.007 -25"><span class='ocrx_word' id='word_1_138' title='bbox 314 2847 521 2926; x_wconf 78' lang='lat' dir='ltr'><strong><em>ignominiam</em></strong></span> <span class='ocrx_word' id='word_1_139' title='bbox 541 2851 583 2912; x_wconf 90' lang='lat' dir='ltr'><strong><em>ab</em></strong></span> <span class='ocrx_word' id='word_1_140' title='bbox 607 2852 653 2914; x_wconf 82' lang='lat' dir='ltr'><strong><em>itis</em></strong></span> <span class='ocrx_word' id='word_1_141' title='bbox 675 2859 874 2916; x_wconf 87' lang='lat' dir='ltr'><strong><em>commutata</em></strong></span> <span class='ocrx_word' id='word_1_142' title='bbox 904 2864 989 2916; x_wconf 86' lang='lat' dir='ltr'><strong><em>sant.</em></strong></span> <span class='ocrx_word' id='word_1_143' title='bbox 1022 2852 1097 2916; x_wconf 89' lang='lat' dir='ltr'><strong><em>ideo</em></strong></span> <span class='ocrx_word' id='word_1_144' title='bbox 1126 2862 1323 2916; x_wconf 85' lang='lat' dir='ltr'><strong><em>accusarunt</em></strong></span> <span class='ocrx_word' id='word_1_145' title='bbox 1344 2851 1440 2932; x_wconf 75' lang='lat' dir='ltr'><strong><em>Vigi-</em></strong></span> 
     </span>
     <span class='ocr_line' id='line_1_21' title="bbox 317 2949 1441 3034; baseline 0.006 -24"><span class='ocrx_word' id='word_1_146' title='bbox 317 2949 398 3012; x_wconf 80' lang='lat' dir='ltr'><strong><em>liunt</em></strong></span> <span class='ocrx_word' id='word_1_147' title='bbox 423 2949 565 3017; x_wconf 88' lang='lat' dir='ltr'><strong><em>dicentes</em></strong></span> <span class='ocrx_word' id='word_1_148' title='bbox 589 2952 682 3016; x_wconf 87' lang='lat' dir='ltr'><strong><em>iilam</em></strong></span> <span class='ocrx_word' id='word_1_149' title='bbox 710 2955 791 3018; x_wconf 84' lang='lat' dir='ltr'><strong><em>male</em></strong></span> <span class='ocrx_word' id='word_1_150' title='bbox 811 2953 907 3034; x_wconf 76' lang='lat' dir='ltr'><strong><em>spisse</em></strong></span> <span class='ocrx_word' id='word_1_151' title='bbox 932 2975 1003 3018; x_wconf 87' lang='lat' dir='ltr'><strong><em>cam</em></strong></span> <span class='ocrx_word' id='word_1_152' title='bbox 1022 2955 1166 3019; x_wconf 84' lang='lat' dir='ltr'><strong><em>romania</em></strong></span> <span class='ocrx_word' id='word_1_153' title='bbox 1192 2963 1222 3018; x_wconf 84' lang='lat' dir='ltr'><strong><em>ct</em></strong></span> <span class='ocrx_word' id='word_1_154' title='bbox 1244 2953 1331 3018; x_wconf 81' lang='lat' dir='ltr'><strong><em>omni</em></strong></span> <span class='ocrx_word' id='word_1_155' title='bbox 1349 2956 1441 3034; x_wconf 74' lang='lat' dir='ltr'><strong><em>pleis</em></strong></span> 
     </span>
     <span class='ocr_line' id='line_1_22' title="bbox 314 3052 1436 3138; baseline 0.008 -27"><span class='ocrx_word' id='word_1_156' title='bbox 314 3068 392 3122; x_wconf 87' lang='lat' dir='ltr'><strong><em>aao;</em></strong></span> <span class='ocrx_word' id='word_1_157' title='bbox 414 3052 459 3116; x_wconf 81' lang='lat' dir='ltr'><strong><em>sic</em></strong></span> <span class='ocrx_word' id='word_1_158' title='bbox 481 3061 529 3130; x_wconf 88' lang='lat' dir='ltr'><strong><em>ut,</em></strong></span> <span class='ocrx_word' id='word_1_159' title='bbox 549 3057 605 3118; x_wconf 81' lang='lat' dir='ltr'><strong><em>vix</em></strong></span> <span class='ocrx_word' id='word_1_160' title='bbox 628 3055 773 3120; x_wconf 72' lang='lat' dir='ltr'><strong><em>discessit</em></strong></span> <span class='ocrx_word' id='word_1_161' title='bbox 795 3055 1103 3138; x_wconf 76' lang='lat' dir='ltr'><strong><em>Constantinopolim</em></strong></span> <span class='ocrx_word' id='word_1_162' title='bbox 1125 3060 1234 3122; x_wconf 80' lang='lat' dir='ltr'><strong><em>ituras</em></strong></span> <span class='ocrx_word' id='word_1_163' title='bbox 1254 3065 1288 3122; x_wconf 90' lang='lat' dir='ltr'><strong><em>et</em></strong></span> <span class='ocrx_word' id='word_1_164' title='bbox 1313 3075 1436 3121; x_wconf 82' lang='lat' dir='ltr'><strong><em>narem</em></strong></span> 
     </span>
     <span class='ocr_line' id='line_1_23' title="bbox 313 3153 1439 3240; baseline 0.004 -24"><span class='ocrx_word' id='word_1_165' title='bbox 313 3153 510 3230; x_wconf 84' lang='lat' dir='ltr'><strong><em>conscendit,</em></strong></span> <span class='ocrx_word' id='word_1_166' title='bbox 525 3156 669 3235; x_wconf 82' lang='lat' dir='ltr'><strong><em>popalus</em></strong></span> <span class='ocrx_word' id='word_1_167' title='bbox 689 3155 821 3237; x_wconf 81' lang='lat' dir='ltr'><strong><em>cooperit</em></strong></span> <span class='ocrx_word' id='word_1_168' title='bbox 840 3158 965 3240; x_wconf 78' lang='lat' dir='ltr'><strong><em>jactare</em></strong></span> <span class='ocrx_word' id='word_1_169' title='bbox 982 3170 1055 3240; x_wconf 84' lang='lat' dir='ltr'><strong><em>port</em></strong></span> <span class='ocrx_word' id='word_1_170' title='bbox 1073 3177 1145 3222; x_wconf 84' lang='lat' dir='ltr'><strong><em>eam</em></strong></span> <span class='ocrx_word' id='word_1_171' title='bbox 1166 3157 1299 3238; x_wconf 86' lang='lat' dir='ltr'><strong><em>lapidas,</em></strong></span> <span class='ocrx_word' id='word_1_172' title='bbox 1318 3160 1439 3240; x_wconf 74' lang='lat' dir='ltr'><strong><em>sontes,</em></strong></span> 
     </span>
     <span class='ocr_line' id='line_1_24' title="bbox 313 3251 1437 3340; baseline 0.009 -28"><span class='ocrx_word' id='word_1_173' title='bbox 313 3251 441 3317; x_wconf 87' lang='lat' dir='ltr'><strong><em>cacodoa</em></strong></span> <span class='ocrx_word' id='word_1_174' title='bbox 463 3265 491 3318; x_wconf 83' lang='lat' dir='ltr'><strong><em>ct</em></strong></span> <span class='ocrx_word' id='word_1_175' title='bbox 510 3255 626 3320; x_wconf 82' lang='lat' dir='ltr'><strong><em>dicero:</em></strong></span> <span class='ocrx_word' id='word_1_176' title='bbox 647 3260 746 3340; x_wconf 76' lang='lat' dir='ltr'><strong><em>[amca</em></strong></span> <span class='ocrx_word' id='word_1_177' title='bbox 767 3271 825 3323; x_wconf 88' lang='lat' dir='ltr'><strong><em>tao</em></strong></span> <span class='ocrx_word' id='word_1_178' title='bbox 856 3269 975 3324; x_wconf 80' lang='lat' dir='ltr'><strong><em>tecam:</em></strong></span> <span class='ocrx_word' id='word_1_179' title='bbox 998 3258 1179 3325; x_wconf 83' lang='lat' dir='ltr'><strong><em>mortalitas</em></strong></span> <span class='ocrx_word' id='word_1_180' title='bbox 1203 3271 1324 3326; x_wconf 82' lang='lat' dir='ltr'><strong><em>tecam:</em></strong></span> <span class='ocrx_word' id='word_1_181' title='bbox 1350 3261 1437 3322; x_wconf 80' lang='lat' dir='ltr'><strong><em>male</em></strong></span> 
     </span>
     <span class='ocr_line' id='line_1_25' title="bbox 313 3352 1061 3434; baseline 0.009 -19"><span class='ocrx_word' id='word_1_182' title='bbox 313 3352 417 3434; x_wconf 74' lang='lat' dir='ltr'><strong><em>fecisti</em></strong></span> <span class='ocrx_word' id='word_1_183' title='bbox 435 3357 596 3432; x_wconf 85' lang='lat' dir='ltr'><strong><em>romanis;</em></strong></span> <span class='ocrx_word' id='word_1_184' title='bbox 617 3361 698 3423; x_wconf 81' lang='lat' dir='ltr'><strong><em>analo</em></strong></span> <span class='ocrx_word' id='word_1_185' title='bbox 719 3358 867 3426; x_wconf 82' lang='lat' dir='ltr'><strong><em>invenias</em></strong></span> <span class='ocrx_word' id='word_1_186' title='bbox 886 3362 940 3426; x_wconf 86' lang='lat' dir='ltr'><strong><em>aii</em></strong></span> <span class='ocrx_word' id='word_1_187' title='bbox 959 3360 1061 3424; x_wconf 85' lang='lat' dir='ltr'><strong><em>vadia.</em></strong></span> 
     </span>
    </p>
   </div>
   <div class='ocr_carea' id='block_1_11' title="bbox 850 3609 898 3674">
    <p class='ocr_par' dir='ltr' id='par_1_12' title="bbox 850 3609 898 3674">
     <span class='ocr_line' id='line_1_26' title="bbox 850 3609 898 3674; baseline 0 -1"><span class='ocrx_word' id='word_1_188' title='bbox 850 3609 898 3674; x_wconf 87' lang='lat' dir='ltr'><strong><em>iii</em></strong></span> 
     </span>
    </p>
   </div>
   <div class='ocr_carea' id='block_1_12' title="bbox 314 3847 1433 4348">
    <p class='ocr_par' dir='ltr' id='par_1_13' title="bbox 314 3847 1433 4348">
     <span class='ocr_line' id='line_1_27' title="bbox 399 3847 1433 3938; baseline 0.008 -24"><span class='ocrx_word' id='word_1_189' title='bbox 399 3847 563 3917; x_wconf 72' lang='lat' dir='ltr'><strong><em>Catholici.</em></strong></span> <span class='ocrx_word' id='word_1_190' title='bbox 585 3852 723 3936; x_wconf 77' lang='lat' dir='ltr'><strong><em>vigilius</em></strong></span> <span class='ocrx_word' id='word_1_191' title='bbox 752 3857 783 3918; x_wconf 92' lang='lat' dir='ltr'><strong><em>in</em></strong></span> <span class='ocrx_word' id='word_1_192' title='bbox 805 3856 949 3938; x_wconf 80' lang='lat' dir='ltr'><strong><em>optantis</em></strong></span> <span class='ocrx_word' id='word_1_193' title='bbox 970 3857 1009 3920; x_wconf 90' lang='lat' dir='ltr'><strong><em>ad</em></strong></span> <span class='ocrx_word' id='word_1_194' title='bbox 1037 3856 1257 3924; x_wconf 80' lang='lat' dir='ltr'><strong><em>lastinianum</em></strong></span> <span class='ocrx_word' id='word_1_195' title='bbox 1278 3863 1311 3923; x_wconf 86' lang='lat' dir='ltr'><strong><em>et</em></strong></span> <span class='ocrx_word' id='word_1_196' title='bbox 1341 3855 1433 3922; x_wconf 72' lang='lat' dir='ltr'><strong><em>diem</em></strong></span> 
     </span>
     <span class='ocr_line' id='line_1_28' title="bbox 314 3951 1433 4040; baseline 0.006 -26"><span class='ocrx_word' id='word_1_197' title='bbox 314 3969 389 4016; x_wconf 87' lang='lat' dir='ltr'><strong><em>nam</em></strong></span> <span class='ocrx_word' id='word_1_198' title='bbox 410 3954 495 4016; x_wconf 84' lang='lat' dir='ltr'><strong><em>circa</em></strong></span> <span class='ocrx_word' id='word_1_199' title='bbox 516 3971 636 4018; x_wconf 88' lang='lat' dir='ltr'><strong><em>annom</em></strong></span> <span class='ocrx_word' id='word_1_200' title='bbox 657 3951 728 4023; x_wconf 67' lang='grc'>540.</span> <span class='ocrx_word' id='word_1_201' title='bbox 751 3958 845 4021; x_wconf 83' lang='lat' dir='ltr'><strong><em>fidem</em></strong></span> <span class='ocrx_word' id='word_1_202' title='bbox 867 3959 1153 4040; x_wconf 84' lang='lat' dir='ltr'><strong><em>praedecessorum</em></strong></span> <span class='ocrx_word' id='word_1_203' title='bbox 1174 3978 1311 4025; x_wconf 87' lang='lat' dir='ltr'><strong><em>suornm</em></strong></span> <span class='ocrx_word' id='word_1_204' title='bbox 1332 3958 1433 4037; x_wconf 88' lang='lat' dir='ltr'><strong><em>proti·</em></strong></span> 
     </span>
     <span class='ocr_line' id='line_1_29' title="bbox 316 4059 1432 4142; baseline 0.005 -26"><span class='ocrx_word' id='word_1_205' title='bbox 316 4061 418 4130; x_wconf 89' lang='lat' dir='ltr'><strong><em>tetur,</em></strong></span> <span class='ocrx_word' id='word_1_206' title='bbox 440 4064 572 4122; x_wconf 83' lang='lat' dir='ltr'><strong><em>cunctos</em></strong></span> <span class='ocrx_word' id='word_1_207' title='bbox 587 4059 768 4124; x_wconf 87' lang='lat' dir='ltr'><strong><em>haereticos</em></strong></span> <span class='ocrx_word' id='word_1_208' title='bbox 789 4059 954 4137; x_wconf 83' lang='lat' dir='ltr'><strong><em>tiatnnans,</em></strong></span> <span class='ocrx_word' id='word_1_209' title='bbox 968 4063 1000 4123; x_wconf 91' lang='lat' dir='ltr'><strong><em>in</em></strong></span> <span class='ocrx_word' id='word_1_210' title='bbox 1028 4061 1146 4142; x_wconf 86' lang='lat' dir='ltr'><strong><em>quibus</em></strong></span> <span class='ocrx_word' id='word_1_211' title='bbox 1168 4063 1377 4140; x_wconf 77' lang='lat' dir='ltr'><strong><em>peculiariter</em></strong></span> <span class='ocrx_word' id='word_1_212' title='bbox 1396 4079 1432 4122; x_wconf 86' lang='lat' dir='ltr'><strong><em>a·</em></strong></span> 
     </span>
     <span class='ocr_line' id='line_1_30' title="bbox 315 4155 1431 4246; baseline 0.008 -32"><span class='ocrx_word' id='word_1_213' title='bbox 315 4155 467 4234; x_wconf 82' lang='lat' dir='ltr'><strong><em>cephalos</em></strong></span> <span class='ocrx_word' id='word_1_214' title='bbox 487 4157 555 4222; x_wconf 82' lang='lat' dir='ltr'><strong><em>aina</em></strong></span> <span class='ocrx_word' id='word_1_215' title='bbox 576 4159 897 4242; x_wconf 81' lang='lat' dir='ltr'><strong><em>semi-eutychianos,</em></strong></span> <span class='ocrx_word' id='word_1_216' title='bbox 919 4169 952 4226; x_wconf 90' lang='lat' dir='ltr'><strong><em>et</em></strong></span> <span class='ocrx_word' id='word_1_217' title='bbox 973 4164 1090 4228; x_wconf 86' lang='lat' dir='ltr'><strong><em>horam</em></strong></span> <span class='ocrx_word' id='word_1_218' title='bbox 1113 4165 1289 4246; x_wconf 79' lang='lat' dir='ltr'><strong><em>principem</em></strong></span> <span class='ocrx_word' id='word_1_219' title='bbox 1306 4161 1431 4244; x_wconf 77' lang='lat' dir='ltr'><strong><em>Anthy-</em></strong></span> 
     </span>
     <span class='ocr_line' id='line_1_31' title="bbox 315 4256 1212 4348; baseline 0.012 -33"><span class='ocrx_word' id='word_1_220' title='bbox 315 4270 405 4318; x_wconf 88' lang='lat' dir='ltr'><strong><em>mnm</em></strong></span> <span class='ocrx_word' id='word_1_221' title='bbox 426 4256 581 4325; x_wconf 86' lang='lat' dir='ltr'><strong><em>ecciesiae</em></strong></span> <span class='ocrx_word' id='word_1_222' title='bbox 602 4263 970 4345; x_wconf 76' lang='lat' dir='ltr'><strong><em>constantinopolitanae</em></strong></span> <span class='ocrx_word' id='word_1_223' title='bbox 992 4283 1212 4348; x_wconf 74' lang='lat' dir='ltr'><strong><em>pervasorem.</em></strong></span> 
     </span>
    </p>
   </div>
   <div class='ocr_carea' id='block_1_13' title="bbox 0 0 1574 4950">
    <p class='ocr_par' dir='ltr' id='par_1_14' title="bbox 0 0 1574 4950">
     <span class='ocr_line' id='line_1_32' title="bbox 0 0 1574 4950; baseline 0 0"><span class='ocrx_word' id='word_1_224' title='bbox 0 0 1574 4950; x_wconf 95' lang='lat' dir='ltr'><strong><em> </em></strong></span> 
     </span>
    </p>
   </div>
  </div>
 </body>
</html>
