3042 4940
408 496 507 566 «Sed
532 501 627 566 otium
652 501 718 566 Leo
745 517 772 567 s.
801 501 976 569 memorias
997 499 1082 584 l’apa
1110 498 1299 582 antiquioris
1320 494 1421 563 llonm

327 606 361 665 et
376 605 517 684 suscepit
532 602 701 687 Eutychen
722 612 755 668 et
767 605 932 689 rescripsit
952 601 1165 686 comprobans
1179 620 1255 666 eum
1263 621 1276 681 3
1291 608 1420 664 ettamen

327 709 438 786 postea
455 705 679 771 condemnarit
694 713 726 770 et
746 707 1029 772 anathematizavit
1043 725 1118 772 eum
1141 713 1292 785 tauquam
1308 701 1423 766 haereti·

327 822 414 868 cum.
436 804 478 868 Et
498 807 613 870 multos
632 807 759 888 quidem
774 809 824 886 teu
845 805 1138 889 interpolationem)
1154 805 1247 868 etium
1267 801 1424 864 isserninus

326 903 409 968 ulios
425 917 497 986 post
515 916 644 972 mortem
664 907 960 984 anathematizatos,
992 926 1048 971 nec
1068 925 1134 971 nun
1153 909 1248 970 etiarn
1271 901 1424 983 Oriqcuon

327 1005 371 1070 Et
391 1005 420 1071 si
450 1011 494 1072 od
515 1019 657 1090 temporo
690 1009 850 1092 Theophili
869 1019 997 1074 sanctor
1025 1006 1276 1084 memoriaque
1305 1003 1428 1087 mprrisr

324 1108 444 1190 uliquis
456 1111 645 1186 recurrerit,
650 1120 723 1192 port
735 1121 863 1176 mortem
877 1111 1015 1174 inveniet
1025 1108 1335 1174 anathematizatum.
1352 1105 1426 1183 Quot

324 1229 413 1276 nunc
431 1211 468 1275 iu
488 1214 555 1295 ipso
574 1213 648 1294 secie
666 1223 695 1278 st
715 1223 820 1283 ocstru
847 1211 1016 1290 sanctitur,
1036 1223 1065 1277 et
1091 1210 1227 1294 Vipilius
1246 1207 1426 1294 retiqimissi·

325 1305 397 1377 mus
421 1315 513 1396 Papa
533 1315 728 1398 antiquioris
748 1316 873 1382 Romus.
893 1315 1184 1397 Praesumpserunt
1207 1333 1286 1379 reru
1301 1311 1428 1378 Theodo-

328 1418 356 1478 ri
378 1416 564 1481 defensores
585 1422 682 1483 etium
703 1417 836 1482 loannis
857 1437 882 1482 s.
908 1420 1083 1482 memoriae
1113 1420 1254 1500 episcopi
1278 1413 1428 1480 constanti·

327 1517 503 1599 nopolitnni
525 1519 649 1584 littores
671 1520 819 1601 prolerre
840 1519 931 1600 quusi
955 1519 993 1582 ad
1009 1517 1217 1582 Theodorum
1241 1518 1353 1594 lactas,
1371 1515 1428 1578 lau·

327 1617 384 1680 des
405 1619 549 1700 ejusdem
564 1617 727 1682 Theodori
743 1621 952 1683 continentes.
976 1618 1071 1696 Quod
1091 1639 1169 1685 reru
1190 1621 1248 1683 ista
1272 1617 1429 1681 falsarunt

328 1719 545 1784 testimonium
567 1720 721 1801 praebent
737 1761 883 1784 .......
901 1718 942 1783 Et
962 1719 1049 1799 quod
1072 1718 1229 1783 dicituro
1252 1715 1428 1800 quibusdan

326 1821 414 1901 quod
437 1822 468 1883 in
489 1823 833 1886 communicationem
854 1839 934 1902 pace
963 1821 1174 1884 ecclesiarum
1206 1819 1374 1885 defunctus
1391 1820 1429 1879 est

326 1918 531 2000 Theodorus,
554 1924 755 1989 mendacium
777 1930 837 2000 est,
851 1931 885 1988 et
905 1922 1065 1986 calumnia
1089 1921 1190 2003 magis
1209 1921 1363 1986 adsersus
1382 1915 1430 1980 lis·

327 2023 505 2088 clusium.»

406 2123 512 2204 Siquis
533 2143 611 2206 erqo
640 2133 762 2190 attente
790 2126 822 2188 iu
845 2126 905 2190 hac
925 2125 1104 2202 locutione,
1138 2124 1322 2205 subsignata
1346 2121 1427 2186 rerba

327 2224 522 2310 consideret,
545 2233 638 2290 extra
660 2235 890 2306 orqumentum
921 2226 970 2290 ire
991 2243 1028 2290 ea
1049 2225 1224 2306 dignoscet,
1248 2227 1366 2306 qnippe
1384 2237 1430 2286 nec

328 2328 511 2406 praemissis
526 2345 665 2392 consona
681 2347 741 2393 uec
754 2327 1037 2409 subsequentibus.
1053 2325 1104 2391 lix
1119 2327 1258 2406 uhrnptn
1274 2327 1357 2388 euim
1367 2323 1431 2388 scri·

328 2436 405 2509 plur
424 2429 465 2492 ob
479 2430 648 2494 haereticis
670 2431 701 2493 iu
724 2433 788 2494 rita
804 2429 960 2494 damnetis
986 2428 1153 2492 transitud
1177 2429 1355 2492 haereticos
1374 2431 1431 2506 post
1504 2482 1505 2486 ,

329 2531 453 2595 obitum
474 2533 774 2609 anathematizatos,
805 2532 985 2614 dequibus
1006 2538 1099 2594 autea
1130 2529 1280 2593 distincto
1301 2541 1431 2592 sermons

330 2629 444 2696 Patres
471 2633 734 2715 disputnverunts
758 2633 842 2698 unde
876 2633 1058 2696 irustrunea
1091 2631 1145 2693 htc
1167 2630 1308 2694 habetur
1334 2623 1432 2709 repeti·

330 2735 389 2810 tiu,
403 2743 436 2799 et
450 2743 544 2799 extra
565 2739 722 2801 sermonis
743 2736 887 2800 ordinem
910 2735 985 2799 huic
1004 2735 1121 2798 inserts
1136 2733 1336 2798 discussiunt.
1350 2727 1386 2794 lit
1403 2732 1431 2789 nt

329 2838 513 2901 summatim
536 2839 651 2902 dicama
674 2838 823 2923 Synodus
842 2839 874 2900 iu
899 2835 1104 2918 praecedeuti
1122 2835 1315 2915 quaestions
1334 2831 1372 2895 ab
1387 2845 1432 2891 au·

328 2939 418 3018 tiqua
442 2941 624 3017 traditione,
655 2942 814 3022 quosdam
841 2957 941 3021 prara
963 2940 1112 3020 dogmata
1134 2944 1279 3000 tenentes
1310 2929 1432 2999 ostendit

331 3041 455 3104 etiamsi
478 3043 647 3108 haereseos
668 3053 742 3106 nuta
764 3059 827 3106 nou
848 3041 970 3106 tuerint
989 3040 1022 3104 in
1044 3041 1108 3103 vlta
1130 3038 1292 3113 mulctati,
1315 3033 1429 3098 anatho·

332 3143 425 3206 matis
448 3150 553 3208 tamen
575 3153 646 3226 post
667 3145 791 3210 obitum
812 3143 1002 3208 sustinuisse
1023 3142 1179 3222 probrum
1201 3157 1313 3204 coram
1336 3134 1431 3201 Eccle-

330 3243 389 3306 sia.
407 3241 444 3308 ln
455 3246 598 3308 secundo
619 3263 698 3309 veru
713 3245 787 3310 loco
807 3246 888 3308 alios
903 3261 1036 3324 quoque
1051 3241 1150 3307 luisse
1170 3241 1259 3318 dicit,
1276 3245 1432 3321 qnantum·

332 3345 380 3409 vis
394 3347 426 3408 ln
443 3347 506 3409 ritu
522 3347 563 3408 eb
578 3345 741 3411 Ecclesiae
755 3346 920 3424 Patribus,
935 3344 1078 3427 epistolis
1092 3350 1125 3406 et
1139 3342 1369 3406 necessitudine
1387 3338 1432 3399 lm·

332 3457 465 3511 uerutus
495 3446 683 3527 aliquunde,
713 3447 932 3521 nihilominus,
963 3447 1096 3510 detectis
1116 3461 1233 3506 eorum
1265 3439 1431 3510 erroribus,

333 3548 456 3610 matitia
477 3557 509 3612 et
523 3550 711 3628 pertinacia,
727 3551 811 3612 iuter
827 3548 1006 3611 haereticos
1026 3553 1214 3610 numeratos
1236 3543 1345 3608 tuisse.
1358 3539 1432 3616 Qua·

333 3655 480 3729 propter,
496 3653 521 3714 si
536 3649 670 3715 Concilii
694 3648 804 3715 Patres
817 3647 989 3730 Origeuem
1011 3656 1083 3730 post
1102 3654 1239 3710 mortem
1261 3645 1431 3707 dammtun

334 3751 599 3829 considerassent,
618 3772 657 3818 ac
676 3753 776 3832 ipsius
795 3753 964 3814 anathema
996 3749 1179 3812 instaurare
1206 3747 1388 3815 volnissent,
1406 3740 1432 3799 iu

332 3853 439 3930 primo
461 3851 535 3916 loco
556 3852 656 3930 ipsius
687 3852 825 3932 egissent
846 3853 1050 3924 mentionem,
1079 3857 1112 3911 et
1132 3850 1164 3910 iu
1185 3845 1370 3926 exemplum
1388 3841 1433 3902 dc·

333 3949 452 4014 dissent
472 3969 547 4016 cnm
578 3953 694 4016 ceteris
715 3949 885 4014 haereticis
916 3954 989 4030 post
1007 3948 1131 4012 obitum
1160 3940 1431 4010 anathematizatis.

332 4047 565 4116 Verumtamen
580 4069 654 4117 cnm
676 4052 824 4138 Synodns
844 4049 929 4116 istud
943 4049 1121 4114 nullimode
1141 4046 1300 4126 exegerit,
1315 4043 1368 4108 uhi
1386 4057 1432 4119 op

333 4153 514 4232 portunitas
535 4153 731 4235 postulabat,
747 4169 929 4233 nomenque
949 4149 1203 4232 praetermiserit
1214 4145 1378 4227 oum
1397 4137 1430 4202 ah

325 4251 521 4334 ‘hujusmodl
542 4253 675 4324 Petrum
695 4253 910 4334 silentiunm
928 4249 1134 4320 statuendum
1150 4254 1200 4316 est
1221 4245 1297 4314 tanti
1313 4239 1430 4314 uiride
