2994 4938
66 499 162 556 sestra
186 497 292 558 sancta
317 490 459 576 synodo,
485 491 650 574 pollicitus
673 495 722 558 est
747 507 807 574 por
833 489 973 572 seipsum
1002 489 1109 556 iacere
1137 499 1171 557 et

64 591 135 656 dare
156 592 292 673 piissimo
315 595 454 659 domino.
923 601 929 608 “

132 717 148 754 e
164 691 205 760 Ut
224 699 325 776 igitur
343 701 440 761 etism
461 681 512 774 oa,
527 713 613 778 quae
632 696 760 778 saepias
781 694 907 777 abipso
930 695 1108 761 lactarunt
1126 693 1169 759 sil

60 797 345 861 condemnationem
369 803 468 862 trium
488 798 729 880 capitulorum,
756 814 813 862 sos
834 789 1002 870 audientes
1021 795 1161 862 alacrio-

60 913 106 960 res
124 896 299 964 efficiamini
318 898 359 964 ue
381 898 429 963 lais
447 899 585 964 iornnam
606 901 758 964 celeriter
781 898 945 980 proicere,
967 898 1087 964 onesii
1108 917 1168 980 per

59 1013 105 1060 tue
119 1009 240 1062 vestrae
259 1001 420 1063 sanctitati
435 1001 733 1072 condemnationem
753 999 794 1062 ab
809 1001 878 1080 ipso
892 997 1012 1080 vigilio
1033 1000 1164 1080 relam-

57 1098 172 1164 sissimo
193 1101 354 1180 prolatam
385 1100 541 1166 adserens
571 1102 740 1168 Rusticum
762 1110 795 1166 et
814 1101 1037 1166 Sebastianum
1058 1102 1168 1168 diaco-

60 1218 111 1263 uoa
130 1200 293 1266 Romanae
312 1209 441 1266 sauctae
469 1200 635 1268 Ecclesiae
657 1213 690 1268 et
709 1204 792 1267 alios
821 1203 1000 1286 quosdam,
1024 1219 1083 1268 neo
1102 1219 1167 1269 usu

61 1304 149 1368 etiam
162 1304 300 1381 litteras,
315 1305 394 1368 elisa
409 1305 540 1386 quidam
558 1306 598 1370 ad
613 1303 874 1372 Valentinianum
889 1305 1166 1386 religiosissimum

60 1399 201 1483 Scythiae
219 1406 407 1487 episcopum
428 1407 557 1488 abipso
578 1407 727 1488 scriptas,
748 1407 828 1470 alias
851 1425 930 1470 sero
951 1405 991 1468 sd
1013 1404 1167 1470 accetta-
1225 1483 1229 1489 ⁴

60 1522 129 1567 num
143 1505 431 1586 religiosissimum,
448 1509 504 1588 qui
526 1509 687 1589 praesidet
701 1508 825 1572 ilrelati
841 1499 1041 1572 venerandae
1062 1507 1167 1572 ecclo-

59 1608 141 1686 ciaet
160 1626 246 1688 quse
267 1609 370 1689 prima
391 1621 439 1674 est
458 1619 645 1674 sanctarum
666 1609 795 1674 Galliae
815 1610 1041 1686 ecclesiarum,
1063 1611 1167 1674 omui·

61 1705 115 1771 lus
134 1709 295 1774 translatis
326 1711 358 1774 iu
378 1729 527 1791 graecam
558 1712 700 1793 linguam
730 1712 769 1775 sd
792 1709 971 1775 faciliorem
1002 1711 1166 1774 seientiam

62 1817 177 1874 amicae
194 1813 396 1893 sanctitatis;
428 1831 487 1892 per
506 1831 587 1894 quas
608 1813 811 1878 manifestam
834 1813 910 1876 iacit
930 1811 1015 1875 idem
1037 1813 1167 1891 religio·

60 1911 193 1975 uuluam
216 1911 365 1991 vigilios,
381 1915 468 2002 qoosl
491 1933 549 1996 per
572 1921 675 1978 totum
698 1922 837 1993 tempus,
851 1912 1041 1977 eorumdem
1066 1913 1167 1978 trinus

60 2011 278 2094 Capitulorum
300 2027 473 2080 avertatur
493 2017 688 2098 impietatem
709 2023 806 2080 etc.»

131 2114 223 2192 Quae
239 2118 345 2181 omnis
360 2119 606 2198 comprobantes
628 2118 740 2181 Patres
753 2115 900 2191 Caecilii,
917 2117 1101 2182 summatim
1117 2134 1169 2180 ce·

61 2217 156 2294 petitis
170 2236 256 2298 quae
271 2229 363 2282 autea
384 2217 526 2284 discussa
539 2227 627 2295 snut,
642 2219 796 2284 iuluccm
811 2219 913 2281 erutis
937 2223 1083 2282 aeterum
1101 2235 1169 2282 mo·

61 2319 211 2394 uiuentis,
227 2318 449 2401 lacteamque
463 2313 682 2386 consentaneis
704 2321 833 2383 omnino
854 2321 1010 2400 repertis:
1027 2335 1168 2400 comque

61 2415 183 2496 insuper
203 2421 495 2500 compertissimum
517 2421 562 2485 eis
578 2421 723 2485 habitum
745 2421 857 2496 tuerit,
881 2421 980 2483 ulum
1000 2419 1169 2499 capitulo·
1257 2431 1262 2438 '

60 2534 125 2581 rom
144 2521 383 2585 damustionem
408 2524 441 2586 in
461 2523 562 2587 nihilo
595 2521 832 2586 delinitionibus
863 2521 993 2586 obstare
1023 2528 1167 2604 quatuor

60 2615 256 2698 Spaosloruua
277 2623 498 2704 generalium
513 2626 652 2704 acceptis
674 2625 789 2687 lacrum
803 2623 1033 2700 sanctionibus,
1056 2640 1167 2688 omnes

59 2729 88 2782 ct
104 2722 231 2802 singuli,
255 2725 380 2788 nemine
400 2725 522 2802 insito,
544 2735 632 2790 certa
653 2727 797 2800 seleutia,
827 2724 941 2804 sponte
962 2733 995 2788 et
1014 2724 1168 2788 alacriter

60 2817 170 2886 horum
184 2822 414 2903 capitulorum
438 2828 633 2890 soatoematt
652 2825 924 2905 subscripserunt.
937 2824 1024 2901 Quia
1046 2831 1166 2898 tamen,

58 2929 92 2984 ut
108 2925 236 3005 asapius
256 2925 379 2990 tlictuns
399 2933 460 3002 est,
481 2929 513 2990 io
535 2927 633 3008 hujus
653 2924 787 2992 Concilii
807 2925 887 2988 actis
907 2942 927 2989 a
947 2925 1106 3006 principio
1125 2923 1166 2989 sd
1186 2914 1189 2924 ’
1233 2991 1244 3010 ,

59 3021 158 3103 luem,
175 3028 347 3108 vestigium
362 3027 494 3108 sliquotl
511 3037 666 3109 appareat
681 3027 903 3108 perplexitatis
918 3025 1092 3102 Pontiiloia,
1108 3043 1168 3091 uos

59 3127 154 3192 molto
176 3129 284 3193 minus
305 3129 590 3209 contradictionis;
608 3131 703 3193 sicuti
724 3145 783 3190 nec
797 3127 839 3191 ibi
860 3129 1005 3192 iuvenire
1019 3133 1068 3193 ast
1087 3126 1168 3189 intll-

57 3227 136 3292 ciom
157 3231 356 3312 quaestionis
375 3231 592 3312 origenianae,
608 3249 667 3294 nec
686 3228 786 3309 hujus
805 3227 1017 3292 damnationis
1036 3229 1105 3291 sisa
1124 3245 1167 3292 ex

59 3323 225 3396 iustiniani
240 3332 366 3409 edictis,
389 3332 441 3398 sel
453 3351 496 3397 ex
516 3330 680 3396 Pontificis
699 3328 854 3410 epistolis,
877 3345 936 3393 seu
957 3346 1000 3392 ex
1018 3325 1167 3418 Patribus

56 3425 159 3510 simul,
183 3437 244 3498 sut
263 3433 411 3512 mortim,
433 3432 466 3497 iu
483 3429 614 3516 syuodo
634 3427 829 3513 dijudicandi
850 3443 948 3494 cauas
969 3425 1163 3508 propositae.

452 3787 768 3844 -οψοι-
