<?xml version="1.0" encoding="UTF-8"?>
<!DOCTYPE html PUBLIC "-//W3C//DTD XHTML 1.0 Transitional//EN"
    "http://www.w3.org/TR/xhtml1/DTD/xhtml1-transitional.dtd">
<html xmlns="http://www.w3.org/1999/xhtml" xml:lang="en" lang="en">
 <head>
  <title>
</title>
<meta http-equiv="Content-Type" content="text/html;charset=utf-8" />
  <meta name='ocr-system' content='tesseract 3.04.00' />
  <meta name='ocr-capabilities' content='ocr_page ocr_carea ocr_par ocr_line ocrx_word'/>
</head>
<body>
  <div class='ocr_page' id='page_1' title='image "./insgregoriinyss01vincgoog/insgregoriinyss01vincgoog_0520.png"; bbox 0 0 3048 4946; ppageno 0'>
   <div class='ocr_carea' id='block_1_1' title="bbox 1018 387 1183 503">
    <p class='ocr_par' dir='ltr' id='par_1_1' title="bbox 1018 387 1183 503">
     <span class='ocr_line' id='line_1_1' title="bbox 1018 387 1183 503; baseline 0.012 -37"><span class='ocrx_word' id='word_1_1' title='bbox 1018 495 1022 503; x_wconf 87' lang='lat'><strong>.</strong></span> <span class='ocrx_word' id='word_1_2' title='bbox 1123 387 1183 468; x_wconf 78' lang='lat' dir='ltr'><strong>sm·</strong></span> 
     </span>
    </p>
   </div>
   <div class='ocr_carea' id='block_1_2' title="bbox 505 498 747 572">
    <p class='ocr_par' dir='ltr' id='par_1_2' title="bbox 505 498 747 572">
     <span class='ocr_line' id='line_1_2' title="bbox 505 498 747 572; baseline -0.017 -1"><span class='ocrx_word' id='word_1_3' title='bbox 505 498 645 572; x_wconf 78' lang='lat' dir='ltr'><strong>estut</strong></span> <span class='ocrx_word' id='word_1_4' title='bbox 678 500 747 568; x_wconf 78' lang='lat' dir='ltr'><strong>XV.</strong></span> 
     </span>
    </p>
   </div>
   <div class='ocr_carea' id='block_1_3' title="bbox 76 703 1188 1093">
    <p class='ocr_par' dir='ltr' id='par_1_3' title="bbox 76 703 1188 1093">
     <span class='ocr_line' id='line_1_3' title="bbox 76 703 1188 791; baseline -0.001 -21"><span class='ocrx_word' id='word_1_5' title='bbox 76 703 227 770; x_wconf 66' lang='lat' dir='ltr'><strong>reuisere·</strong></span> <span class='ocrx_word' id='word_1_6' title='bbox 245 705 350 770; x_wconf 79' lang='lat' dir='ltr'><strong>scotto</strong></span> <span class='ocrx_word' id='word_1_7' title='bbox 370 706 556 785; x_wconf 72' lang='lat' dir='ltr'><strong>ditosrstssr,</strong></span> <span class='ocrx_word' id='word_1_8' title='bbox 576 726 658 791; x_wconf 74' lang='lat' dir='ltr'><strong>quoe</strong></span> <span class='ocrx_word' id='word_1_9' title='bbox 674 703 1055 772; x_wconf 63' lang='lat' dir='ltr'><strong>warnestunense</strong></span> <span class='ocrx_word' id='word_1_10' title='bbox 1078 706 1188 788; x_wconf 75' lang='lat' dir='ltr'><strong>objicit</strong></span> 
     </span>
     <span class='ocr_line' id='line_1_4' title="bbox 107 806 1186 874; baseline 0.001 -3"><span class='ocrx_word' id='word_1_11' title='bbox 107 807 142 872; x_wconf 82' lang='lat' dir='ltr'><strong>in</strong></span> <span class='ocrx_word' id='word_1_12' title='bbox 164 806 254 872; x_wconf 74' lang='lat' dir='ltr'><strong>Libro</strong></span> <span class='ocrx_word' id='word_1_13' title='bbox 274 807 297 872; x_wconf 83' lang='lat'><em>1</em></span> <span class='ocrx_word' id='word_1_14' title='bbox 302 807 330 871; x_wconf 78' lang='lat' dir='ltr'><strong>V.</strong></span> <span class='ocrx_word' id='word_1_15' title='bbox 353 817 382 872; x_wconf 85' lang='lat' dir='ltr'><strong>et</strong></span> <span class='ocrx_word' id='word_1_16' title='bbox 401 809 439 872; x_wconf 79' lang='lat' dir='ltr'><strong>ao</strong></span> <span class='ocrx_word' id='word_1_17' title='bbox 459 810 562 874; x_wconf 73' lang='lat' dir='ltr'><strong>wdsm</strong></span> <span class='ocrx_word' id='word_1_18' title='bbox 583 808 728 874; x_wconf 66' lang='lat' dir='ltr'><strong>docuero</strong></span> <span class='ocrx_word' id='word_1_19' title='bbox 747 807 783 872; x_wconf 84' lang='lat' dir='ltr'><strong>is</strong></span> <span class='ocrx_word' id='word_1_20' title='bbox 802 810 903 872; x_wconf 84' lang='lat' dir='ltr'><strong>nitere</strong></span> <span class='ocrx_word' id='word_1_21' title='bbox 922 807 1016 873; x_wconf 75' lang='lat' dir='ltr'><strong>Liiro</strong></span> <span class='ocrx_word' id='word_1_22' title='bbox 1035 810 1186 874; x_wconf 69' lang='lat' dir='ltr'><strong>edomans</strong></span> 
     </span>
     <span class='ocr_line' id='line_1_5' title="bbox 109 907 1186 994; baseline -0.001 -20"><span class='ocrx_word' id='word_1_23' title='bbox 109 908 488 984; x_wconf 64' lang='lat' dir='ltr'><strong>rememorantes</strong></span> <span class='ocrx_word' id='word_1_24' title='bbox 508 910 627 976; x_wconf 84' lang='lat' dir='ltr'><strong>coitcto</strong></span> <span class='ocrx_word' id='word_1_25' title='bbox 643 907 827 994; x_wconf 78' lang='lat' dir='ltr'><strong>praemissis</strong></span> <span class='ocrx_word' id='word_1_26' title='bbox 847 910 936 976; x_wconf 81' lang='lat' dir='ltr'><strong>circu</strong></span> <span class='ocrx_word' id='word_1_27' title='bbox 954 907 1019 976; x_wconf 83' lang='lat' dir='ltr'><strong>trio</strong></span> <span class='ocrx_word' id='word_1_28' title='bbox 1033 911 1186 994; x_wconf 76' lang='lat' dir='ltr'><strong>praesuta</strong></span> 
     </span>
     <span class='ocr_line' id='line_1_6' title="bbox 114 1007 573 1093; baseline 0.002 -20"><span class='ocrx_word' id='word_1_29' title='bbox 114 1007 254 1093; x_wconf 74' lang='lat' dir='ltr'><strong>Cupirsiu</strong></span> <span class='ocrx_word' id='word_1_30' title='bbox 272 1009 573 1091; x_wconf 74' lang='lat' dir='ltr'><strong>isoestipstr&#39;oss&#39;irss.</strong></span> 
     </span>
    </p>
   </div>
   <div class='ocr_carea' id='block_1_4' title="bbox 38 1253 1258 4320">
    <p class='ocr_par' dir='ltr' id='par_1_4' title="bbox 38 1253 1258 4320">
     <span class='ocr_line' id='line_1_7' title="bbox 74 1253 1223 1402; baseline 0.002 -27"><span class='ocrx_word' id='word_1_31' title='bbox 74 1253 163 1377; x_wconf 80' lang='lat' dir='ltr'><strong>Post</strong></span> <span class='ocrx_word' id='word_1_32' title='bbox 177 1315 257 1379; x_wconf 86' lang='lat' dir='ltr'><strong>isaeo</strong></span> <span class='ocrx_word' id='word_1_33' title='bbox 275 1313 481 1394; x_wconf 76' lang='lat' dir='ltr'><strong>expendendo</strong></span> <span class='ocrx_word' id='word_1_34' title='bbox 498 1315 654 1380; x_wconf 76' lang='lat' dir='ltr'><strong>secedunt</strong></span> <span class='ocrx_word' id='word_1_35' title='bbox 669 1333 750 1397; x_wconf 84' lang='lat' dir='ltr'><strong>quus</strong></span> <span class='ocrx_word' id='word_1_36' title='bbox 771 1317 838 1398; x_wconf 85' lang='lat' dir='ltr'><strong>ipse</strong></span> <span class='ocrx_word' id='word_1_37' title='bbox 855 1314 1026 1380; x_wconf 73' lang='lat' dir='ltr'><strong>Facundus</strong></span> <span class='ocrx_word' id='word_1_38' title='bbox 1043 1321 1130 1378; x_wconf 88' lang='lat' dir='ltr'><strong>notat</strong></span> <span class='ocrx_word' id='word_1_39' title='bbox 1143 1315 1183 1377; x_wconf 81' lang='lat' dir='ltr'><strong>cte</strong></span> <span class='ocrx_word' id='word_1_40' title='bbox 1220 1393 1223 1402; x_wconf 30' lang='grc'>1</span> 
     </span>
     <span class='ocr_line' id='line_1_8' title="bbox 72 1412 1181 1499; baseline 0 -22"><span class='ocrx_word' id='word_1_41' title='bbox 72 1412 202 1480; x_wconf 74' lang='lat' dir='ltr'><strong>instent</strong></span> <span class='ocrx_word' id='word_1_42' title='bbox 225 1417 360 1481; x_wconf 85' lang='lat' dir='ltr'><strong>historia</strong></span> <span class='ocrx_word' id='word_1_43' title='bbox 381 1417 661 1482; x_wconf 84' lang='lat' dir='ltr'><strong>circumsteotinss</strong></span> <span class='ocrx_word' id='word_1_44' title='bbox 677 1435 825 1499; x_wconf 83' lang='lat' dir='ltr'><strong>quosque</strong></span> <span class='ocrx_word' id='word_1_45' title='bbox 847 1435 1007 1498; x_wconf 85' lang='lat' dir='ltr'><strong>prosuae</strong></span> <span class='ocrx_word' id='word_1_46' title='bbox 1029 1416 1181 1498; x_wconf 84' lang='lat' dir='ltr'><strong>pertidiac</strong></span> 
     </span>
     <span class='ocr_line' id='line_1_9' title="bbox 71 1515 1179 1600; baseline 0 -22"><span class='ocrx_word' id='word_1_47' title='bbox 71 1533 154 1580; x_wconf 87' lang='lat' dir='ltr'><strong>more</strong></span> <span class='ocrx_word' id='word_1_48' title='bbox 168 1517 413 1599; x_wconf 62' lang='lat' dir='ltr'><strong>interpreatur.</strong></span> <span class='ocrx_word' id='word_1_49' title='bbox 437 1517 507 1584; x_wconf 83' lang='lat' dir='ltr'><strong>iise</strong></span> <span class='ocrx_word' id='word_1_50' title='bbox 522 1537 621 1600; x_wconf 88' lang='lat' dir='ltr'><strong>porro</strong></span> <span class='ocrx_word' id='word_1_51' title='bbox 642 1537 683 1583; x_wconf 81' lang='lat' dir='ltr'><strong>er</strong></span> <span class='ocrx_word' id='word_1_52' title='bbox 706 1518 909 1582; x_wconf 78' lang='lat' dir='ltr'><strong>Praetuttooe</strong></span> <span class='ocrx_word' id='word_1_53' title='bbox 924 1519 1121 1600; x_wconf 77' lang='lat' dir='ltr'><strong>cotiigentor</strong></span> <span class='ocrx_word' id='word_1_54' title='bbox 1139 1515 1179 1579; x_wconf 76' lang='lat' dir='ltr'><strong>ui</strong></span> 
     </span>
     <span class='ocr_line' id='line_1_10' title="bbox 72 1616 1184 1699; baseline 0.002 -20"><span class='ocrx_word' id='word_1_55' title='bbox 72 1616 295 1694; x_wconf 83' lang='lat' dir='ltr'><strong>iustiniaunm,</strong></span> <span class='ocrx_word' id='word_1_56' title='bbox 316 1637 357 1684; x_wconf 81' lang='lat' dir='ltr'><strong>en</strong></span> <span class='ocrx_word' id='word_1_57' title='bbox 379 1637 426 1685; x_wconf 88' lang='lat' dir='ltr'><strong>cc.</strong></span> <span class='ocrx_word' id='word_1_58' title='bbox 446 1619 505 1684; x_wconf 89' lang='grc'>111.</span> <span class='ocrx_word' id='word_1_59' title='bbox 529 1617 583 1684; x_wconf 75' lang='grc' dir='ltr'><strong>Ν.</strong></span> <span class='ocrx_word' id='word_1_60' title='bbox 599 1619 688 1684; x_wconf 84' lang='lat' dir='ltr'><strong>Libri</strong></span> <span class='ocrx_word' id='word_1_61' title='bbox 710 1618 766 1683; x_wconf 86' lang='lat' dir='ltr'><strong>tv.</strong></span> <span class='ocrx_word' id='word_1_62' title='bbox 782 1628 814 1683; x_wconf 90' lang='lat' dir='ltr'><strong>et</strong></span> <span class='ocrx_word' id='word_1_63' title='bbox 825 1621 1029 1699; x_wconf 86' lang='lat' dir='ltr'><strong>potissimum</strong></span> <span class='ocrx_word' id='word_1_64' title='bbox 1051 1639 1092 1683; x_wconf 83' lang='lat' dir='ltr'><strong>ox</strong></span> <span class='ocrx_word' id='word_1_65' title='bbox 1113 1637 1184 1698; x_wconf 90' lang='lat' dir='ltr'><strong>spc-</strong></span> 
     </span>
     <span class='ocr_line' id='line_1_11' title="bbox 72 1718 1184 1802; baseline 0.002 -22"><span class='ocrx_word' id='word_1_66' title='bbox 72 1719 138 1783; x_wconf 85' lang='lat' dir='ltr'><strong>ctatt</strong></span> <span class='ocrx_word' id='word_1_67' title='bbox 154 1718 255 1785; x_wconf 82' lang='lat' dir='ltr'><strong>Libro</strong></span> <span class='ocrx_word' id='word_1_68' title='bbox 270 1720 428 1787; x_wconf 79' lang='lat' dir='ltr'><strong>adsersus</strong></span> <span class='ocrx_word' id='word_1_69' title='bbox 439 1721 637 1788; x_wconf 78' lang='lat' dir='ltr'><strong>Mucianum.</strong></span> <span class='ocrx_word' id='word_1_70' title='bbox 656 1721 701 1786; x_wconf 85' lang='lat' dir='ltr'><strong>ita</strong></span> <span class='ocrx_word' id='word_1_71' title='bbox 718 1739 856 1802; x_wconf 80' lang='lat' dir='ltr'><strong>namque</strong></span> <span class='ocrx_word' id='word_1_72' title='bbox 877 1722 917 1784; x_wconf 86' lang='lat' dir='ltr'><strong>eb</strong></span> <span class='ocrx_word' id='word_1_73' title='bbox 930 1722 1020 1784; x_wconf 89' lang='lat' dir='ltr'><strong>initio</strong></span> <span class='ocrx_word' id='word_1_74' title='bbox 1034 1721 1184 1800; x_wconf 78' lang='lat' dir='ltr'><strong>tonnitor</strong></span> 
     </span>
     <span class='ocr_line' id='line_1_12' title="bbox 71 1819 1184 1908; baseline 0.003 -28"><span class='ocrx_word' id='word_1_75' title='bbox 71 1819 106 1880; x_wconf 83' lang='lat' dir='ltr'><strong>ad</strong></span> <span class='ocrx_word' id='word_1_76' title='bbox 133 1819 383 1902; x_wconf 74' lang='lat' dir='ltr'><strong>imperatorem:</strong></span> <span class='ocrx_word' id='word_1_77' title='bbox 404 1823 519 1890; x_wconf 78' lang='lat' dir='ltr'><strong>«Cum</strong></span> <span class='ocrx_word' id='word_1_78' title='bbox 543 1827 576 1887; x_wconf 92' lang='lat' dir='ltr'><strong>in</strong></span> <span class='ocrx_word' id='word_1_79' title='bbox 600 1825 836 1908; x_wconf 76' lang='lat' dir='ltr'><strong>praeiudicium</strong></span> <span class='ocrx_word' id='word_1_80' title='bbox 857 1821 1102 1887; x_wconf 86' lang='lat' dir='ltr'><strong>senctiCoociiii</strong></span> <span class='ocrx_word' id='word_1_81' title='bbox 1116 1822 1184 1884; x_wconf 85' lang='lat' dir='ltr'><strong>eei-</strong></span> 
     </span>
     <span class='ocr_line' id='line_1_13' title="bbox 70 1920 1184 2006; baseline 0 -23"><span class='ocrx_word' id='word_1_82' title='bbox 70 1920 274 1988; x_wconf 78' lang='lat' dir='ltr'><strong>rhedonensis</strong></span> <span class='ocrx_word' id='word_1_83' title='bbox 290 1923 531 2004; x_wconf 69' lang='lat' dir='ltr'><strong>immgnstores</strong></span> <span class='ocrx_word' id='word_1_84' title='bbox 545 1925 616 2006; x_wconf 80' lang='lat' dir='ltr'><strong>eins</strong></span> <span class='ocrx_word' id='word_1_85' title='bbox 631 1923 778 2005; x_wconf 76' lang='lat' dir='ltr'><strong>acephali</strong></span> <span class='ocrx_word' id='word_1_86' title='bbox 792 1941 852 2004; x_wconf 90' lang='lat' dir='ltr'><strong>per</strong></span> <span class='ocrx_word' id='word_1_87' title='bbox 867 1923 1024 2004; x_wconf 76' lang='lat' dir='ltr'><strong>quostiam</strong></span> <span class='ocrx_word' id='word_1_88' title='bbox 1037 1922 1184 2001; x_wconf 86' lang='lat' dir='ltr'><strong>subripe·</strong></span> 
     </span>
     <span class='ocr_line' id='line_1_14' title="bbox 70 2020 1182 2105; baseline 0.005 -25"><span class='ocrx_word' id='word_1_89' title='bbox 70 2027 146 2097; x_wconf 87' lang='lat' dir='ltr'><strong>rent,</strong></span> <span class='ocrx_word' id='word_1_90' title='bbox 160 2029 198 2086; x_wconf 91' lang='lat' dir='ltr'><strong>ut</strong></span> <span class='ocrx_word' id='word_1_91' title='bbox 220 2020 365 2102; x_wconf 72' lang='lat' dir='ltr'><strong>Epistola</strong></span> <span class='ocrx_word' id='word_1_92' title='bbox 390 2022 464 2087; x_wconf 84' lang='lat' dir='ltr'><strong>ibae</strong></span> <span class='ocrx_word' id='word_1_93' title='bbox 480 2024 623 2088; x_wconf 83' lang='lat' dir='ltr'><strong>edesseni</strong></span> <span class='ocrx_word' id='word_1_94' title='bbox 644 2025 799 2104; x_wconf 76' lang='lat' dir='ltr'><strong>episcopi,</strong></span> <span class='ocrx_word' id='word_1_95' title='bbox 814 2042 911 2105; x_wconf 84' lang='lat' dir='ltr'><strong>quem</strong></span> <span class='ocrx_word' id='word_1_96' title='bbox 934 2023 974 2086; x_wconf 82' lang='lat' dir='ltr'><strong>ed</strong></span> <span class='ocrx_word' id='word_1_97' title='bbox 991 2039 1025 2086; x_wconf 89' lang='lat' dir='ltr'><strong>se</strong></span> <span class='ocrx_word' id='word_1_98' title='bbox 1043 2023 1182 2086; x_wconf 83' lang='lat' dir='ltr'><strong>delatam</strong></span> 
     </span>
     <span class='ocr_line' id='line_1_15' title="bbox 68 2119 1182 2210; baseline 0.002 -28"><span class='ocrx_word' id='word_1_99' title='bbox 68 2131 241 2186; x_wconf 85' lang='lat' dir='ltr'><strong>memoratu</strong></span> <span class='ocrx_word' id='word_1_100' title='bbox 260 2119 411 2210; x_wconf 73' lang='lat' dir='ltr'><strong>synodus</strong></span> <span class='ocrx_word' id='word_1_101' title='bbox 439 2125 634 2190; x_wconf 83' lang='lat' dir='ltr'><strong>catholicum</strong></span> <span class='ocrx_word' id='word_1_102' title='bbox 653 2124 832 2207; x_wconf 48' lang='lat' dir='ltr'><strong>lodicum&amp;</strong></span> <span class='ocrx_word' id='word_1_103' title='bbox 861 2123 915 2188; x_wconf 82' lang='lat' dir='ltr'><strong>sci</strong></span> <span class='ocrx_word' id='word_1_104' title='bbox 938 2131 971 2188; x_wconf 90' lang='lat' dir='ltr'><strong>et</strong></span> <span class='ocrx_word' id='word_1_105' title='bbox 991 2121 1182 2186; x_wconf 80' lang='lat' dir='ltr'><strong>Theodorus</strong></span> 
     </span>
     <span class='ocr_line' id='line_1_16' title="bbox 70 2221 1183 2308; baseline 0.002 -26"><span class='ocrx_word' id='word_1_106' title='bbox 70 2231 321 2304; x_wconf 70' lang='lat' dir='ltr'><strong>mopsuestenus,</strong></span> <span class='ocrx_word' id='word_1_107' title='bbox 336 2225 473 2308; x_wconf 83' lang='lat' dir='ltr'><strong>ejusque</strong></span> <span class='ocrx_word' id='word_1_108' title='bbox 487 2225 646 2302; x_wconf 81' lang='lat' dir='ltr'><strong>doctrine,</strong></span> <span class='ocrx_word' id='word_1_109' title='bbox 662 2243 747 2307; x_wconf 85' lang='lat' dir='ltr'><strong>quoe</strong></span> <span class='ocrx_word' id='word_1_110' title='bbox 768 2225 925 2289; x_wconf 81' lang='lat' dir='ltr'><strong>tuentem</strong></span> <span class='ocrx_word' id='word_1_111' title='bbox 941 2221 1084 2306; x_wconf 85' lang='lat' dir='ltr'><strong>Epistotn</strong></span> <span class='ocrx_word' id='word_1_112' title='bbox 1107 2222 1183 2284; x_wconf 81' lang='lat' dir='ltr'><strong>tore</strong></span> 
     </span>
     <span class='ocr_line' id='line_1_17' title="bbox 66 2322 1182 2416; baseline 0.004 -33"><span class='ocrx_word' id='word_1_113' title='bbox 66 2322 190 2388; x_wconf 79' lang='lat' dir='ltr'><strong>tantem</strong></span> <span class='ocrx_word' id='word_1_114' title='bbox 211 2332 282 2402; x_wconf 90' lang='lat' dir='ltr'><strong>est,</strong></span> <span class='ocrx_word' id='word_1_115' title='bbox 304 2331 367 2390; x_wconf 81' lang='lat' dir='ltr'><strong>ueo&#39;</strong></span> <span class='ocrx_word' id='word_1_116' title='bbox 383 2343 447 2390; x_wconf 86' lang='lat' dir='ltr'><strong>usu</strong></span> <span class='ocrx_word' id='word_1_117' title='bbox 466 2333 499 2390; x_wconf 85' lang='lat' dir='ltr'><strong>ct</strong></span> <span class='ocrx_word' id='word_1_118' title='bbox 519 2325 678 2407; x_wconf 77' lang='lat' dir='ltr'><strong>quaedem</strong></span> <span class='ocrx_word' id='word_1_119' title='bbox 699 2324 896 2390; x_wconf 70' lang='lat' dir='ltr'><strong>theodoreti</strong></span> <span class='ocrx_word' id='word_1_120' title='bbox 917 2323 1012 2416; x_wconf 66' lang='lat' dir='ltr'><strong>Cyrri</strong></span> <span class='ocrx_word' id='word_1_121' title='bbox 1039 2325 1182 2403; x_wconf 84' lang='lat' dir='ltr'><strong>episcopi</strong></span> 
     </span>
     <span class='ocr_line' id='line_1_18' title="bbox 38 2420 1183 2507; baseline 0.003 -23"><span class='ocrx_word' id='word_1_122' title='bbox 38 2436 43 2448; x_wconf 80' lang='grc'><strong>“</strong></span> <span class='ocrx_word' id='word_1_123' title='bbox 67 2420 197 2504; x_wconf 83' lang='lat' dir='ltr'><strong>Scripta,</strong></span> <span class='ocrx_word' id='word_1_124' title='bbox 210 2425 314 2507; x_wconf 83' lang='lat' dir='ltr'><strong>quiin</strong></span> <span class='ocrx_word' id='word_1_125' title='bbox 328 2426 495 2507; x_wconf 81' lang='lat' dir='ltr'><strong>praetioso</strong></span> <span class='ocrx_word' id='word_1_126' title='bbox 506 2426 750 2492; x_wconf 82' lang='lat' dir='ltr'><strong>calchedonensi</strong></span> <span class='ocrx_word' id='word_1_127' title='bbox 763 2427 908 2496; x_wconf 82' lang='lat' dir='ltr'><strong>Concilio</strong></span> <span class='ocrx_word' id='word_1_128' title='bbox 922 2425 1088 2506; x_wconf 87' lang='lat' dir='ltr'><strong>epistolam</strong></span> <span class='ocrx_word' id='word_1_129' title='bbox 1105 2423 1183 2504; x_wconf 75' lang='lat' dir='ltr'><strong>dog·</strong></span> 
     </span>
     <span class='ocr_line' id='line_1_19' title="bbox 67 2525 1181 2608; baseline 0.005 -24"><span class='ocrx_word' id='word_1_130' title='bbox 67 2526 208 2590; x_wconf 80' lang='lat' dir='ltr'><strong>matteum</strong></span> <span class='ocrx_word' id='word_1_131' title='bbox 223 2525 333 2608; x_wconf 79' lang='lat' dir='ltr'><strong>Papae</strong></span> <span class='ocrx_word' id='word_1_132' title='bbox 347 2526 463 2592; x_wconf 82' lang='lat' dir='ltr'><strong>Leonis</strong></span> <span class='ocrx_word' id='word_1_133' title='bbox 477 2531 628 2606; x_wconf 84' lang='lat' dir='ltr'><strong>asseruit,</strong></span> <span class='ocrx_word' id='word_1_134' title='bbox 644 2527 706 2592; x_wconf 84' lang='lat' dir='ltr'><strong>sub</strong></span> <span class='ocrx_word' id='word_1_135' title='bbox 720 2530 922 2594; x_wconf 79' lang='lat' dir='ltr'><strong>anathemate</strong></span> <span class='ocrx_word' id='word_1_136' title='bbox 936 2527 1181 2590; x_wconf 79' lang='lat' dir='ltr'><strong>dnmourentnrs</strong></span> 
     </span>
     <span class='ocr_line' id='line_1_20' title="bbox 66 2623 1181 2710; baseline 0.002 -23"><span class='ocrx_word' id='word_1_137' title='bbox 66 2623 123 2688; x_wconf 80' lang='lat' dir='ltr'><strong>troc</strong></span> <span class='ocrx_word' id='word_1_138' title='bbox 142 2645 226 2708; x_wconf 87' lang='lat' dir='ltr'><strong>opus</strong></span> <span class='ocrx_word' id='word_1_139' title='bbox 240 2629 450 2693; x_wconf 78' lang='lat' dir='ltr'><strong>suadentibus</strong></span> <span class='ocrx_word' id='word_1_140' title='bbox 466 2629 624 2694; x_wconf 84' lang='lat' dir='ltr'><strong>tratribus</strong></span> <span class='ocrx_word' id='word_1_141' title='bbox 643 2629 684 2692; x_wconf 83' lang='lat' dir='ltr'><strong>ad</strong></span> <span class='ocrx_word' id='word_1_142' title='bbox 707 2629 942 2710; x_wconf 85' lang='lat' dir='ltr'><strong>imperatorem</strong></span> <span class='ocrx_word' id='word_1_143' title='bbox 958 2626 1181 2692; x_wconf 76' lang='lat' dir='ltr'><strong>Constantino·</strong></span> 
     </span>
     <span class='ocr_line' id='line_1_21' title="bbox 66 2726 1182 2820; baseline 0.004 -34"><span class='ocrx_word' id='word_1_144' title='bbox 66 2726 127 2805; x_wconf 87' lang='lat' dir='ltr'><strong>poti</strong></span> <span class='ocrx_word' id='word_1_145' title='bbox 148 2730 276 2809; x_wconf 89' lang='lat' dir='ltr'><strong>scripsi.</strong></span> <span class='ocrx_word' id='word_1_146' title='bbox 301 2728 376 2807; x_wconf 87' lang='lat' dir='ltr'><strong>Quo</strong></span> <span class='ocrx_word' id='word_1_147' title='bbox 397 2730 541 2820; x_wconf 77' lang='lat' dir='ltr'><strong>noudum</strong></span> <span class='ocrx_word' id='word_1_148' title='bbox 562 2731 652 2796; x_wconf 86' lang='lat' dir='ltr'><strong>tinito</strong></span> <span class='ocrx_word' id='word_1_149' title='bbox 666 2739 699 2795; x_wconf 87' lang='lat' dir='ltr'><strong>et</strong></span> <span class='ocrx_word' id='word_1_150' title='bbox 719 2737 930 2811; x_wconf 74' lang='lat' dir='ltr'><strong>pertractato,</strong></span> <span class='ocrx_word' id='word_1_151' title='bbox 953 2729 1112 2792; x_wconf 82' lang='lat' dir='ltr'><strong>adductus</strong></span> <span class='ocrx_word' id='word_1_152' title='bbox 1133 2735 1182 2791; x_wconf 91' lang='lat' dir='ltr'><strong>est</strong></span> 
     </span>
     <span class='ocr_line' id='line_1_22' title="bbox 65 2822 1181 2913; baseline 0.001 -24"><span class='ocrx_word' id='word_1_153' title='bbox 65 2822 226 2894; x_wconf 85' lang='lat' dir='ltr'><strong>Itomsons</strong></span> <span class='ocrx_word' id='word_1_154' title='bbox 250 2827 445 2911; x_wconf 75' lang='lat' dir='ltr'><strong>Episcopusr</strong></span> <span class='ocrx_word' id='word_1_155' title='bbox 462 2833 493 2894; x_wconf 92' lang='lat' dir='ltr'><strong>tu</strong></span> <span class='ocrx_word' id='word_1_156' title='bbox 508 2831 603 2913; x_wconf 85' lang='lat' dir='ltr'><strong>enjus</strong></span> <span class='ocrx_word' id='word_1_157' title='bbox 619 2831 767 2896; x_wconf 85' lang='lat' dir='ltr'><strong>examine</strong></span> <span class='ocrx_word' id='word_1_158' title='bbox 787 2847 863 2894; x_wconf 92' lang='lat' dir='ltr'><strong>cum</strong></span> <span class='ocrx_word' id='word_1_159' title='bbox 885 2831 980 2910; x_wconf 77' lang='lat' dir='ltr'><strong>gestis</strong></span> <span class='ocrx_word' id='word_1_160' title='bbox 998 2845 1100 2908; x_wconf 87' lang='lat' dir='ltr'><strong>super</strong></span> <span class='ocrx_word' id='word_1_161' title='bbox 1119 2829 1181 2890; x_wconf 75' lang='lat' dir='ltr'><strong>iste</strong></span> 
     </span>
     <span class='ocr_line' id='line_1_23' title="bbox 64 2925 1180 3010; baseline 0.003 -21"><span class='ocrx_word' id='word_1_162' title='bbox 64 2943 155 2992; x_wconf 83' lang='lat' dir='ltr'><strong>censs</strong></span> <span class='ocrx_word' id='word_1_163' title='bbox 193 2925 461 3010; x_wconf 76' lang='lat' dir='ltr'><strong>disceptaremus,</strong></span> <span class='ocrx_word' id='word_1_164' title='bbox 492 2933 652 2996; x_wconf 77' lang='lat' dir='ltr'><strong>mediante</strong></span> <span class='ocrx_word' id='word_1_165' title='bbox 685 2929 854 3008; x_wconf 72' lang='lat' dir='ltr'><strong>conflictu,</strong></span> <span class='ocrx_word' id='word_1_166' title='bbox 882 2929 1075 3010; x_wconf 83' lang='lat' dir='ltr'><strong>interrumpi</strong></span> <span class='ocrx_word' id='word_1_167' title='bbox 1106 2935 1180 2993; x_wconf 82' lang='lat' dir='ltr'><strong>acts</strong></span> 
     </span>
     <span class='ocr_line' id='line_1_24' title="bbox 64 3032 1182 3114; baseline 0.004 -23"><span class='ocrx_word' id='word_1_168' title='bbox 64 3033 302 3112; x_wconf 78' lang='lat' dir='ltr'><strong>praecepit3ot</strong></span> <span class='ocrx_word' id='word_1_169' title='bbox 331 3033 374 3096; x_wconf 84' lang='lat' dir='ltr'><strong>sb</strong></span> <span class='ocrx_word' id='word_1_170' title='bbox 404 3033 563 3098; x_wconf 76' lang='lat' dir='ltr'><strong>universis</strong></span> <span class='ocrx_word' id='word_1_171' title='bbox 583 3033 751 3114; x_wconf 87' lang='lat' dir='ltr'><strong>episcopis,</strong></span> <span class='ocrx_word' id='word_1_172' title='bbox 776 3036 833 3114; x_wconf 86' lang='lat' dir='ltr'><strong>qni</strong></span> <span class='ocrx_word' id='word_1_173' title='bbox 865 3032 1053 3109; x_wconf 78' lang='lat' dir='ltr'><strong>oteramus,</strong></span> <span class='ocrx_word' id='word_1_174' title='bbox 1082 3050 1182 3112; x_wconf 77' lang='lat' dir='ltr'><strong>expe·</strong></span> 
     </span>
     <span class='ocr_line' id='line_1_25' title="bbox 65 3129 1182 3215; baseline 0.008 -27"><span class='ocrx_word' id='word_1_175' title='bbox 65 3129 121 3205; x_wconf 89' lang='lat' dir='ltr'><strong>titt,</strong></span> <span class='ocrx_word' id='word_1_176' title='bbox 141 3141 180 3196; x_wconf 90' lang='lat' dir='ltr'><strong>nt</strong></span> <span class='ocrx_word' id='word_1_177' title='bbox 199 3133 325 3214; x_wconf 84' lang='lat' dir='ltr'><strong>scripto</strong></span> <span class='ocrx_word' id='word_1_178' title='bbox 346 3133 484 3215; x_wconf 71' lang='lat' dir='ltr'><strong>qumque</strong></span> <span class='ocrx_word' id='word_1_179' title='bbox 505 3135 729 3214; x_wconf 81' lang='lat' dir='ltr'><strong>responderet,</strong></span> <span class='ocrx_word' id='word_1_180' title='bbox 749 3135 836 3214; x_wconf 81' lang='lat' dir='ltr'><strong>quod</strong></span> <span class='ocrx_word' id='word_1_181' title='bbox 859 3136 888 3199; x_wconf 91' lang='lat' dir='ltr'><strong>ei</strong></span> <span class='ocrx_word' id='word_1_182' title='bbox 910 3133 951 3198; x_wconf 87' lang='lat' dir='ltr'><strong>de</strong></span> <span class='ocrx_word' id='word_1_183' title='bbox 972 3135 1021 3198; x_wconf 82' lang='lat' dir='ltr'><strong>isis</strong></span> <span class='ocrx_word' id='word_1_184' title='bbox 1048 3131 1182 3214; x_wconf 85' lang='lat' dir='ltr'><strong>Capito·</strong></span> 
     </span>
     <span class='ocr_line' id='line_1_26' title="bbox 64 3222 1180 3317; baseline 0.005 -27"><span class='ocrx_word' id='word_1_185' title='bbox 64 3227 100 3293; x_wconf 88' lang='lat' dir='ltr'><strong>tis</strong></span> <span class='ocrx_word' id='word_1_186' title='bbox 115 3231 296 3299; x_wconf 73' lang='lat' dir='ltr'><strong>niteretur.</strong></span> <span class='ocrx_word' id='word_1_187' title='bbox 311 3231 394 3302; x_wconf 85' lang='lat' dir='ltr'><strong>Cum</strong></span> <span class='ocrx_word' id='word_1_188' title='bbox 414 3253 494 3315; x_wconf 71' lang='lat' dir='ltr'><strong>ergo</strong></span> <span class='ocrx_word' id='word_1_189' title='bbox 510 3251 569 3317; x_wconf 91' lang='lat' dir='ltr'><strong>por</strong></span> <span class='ocrx_word' id='word_1_190' title='bbox 589 3237 778 3315; x_wconf 70' lang='lat' dir='ltr'><strong>magistrum</strong></span> <span class='ocrx_word' id='word_1_191' title='bbox 802 3234 983 3300; x_wconf 84' lang='lat' dir='ltr'><strong>officiorum</strong></span> <span class='ocrx_word' id='word_1_192' title='bbox 1006 3233 1067 3298; x_wconf 89' lang='lat' dir='ltr'><strong>sob</strong></span> <span class='ocrx_word' id='word_1_193' title='bbox 1089 3222 1180 3314; x_wconf 73' lang='lat' dir='ltr'><strong>gravi</strong></span> 
     </span>
     <span class='ocr_line' id='line_1_27' title="bbox 63 3333 1181 3417; baseline 0.003 -24"><span class='ocrx_word' id='word_1_194' title='bbox 63 3333 250 3398; x_wconf 82' lang='lat' dir='ltr'><strong>necessitate</strong></span> <span class='ocrx_word' id='word_1_195' title='bbox 280 3335 477 3417; x_wconf 75' lang='lat' dir='ltr'><strong>respondere</strong></span> <span class='ocrx_word' id='word_1_196' title='bbox 508 3337 759 3416; x_wconf 72' lang='lat' dir='ltr'><strong>constringerer,</strong></span> <span class='ocrx_word' id='word_1_197' title='bbox 786 3335 840 3398; x_wconf 81' lang='lat' dir='ltr'><strong>six</strong></span> <span class='ocrx_word' id='word_1_198' title='bbox 860 3335 940 3399; x_wconf 77' lang='lat' dir='ltr'><strong>mitri</strong></span> <span class='ocrx_word' id='word_1_199' title='bbox 960 3341 1082 3414; x_wconf 87' lang='lat' dir='ltr'><strong>septem</strong></span> <span class='ocrx_word' id='word_1_200' title='bbox 1114 3333 1181 3396; x_wconf 87' lang='lat' dir='ltr'><strong>dte·</strong></span> 
     </span>
     <span class='ocr_line' id='line_1_28' title="bbox 62 3434 1113 3520; baseline -0.003 -25"><span class='ocrx_word' id='word_1_201' title='bbox 62 3449 131 3496; x_wconf 85' lang='lat' dir='ltr'><strong>rum</strong></span> <span class='ocrx_word' id='word_1_202' title='bbox 152 3434 304 3500; x_wconf 79' lang='lat' dir='ltr'><strong>induciae</strong></span> <span class='ocrx_word' id='word_1_203' title='bbox 325 3437 527 3513; x_wconf 74' lang='lat' dir='ltr'><strong>intersunt,</strong></span> <span class='ocrx_word' id='word_1_204' title='bbox 550 3438 582 3502; x_wconf 93' lang='lat' dir='ltr'><strong>iu</strong></span> <span class='ocrx_word' id='word_1_205' title='bbox 603 3437 722 3520; x_wconf 88' lang='lat' dir='ltr'><strong>quibos</strong></span> <span class='ocrx_word' id='word_1_206' title='bbox 743 3443 776 3500; x_wconf 91' lang='lat' dir='ltr'><strong>et</strong></span> <span class='ocrx_word' id='word_1_207' title='bbox 796 3444 892 3500; x_wconf 88' lang='lat' dir='ltr'><strong>eraut</strong></span> <span class='ocrx_word' id='word_1_208' title='bbox 911 3435 978 3500; x_wconf 85' lang='lat' dir='ltr'><strong>duo</strong></span> <span class='ocrx_word' id='word_1_209' title='bbox 999 3434 1113 3500; x_wconf 80' lang='lat' dir='ltr'><strong>testi.»</strong></span> 
     </span>
     <span class='ocr_line' id='line_1_29' title="bbox 137 3525 1177 3618; baseline 0.002 -20"><span class='ocrx_word' id='word_1_210' title='bbox 137 3532 262 3602; x_wconf 75' lang='lat' dir='ltr'><strong>neruus</strong></span> <span class='ocrx_word' id='word_1_211' title='bbox 275 3538 307 3602; x_wconf 85' lang='lat' dir='ltr'><strong>iu</strong></span> <span class='ocrx_word' id='word_1_212' title='bbox 321 3536 419 3602; x_wconf 82' lang='lat' dir='ltr'><strong>Libro</strong></span> <span class='ocrx_word' id='word_1_213' title='bbox 435 3535 490 3602; x_wconf 87' lang='lat' dir='ltr'><strong>tv.</strong></span> <span class='ocrx_word' id='word_1_214' title='bbox 514 3538 553 3601; x_wconf 87' lang='lat' dir='ltr'><strong>sd</strong></span> <span class='ocrx_word' id='word_1_215' title='bbox 570 3539 632 3601; x_wconf 81' lang='lat' dir='ltr'><strong>hoc</strong></span> <span class='ocrx_word' id='word_1_216' title='bbox 654 3537 738 3600; x_wconf 77' lang='lat' dir='ltr'><strong>restit</strong></span> <span class='ocrx_word' id='word_1_217' title='bbox 761 3525 990 3618; x_wconf 76' lang='lat' dir='ltr'><strong>argumentum</strong></span> <span class='ocrx_word' id='word_1_218' title='bbox 1015 3536 1177 3600; x_wconf 74' lang='lat' dir='ltr'><strong>scribones</strong></span> 
     </span>
     <span class='ocr_line' id='line_1_30' title="bbox 62 3625 1181 3720; baseline 0.001 -21"><span class='ocrx_word' id='word_1_219' title='bbox 62 3633 161 3702; x_wconf 75' lang='lat' dir='ltr'><strong>ense</strong></span> <span class='ocrx_word' id='word_1_220' title='bbox 180 3645 233 3702; x_wconf 89' lang='lat' dir='ltr'><strong>est</strong></span> <span class='ocrx_word' id='word_1_221' title='bbox 245 3645 356 3703; x_wconf 87' lang='lat' dir='ltr'><strong>autem</strong></span> <span class='ocrx_word' id='word_1_222' title='bbox 377 3639 539 3716; x_wconf 79' lang='lat' dir='ltr'><strong>mirabite,</strong></span> <span class='ocrx_word' id='word_1_223' title='bbox 556 3645 594 3702; x_wconf 92' lang='lat' dir='ltr'><strong>nt</strong></span> <span class='ocrx_word' id='word_1_224' title='bbox 614 3645 784 3720; x_wconf 84' lang='lat' dir='ltr'><strong>postquam</strong></span> <span class='ocrx_word' id='word_1_225' title='bbox 802 3639 920 3702; x_wconf 85' lang='lat' dir='ltr'><strong>horum</strong></span> <span class='ocrx_word' id='word_1_226' title='bbox 940 3625 1181 3702; x_wconf 81' lang='lat' dir='ltr'><strong>contemnetio·</strong></span> 
     </span>
     <span class='ocr_line' id='line_1_31' title="bbox 61 3735 1180 3819; baseline 0.003 -22"><span class='ocrx_word' id='word_1_227' title='bbox 61 3750 129 3798; x_wconf 86' lang='lat' dir='ltr'><strong>nem</strong></span> <span class='ocrx_word' id='word_1_228' title='bbox 151 3737 314 3814; x_wconf 86' lang='lat' dir='ltr'><strong>iecerunt,</strong></span> <span class='ocrx_word' id='word_1_229' title='bbox 336 3738 494 3813; x_wconf 78' lang='lat' dir='ltr'><strong>dicerent,</strong></span> <span class='ocrx_word' id='word_1_230' title='bbox 516 3737 604 3819; x_wconf 81' lang='lat' dir='ltr'><strong>quoi</strong></span> <span class='ocrx_word' id='word_1_231' title='bbox 633 3737 809 3802; x_wconf 83' lang='lat' dir='ltr'><strong>Ecclesiam</strong></span> <span class='ocrx_word' id='word_1_232' title='bbox 831 3735 1010 3802; x_wconf 81' lang='lat' dir='ltr'><strong>Romanam</strong></span> <span class='ocrx_word' id='word_1_233' title='bbox 1030 3737 1180 3802; x_wconf 86' lang='lat' dir='ltr'><strong>consule·</strong></span> 
     </span>
     <span class='ocr_line' id='line_1_32' title="bbox 61 3835 1258 3921; baseline 0.002 -24"><span class='ocrx_word' id='word_1_234' title='bbox 61 3845 143 3912; x_wconf 87' lang='lat' dir='ltr'><strong>rent,</strong></span> <span class='ocrx_word' id='word_1_235' title='bbox 166 3846 201 3901; x_wconf 87' lang='lat' dir='ltr'><strong>et</strong></span> <span class='ocrx_word' id='word_1_236' title='bbox 228 3839 417 3904; x_wconf 85' lang='lat' dir='ltr'><strong>seutentiam</strong></span> <span class='ocrx_word' id='word_1_237' title='bbox 442 3835 550 3918; x_wconf 77' lang='lat' dir='ltr'><strong>vigilii</strong></span> <span class='ocrx_word' id='word_1_238' title='bbox 571 3837 643 3920; x_wconf 78' lang='lat' dir='ltr'><strong>ejus</strong></span> <span class='ocrx_word' id='word_1_239' title='bbox 664 3837 823 3918; x_wconf 85' lang='lat' dir='ltr'><strong>praesolis</strong></span> <span class='ocrx_word' id='word_1_240' title='bbox 851 3842 1084 3921; x_wconf 73' lang='lat' dir='ltr'><strong>expectarents</strong></span> <span class='ocrx_word' id='word_1_241' title='bbox 1112 3837 1178 3912; x_wconf 90' lang='lat' dir='ltr'><strong>eoi,</strong></span> <span class='ocrx_word' id='word_1_242' title='bbox 1252 3837 1258 3849; x_wconf 92' lang='lat'>&#39;</span> 
     </span>
     <span class='ocr_line' id='line_1_33' title="bbox 60 3937 1179 4019; baseline 0.004 -23"><span class='ocrx_word' id='word_1_243' title='bbox 60 3943 216 4014; x_wconf 60' lang='lat' dir='ltr'><strong>mantum</strong></span> <span class='ocrx_word' id='word_1_244' title='bbox 238 3937 277 4000; x_wconf 83' lang='lat' dir='ltr'><strong>sd</strong></span> <span class='ocrx_word' id='word_1_245' title='bbox 299 3937 374 4004; x_wconf 88' lang='lat' dir='ltr'><strong>iilos</strong></span> <span class='ocrx_word' id='word_1_246' title='bbox 388 3939 514 4014; x_wconf 79' lang='lat' dir='ltr'><strong>attinet,</strong></span> <span class='ocrx_word' id='word_1_247' title='bbox 537 3954 600 4002; x_wconf 91' lang='lat' dir='ltr'><strong>non</strong></span> <span class='ocrx_word' id='word_1_248' title='bbox 621 3937 840 4019; x_wconf 88' lang='lat' dir='ltr'><strong>permiserunt</strong></span> <span class='ocrx_word' id='word_1_249' title='bbox 860 3954 991 4002; x_wconf 86' lang='lat' dir='ltr'><strong>censere</strong></span> <span class='ocrx_word' id='word_1_250' title='bbox 1006 3938 1093 4019; x_wconf 86' lang='lat' dir='ltr'><strong>quod</strong></span> <span class='ocrx_word' id='word_1_251' title='bbox 1109 3953 1179 4000; x_wconf 87' lang='lat' dir='ltr'><strong>sen·</strong></span> 
     </span>
     <span class='ocr_line' id='line_1_34' title="bbox 58 4035 1178 4122; baseline 0.002 -22"><span class='ocrx_word' id='word_1_252' title='bbox 58 4039 145 4115; x_wconf 85' lang='lat' dir='ltr'><strong>serit,</strong></span> <span class='ocrx_word' id='word_1_253' title='bbox 162 4045 443 4116; x_wconf 65' lang='lat' dir='ltr'><strong>anteactorum,</strong></span> <span class='ocrx_word' id='word_1_254' title='bbox 467 4045 504 4102; x_wconf 90' lang='lat' dir='ltr'><strong>nt</strong></span> <span class='ocrx_word' id='word_1_255' title='bbox 517 4039 618 4119; x_wconf 83' lang='lat' dir='ltr'><strong>siquis</strong></span> <span class='ocrx_word' id='word_1_256' title='bbox 638 4035 847 4104; x_wconf 83' lang='lat' dir='ltr'><strong>Theodorum</strong></span> <span class='ocrx_word' id='word_1_257' title='bbox 864 4038 1082 4122; x_wconf 78' lang='lat' dir='ltr'><strong>Mopsuestise</strong></span> <span class='ocrx_word' id='word_1_258' title='bbox 1103 4057 1178 4102; x_wconf 89' lang='lat' dir='ltr'><strong>oum</strong></span> 
     </span>
     <span class='ocr_line' id='line_1_35' title="bbox 60 4138 1181 4222; baseline 0.008 -24"><span class='ocrx_word' id='word_1_259' title='bbox 60 4138 123 4200; x_wconf 83' lang='lat' dir='ltr'><strong>sois</strong></span> <span class='ocrx_word' id='word_1_260' title='bbox 141 4139 361 4220; x_wconf 75' lang='lat' dir='ltr'><strong>dogmatibus,</strong></span> <span class='ocrx_word' id='word_1_261' title='bbox 382 4147 416 4204; x_wconf 89' lang='lat' dir='ltr'><strong>et</strong></span> <span class='ocrx_word' id='word_1_262' title='bbox 437 4139 615 4222; x_wconf 79' lang='lat' dir='ltr'><strong>Epistotsm</strong></span> <span class='ocrx_word' id='word_1_263' title='bbox 638 4141 832 4208; x_wconf 74' lang='lat' dir='ltr'><strong>uenerabilis</strong></span> <span class='ocrx_word' id='word_1_264' title='bbox 861 4141 937 4208; x_wconf 81' lang='lat' dir='ltr'><strong>ttmo</strong></span> <span class='ocrx_word' id='word_1_265' title='bbox 957 4161 1021 4207; x_wconf 91' lang='lat' dir='ltr'><strong>non</strong></span> <span class='ocrx_word' id='word_1_266' title='bbox 1050 4142 1181 4207; x_wconf 83' lang='lat' dir='ltr'><strong>anathe-</strong></span> 
     </span>
     <span class='ocr_line' id='line_1_36' title="bbox 61 4241 1134 4320; baseline -0.001 -17"><span class='ocrx_word' id='word_1_267' title='bbox 61 4241 201 4320; x_wconf 79' lang='lat' dir='ltr'><strong>matizet,</strong></span> <span class='ocrx_word' id='word_1_268' title='bbox 226 4241 394 4307; x_wconf 83' lang='lat' dir='ltr'><strong>suathomr</strong></span> <span class='ocrx_word' id='word_1_269' title='bbox 415 4242 466 4304; x_wconf 86' lang='lat' dir='ltr'><strong>sit.</strong></span> <span class='ocrx_word' id='word_1_270' title='bbox 1132 4273 1134 4280; x_wconf 70' lang='lat'><strong>,</strong></span> 
     </span>
    </p>
   </div>
   <div class='ocr_carea' id='block_1_5' title="bbox 0 0 1528 4946">
    <p class='ocr_par' dir='ltr' id='par_1_5' title="bbox 0 0 1528 4946">
     <span class='ocr_line' id='line_1_37' title="bbox 0 0 1528 4946; baseline 0 5"><span class='ocrx_word' id='word_1_271' title='bbox 0 0 1528 4946; x_wconf 95' lang='lat' dir='ltr'><strong> </strong></span> 
     </span>
    </p>
   </div>
  </div>
 </body>
</html>
