3186 4946
128 456 193 502 nem
213 440 319 503 anino
344 441 538 523 disputantis
569 449 770 508 occurrunt:
792 457 877 521 qnae
906 457 981 506 cnm
1010 442 1146 522 exponit
1171 440 1235 504 ire-

127 554 255 623 quenter
275 543 397 608 addere
417 546 512 622 solet,
535 552 567 608 ct
588 545 747 627 proliteri,
768 563 804 608 ss
824 561 888 610 uon
910 543 990 608 haec
1010 545 1104 623 quasi
1126 543 1235 609 delini·

130 644 187 707 lira
208 647 426 725 pronunciare
446 649 616 721 sententia,
639 663 697 709 nec
717 653 840 710 statuto
861 645 1011 726 dogmute
1038 647 1236 726 terminare,

126 748 173 809 scd
189 749 353 827 inquirere
370 767 429 826 pro
446 748 582 824 viribus,
598 755 630 810 et
644 765 773 811 sensum
789 748 951 810 discutere
966 747 1233 826 scripturarum:

127 867 178 912 uec
199 857 304 913 tamen
325 847 471 928 profiteri
493 848 583 928 quod
606 850 727 928 integre
749 849 957 928 perlectoque
985 848 1238 928 comprehende·

127 951 163 1010 rit
172 969 183 1026 ς
202 949 361 1029 suspicari
383 951 536 1027 mugisse
558 949 597 1011 de
618 949 869 1030 quampluribus
894 950 1026 1024 diceus,
1049 967 1108 1012 uec
1130 958 1236 1012 tamen

127 1059 242 1112 certum
264 1067 348 1123 esse,
370 1051 445 1128 quia
469 1050 500 1110 in
527 1050 698 1124 omnibus,
721 1050 809 1130 qood
832 1049 1012 1129 perlectum
1035 1056 1084 1111 est
1104 1054 1137 1112 et
1157 1051 1238 1112 inte·

128 1167 234 1228 mum,
257 1159 428 1212 assecutus
448 1153 501 1213 sit.
517 1169 534 1208 n
551 1149 592 1214 tlt
613 1153 645 1212 iu
667 1152 715 1214 his
736 1152 886 1214 omnibus
905 1151 1069 1231 speciatim
1092 1150 1239 1215 intuetur

130 1249 307 1331 Pamphilus
345 1252 446 1314 libros
477 1250 521 1314 Dc
543 1251 742 1332 Principiis,
771 1253 826 1314 uhi
856 1251 952 1331 plura
983 1251 1081 1332 hujus
1113 1251 1238 1330 generis

128 1355 260 1433 quaesita
286 1353 466 1416 lectoribus
488 1356 621 1434 opponit
642 1353 822 1432 Origenes:
846 1372 930 1434 quae
954 1361 1059 1416 lamen
1086 1353 1183 1415 aliter
1202 1371 1238 1416 ae

129 1453 235 1517 babent
255 1460 289 1516 et
314 1453 456 1515 habenda
479 1462 554 1518 suut
577 1455 618 1516 ab
639 1455 676 1519 iis
699 1454 847 1519 absurdis
864 1462 896 1518 et
911 1453 1140 1534 impietatibus,
1157 1471 1239 1532 quo·

128 1569 192 1614 rum
211 1563 332 1617 noctur
353 1554 466 1618 deinde
489 1555 593 1619 lactus
613 1563 662 1618 est
683 1575 700 1618 a
725 1557 877 1636 praelatis
898 1554 1111 1635 scriptoribus
1135 1551 1239 1616 Theo·

129 1654 218 1732 philo,
241 1653 445 1741 Hieronymo
466 1663 499 1720 et
520 1655 714 1738 Epiphanio,
740 1657 840 1721 veluti
855 1675 897 1720 ex
912 1656 1238 1736 praemissiseuaplis·

131 1739 200 1816 sime
222 1765 388 1819 ostensum
410 1766 471 1820 est.

201 1854 435 1920 Verumtamen
456 1877 516 1938 pro
537 1877 570 1923 re
592 1867 714 1936 nostra,
731 1879 769 1925 ac
790 1861 829 1925 de
851 1861 1094 1942 malignantium
1116 1858 1237 1934 studio,

133 1955 215 2018 valde
235 1960 384 2033 interest,
403 1958 490 2038 quod
513 1963 579 2040 ipsc
602 1959 731 2042 biartpr
744 1964 783 2036 de
804 1963 880 2041 ipsis
894 1963 1006 2024 scribit
1027 1960 1236 2040 paulopost:

132 2053 280 2120 ablnltos
305 2059 459 2135 invenias,
482 2078 564 2140 quos
586 2064 612 2124 si
635 2063 813 2142 interroges
834 2067 866 2126 in
888 2062 1006 2142 quihus
1027 2062 1118 2124 libris
1141 2058 1239 2136 (Ori-

131 2157 227 2234 pcnisi
249 2168 311 2224 ant
332 2161 497 2240 inquibus
518 2163 597 2225 locis
613 2163 696 2226 dicta
712 2167 788 2237 siut,
811 2181 895 2242 quoe
913 2171 1068 2242 arguunt,
1086 2159 1239 2225 confiteo-

133 2265 181 2319 tnr
198 2279 233 2322 se
253 2262 387 2343 quidem
409 2263 532 2325 nescire
554 2281 614 2337 ea,
637 2263 676 2326 de
698 2263 816 2343 quibus
837 2261 1021 2336 affirmant,
1043 2279 1101 2324 nec
1121 2261 1238 2339 legisse

131 2377 280 2440 unquam,
304 2362 431 2425 audisse
452 2373 561 2426 sotem
584 2363 665 2426 alios
686 2363 838 2425 dieentes.
858 2361 908 2426 Ex
930 2381 996 2442 quo
1018 2361 1122 2426 coitis
1143 2361 1238 2439 plena

133 2461 254 2528 ridiculi
278 2466 434 2526 sententia
457 2481 572 2527 eorum
590 2465 763 2538 videbitur,
787 2483 860 2526 oum
876 2464 916 2526 de
938 2465 986 2526 his
1004 2462 1164 2544 judicant,
1193 2465 1241 2522 ai·

132 2579 239 2642 queen
256 2565 483 2638 condemnant,
507 2583 591 2645 quae
613 2584 671 2628 nec
693 2565 817 2628 discere
838 2565 969 2644 quidem
986 2563 1077 2644 prius
1095 2579 1132 2624 ac
1147 2577 1239 2625 nosse

132 2675 315 2740 potuerunt.
341 2685 358 2722 s
385 2665 425 2729 Et
446 2674 516 2747 post
539 2667 664 2742 multe,
696 2684 781 2746 quae
802 2667 1053 2728 obtrectantium
1083 2661 1239 2724 melitium

134 2764 305 2844 designant,
321 2785 396 2828 cum
417 2769 456 2828 ad
480 2769 675 2830 calumniam
692 2770 834 2847 prompti
855 2767 930 2841 siut,
953 2773 1052 2845 atque
1074 2765 1104 2824 in
1126 2779 1240 2826 rerum

133 2869 263 2930 scritate
286 2867 504 2944 investiganda
526 2866 700 2928 admodum
724 2864 867 2940 desides,
885 2873 916 2928 ei
938 2863 1026 2943 quod
1050 2862 1168 2923 bonum
1190 2867 1240 2922 esi

133 2965 332 3041 descrentes,
354 2985 392 3028 ac
414 2966 592 3029 difficiliora
615 2975 647 3028 et
673 2967 812 3028 obscure
841 2962 1060 3045 exprobrandi
1089 2979 1185 3024 causa
1208 2960 1239 3021 in

134 3085 218 3130 suam
241 3077 366 3148 partem
391 3069 543 3131 trahunt:
561 3087 578 3124 s
596 3064 631 3127 ln
653 3073 791 3142 tantum,
806 3065 944 3138 addidit,
959 3065 1089 3136 horum,
1106 3061 1146 3123 de
1167 3059 1241 3140 qui·

135 3165 188 3230 bns
207 3187 307 3248 supra
330 3169 483 3240 diximus,
509 3183 676 3246 progressa
700 3166 821 3228 malitia
843 3173 908 3239 est,
930 3171 967 3226 ot
988 3162 1120 3241 qnidam
1141 3160 1239 3222 etiam

135 3271 332 3332 conscribere
354 3269 510 3332 adversus
525 3287 600 3330 euro
623 3269 692 3329 ausi
715 3269 789 3340 sint,
811 3274 843 3329 et
857 3265 977 3327 libellis
998 3264 1090 3326 editis
1105 3261 1241 3340 derogo-

136 3384 166 3429 re
185 3371 212 3432 ei
235 3373 329 3446 siro,
352 3372 408 3450 qui
432 3387 490 3449 per
512 3378 560 3432 tot
581 3386 680 3431 sonos
703 3371 854 3447 magister
881 3365 1046 3429 Ecclesiae
1076 3361 1239 3441 loi13qui

136 3469 164 3530 in
183 3469 328 3534 Ecclesia
344 3470 510 3534 Catholica
526 3471 644 3546 senuit,
668 3472 724 3549 qni
741 3470 898 3530 adversos
912 3484 965 3530 cas
981 3466 1143 3536 haereses,
1156 3479 1241 3540 quae

138 3569 189 3633 illo
211 3581 358 3652 tempore
375 3569 553 3634 Ecclesiam
574 3569 815 3650 impuguubaut,
832 3570 877 3630 ita
898 3573 1093 3637 constanter,
1109 3564 1152 3623 ita
1175 3560 1242 3623 lor·

139 3670 207 3734 titer
234 3673 421 3746 dimicavit,
455 3681 493 3734 nt
514 3671 620 3734 omnis
641 3688 757 3734 eorum
789 3668 966 3732 diabolicae
998 3663 1240 3728 machinationis

139 3767 338 3836 lundamenta
360 3772 579 3852 subverterit3
603 3789 665 3834 uon
686 3772 870 3833 studiorum
892 3768 1061 3841 laborem,
1082 3782 1145 3827 non
1167 3779 1241 3826 cou-

141 3871 298 3948 tinentiue,
321 3891 384 3936 non
405 3872 634 3946 iustitutionis,
657 3889 719 3934 noo
741 3870 943 3944 humilitatis,
966 3885 1050 3948 quae
1070 3883 1170 3945 super
1190 3879 1243 3926 ce·

139 3981 216 4036 teras
239 3992 350 4038 omnes
373 3974 509 4036 virtutes
538 3973 609 4053 eius
631 3974 804 4035 maximam
834 3971 970 4052 gratiam
992 3968 1155 4040 continet,
1178 3982 1242 4027 nou

138 4072 213 4137 illud
235 4085 322 4140 certe
343 4076 600 4148 considerantes,
630 4073 717 4154 qnod
741 4071 933 4157 presbyterii
953 4071 1105 4148 dignitate
1127 4067 1157 4128 in
1180 4064 1241 4128 Ee-

139 4173 229 4237 clesia
251 4177 428 4240 honoratos
449 4181 507 4238 est.
524 4193 540 4233 n
559 4172 649 4238 llaec
680 4179 817 4238 testatur
838 4170 1025 4252 Pamphilus
1046 4171 1077 4232 in
1100 4165 1240 4245 Prologo

141 4272 320 4355 apologiae.

258 4375 320 4441 tot.
343 4374 408 4439 Hi.
1027 4373 1048 4450 d
