3186 4946
331 363 373 432 28

336 469 467 531 doctum
489 467 685 548 plaudente,
709 471 766 551 ipsi
789 469 932 534 invidens
953 471 1099 553 eiusdem
1121 472 1256 553 glorium
1278 471 1454 538 conculca·

335 588 372 632 rc
391 571 537 634 studeret
550 569 567 635 ‘l
580 571 683 651 qnod,
699 581 735 635 ut
756 573 918 653 praemisi,
943 573 1096 637 historiae
1117 574 1319 639 contradicit.
1342 572 1385 638 El
1405 589 1451 638 ex

333 671 471 734 adverso
485 681 621 735 cunctae
635 671 819 753 hujusmodi
835 674 1093 738 circumstantiae
1107 694 1124 738 a
1140 675 1338 758 Hieronymo
1358 682 1452 739 note·

336 778 388 833 tae
403 771 595 836 adamussim
611 774 805 838 conveniunt
825 774 1018 854 Presbyterio
1031 778 1098 839 sive
1116 775 1245 841 Senatui
1267 776 1454 840 alexandri-

336 890 389 946 no,
414 875 466 937 cui
489 885 639 954 praeerat
662 874 843 940 Demetrius
865 877 982 940 invidia
1009 886 1040 940 et
1061 879 1136 941 odio
1158 881 1299 958 percitus
1320 879 1352 940 iu
1371 876 1449 941 Ori·

338 991 462 1053 genem.
487 974 609 1040 Conlcr
630 975 763 1040 Llhrnm
787 976 828 1040 ll.
856 977 1088 1042 invectivarum
1108 999 1160 1042 nn.
1184 978 1233 1046 te.
1254 975 1305 1046 20.
1326 975 1376 1042 et.

413 1077 473 1143 Sed
490 1080 575 1158 quod
592 1089 783 1158 argumento
799 1080 996 1160 suffragatur
1010 1083 1162 1162 amplius,
1180 1090 1213 1143 et
1226 1081 1448 1168 confusionem

336 1176 652 1259 iudicatinpraelata
675 1181 825 1260 epistola,
843 1201 901 1245 nee
925 1181 1157 1264 Hieronymum
1181 1184 1223 1246 ita
1239 1183 1383 1256 sensisse,
1403 1201 1450 1243 ex

336 1283 607 1360 consequentibus
629 1281 747 1345 Hulllni
769 1283 861 1346 dictis
883 1292 1028 1364 apparet.
1044 1282 1159 1348 Suhdit
1180 1285 1262 1346 enim
1280 1305 1289 1345 r
1308 1281 1449 1362 «Siquis

335 1383 390 1446 tihi
413 1380 653 1466 (Hieronyme)
671 1391 746 1446 tune
767 1401 889 1462 quaeso
910 1403 983 1448 cum
1006 1385 1084 1459 ista,
1107 1392 1145 1448 ut
1165 1385 1211 1446 ais
1232 1383 1271 1445 ad
1295 1383 1448 1463 pauperis

333 1485 487 1549 lucernae
501 1477 678 1563 igniculum
699 1486 763 1546 cito
777 1485 832 1548 sed
855 1495 951 1549 cauto
972 1504 1120 1549 sermone
1141 1487 1290 1558 dictares,
1307 1484 1448 1546 adstitis-

333 1593 382 1648 set
403 1585 581 1665 propheta,
603 1594 635 1647 et
655 1584 846 1650 clamasset:
863 1585 1058 1666 Oseriptor,
1081 1587 1196 1650 cohibe
1217 1585 1298 1648 hanc
1320 1603 1447 1659 rocem,

336 1687 477 1767 reprime
496 1687 631 1749 stilum:
662 1688 726 1750 erit
743 1688 827 1751 eninr
852 1695 977 1768 tempus
998 1696 1030 1750 et
1051 1706 1113 1750 non
1134 1687 1238 1750 multo
1260 1693 1343 1766 post,
1369 1701 1447 1748 cum

334 1789 470 1852 schisma
485 1787 526 1850 ah
548 1786 689 1852 Ecclesia
714 1788 810 1852 iacies
825 1811 833 1852 ι
850 1796 883 1852 et
896 1799 933 1853 ut
948 1791 1097 1870 proximo
1111 1788 1281 1852 schismate
1300 1785 1446 1850 colorem

331 1890 473 1971 aliquem
496 1890 712 1954 excusationis
733 1891 887 1965 invenias,
910 1891 998 1967 istos,
1014 1908 1096 1971 quos
1114 1909 1199 1954 nunc
1220 1888 1367 1952 omnihus
1388 1889 1450 1952 mi·

333 1994 451 2057 rahiles
467 1992 563 2056 iacies
584 1993 698 2070 libros,
713 1993 844 2073 incipias
865 1993 1046 2072 intamare;
1065 2003 1097 2056 et
1118 1995 1213 2057 istum
1230 2011 1327 2074 quem
1349 1991 1447 2056 modo

333 2093 583 2158 chalcenterum
606 2102 699 2158 tuum
722 2111 835 2168 vocas,
857 2100 890 2158 et
911 2112 970 2175 pru
993 2095 1109 2158 merito
1130 2093 1251 2157 leheris
1270 2091 1446 2157 laudahilis

333 2193 380 2256 ais
401 2192 630 2257 Adamantium
652 2195 863 2271 nominatum,
879 2194 1041 2259 dicturos
1059 2213 1093 2260 es
1114 2213 1177 2257 non
1201 2201 1263 2258 tam
1285 2193 1384 2256 lihroa
1405 2191 1448 2256 ed

334 2295 507 2361 utilitatem
535 2296 682 2369 animae,
712 2313 810 2378 quam
843 2303 997 2360 venenata
1029 2295 1178 2376 dogmata
1205 2294 1444 2374 conscripsisse.

332 2393 440 2471 Hunc,
456 2415 553 2476 quem
572 2415 667 2478 negas
687 2417 706 2460 a
729 2396 893 2462 Demetrio
914 2399 945 2462 in
967 2416 1064 2462 eausa
1087 2396 1159 2459 hdel
1181 2397 1391 2470 damnatum,
1413 2403 1449 2458 et

331 2495 418 2558 hunc
432 2513 528 2575 quem
544 2515 640 2578 nepas
658 2517 718 2578 pro
733 2498 919 2578 dogmatum
936 2500 1079 2562 novitate
1101 2497 1301 2570 incusatum:
1318 2501 1354 2560 tu
1369 2513 1449 2558 exe-

330 2595 486 2660 crandum
502 2615 562 2677 pro
576 2599 717 2663 novitate
731 2599 917 2680 dogmatum
934 2601 1042 2678 dicesy
1058 2607 1090 2662 et
1104 2615 1140 2662 ea
1157 2616 1242 2679 quae
1262 2597 1340 2662 dicis
1361 2611 1448 2660 nunc

331 2696 487 2763 adversus
507 2717 583 2764 enm
605 2717 699 2764 canes
721 2694 849 2766 rabidos
870 2702 1043 2776 simulare,
1075 2702 1155 2765 haec
1175 2701 1243 2782 ipse
1263 2697 1443 2763 aimulahia.

331 2794 512 2862 Hominum
535 2817 679 2880 quoque,
703 2810 740 2865 ιιι
760 2819 845 2864 nunc
865 2801 978 2864 scribis
992 2802 1135 2882 epistolis
1158 2799 1447 2864 tuiseommonito·

332 2897 399 2973 riis,
419 2897 625 2978 juramentis,
646 2902 839 2965 satellitibus
853 2900 1176 2976 circumvolantibus,
1199 2901 1296 2962 etiam
1318 2906 1351 2964 te
1367 2914 1446 2961 cen·

330 3007 380 3062 tre
403 3018 478 3063 eum
493 3017 588 3081 coges
603 2999 755 3092 Senatum
768 3022 780 3082 3
806 3011 837 3066 et
859 3003 955 3068 talem
979 3005 1081 3066 ricem
1103 3019 1163 3083 pro
1185 3000 1333 3064 omnihus
1353 2997 1445 3062 laho-

331 3100 421 3164 rihns
441 3103 508 3166 suls
528 3101 743 3169 Chalcentero
765 3112 823 3168 tuo
846 3105 959 3168 reddes
979 3114 1076 3169 etc.»

409 3200 526 3266 Sensus
547 3221 625 3283 ergo
647 3205 744 3287 hujus
765 3206 921 3269 sermonis
942 3207 974 3269 ln
996 3225 1034 3270 eo
1056 3205 1210 3277 consistit,
1234 3211 1271 3266 ut
1292 3197 1443 3265 ostendat

332 3298 491 3380 Rudinus,
505 3312 597 3367 antea
614 3303 847 3389 Hieronymum
861 3325 919 3386 pro
934 3308 1057 3370 sincera
1070 3305 1219 3386 Origenis
1234 3303 1296 3366 llde
1308 3317 1447 3382 pugnas-

330 3423 388 3484 σος
405 3405 518 3469 deinde
533 3426 611 3470 vero
632 3410 782 3470 comitem
797 3427 831 3472 se
847 3408 1049 3472 constituisse
1061 3411 1165 3488 ipsum
1188 3405 1442 3485 oppugnantium

330 3513 362 3568 et
383 3507 674 3570 condemnantium.
699 3506 740 3572 Et
762 3509 846 3586 hinc,
867 3511 951 3573 sicut
974 3507 1155 3572 Demetrius
1177 3505 1340 3586 quondam
1369 3519 1445 3566 curn

331 3609 525 3687 quibusdam
541 3611 696 3690 episeopis
714 3619 746 3672 et
762 3611 958 3695 preshyteris
971 3628 1033 3674 non
1048 3612 1090 3673 oh
1106 3609 1276 3682 haeresim,
1294 3623 1356 3666 non
1371 3621 1446 3685 pro·

330 3718 403 3787 pter
424 3710 610 3789 dogmatum
632 3714 820 3787 novitatem,
843 3712 898 3776 sed
920 3713 962 3775 oh
983 3712 1134 3774 inuidiam
1155 3710 1341 3785 damneri13
1363 3707 1405 3768 ita
1422 3704 1447 3766 i·

327 3827 422 3888 ,psum
439 3809 673 3897 Hieronymum
688 3813 899 3876 dubitandum
915 3822 986 3877 erat
1007 3813 1128 3893 pariter
1143 3815 1358 3882 incessurum,
1376 3824 1445 3871 mu·

331 3917 398 3972 teto
419 3912 552 3975 consilio
574 3913 729 3976 adversus
759 3912 943 3992 origenem.
975 3909 1016 3974 Et
1035 3909 1308 3990 quemadmodum
1331 3905 1444 3970 ileme-

331 4012 413 4074 trius
434 4020 553 4076 etcum
575 4032 614 4078 co
629 4012 765 4078 Senatus
785 4014 1015 4078 alexandrinus
1043 4013 1215 4094 Origenem
1237 4011 1441 4073 damnarunlr

329 4112 371 4174 ita
388 4113 449 4176 isto
472 4120 629 4193 tempore,
646 4114 729 4178 idest
747 4112 809 4177 suh
831 4111 1000 4176 Anastasio
1026 4111 1111 4193 Papa
1127 4111 1270 4176 studium
1284 4105 1445 4189 Hierony·

326 4213 368 4276 mi
392 4212 608 4279 invalescebat
619 4214 758 4280 sollicite
768 4230 826 4293 per
839 4231 912 4276 euos
926 4212 1076 4276 satellites
1097 4209 1368 4284 circumvolantes,
1381 4221 1441 4286 per
