2982 4934
305 327 447 497 {tzeqinm
468 445 614 496 aereaere
628 425 796 494 Iinfflnom
809 405 958 510 'plurima
977 427 1109 494 udeteot
1127 427 1327 504 testimonie,
1346 429 1404 509 qot

307 530 368 595 bus
383 532 449 611 ipse
469 531 501 595 in
517 531 577 594 trae
598 530 756 594 acerrima
776 546 896 610 pugna,
912 531 971 596 etsi
986 547 1049 594 nnn
1065 528 1180 592 minori
1200 525 1348 609 auguret
1363 546 1405 594 ee·
1463 583 1464 594 ,

307 639 362 695 stu
386 629 543 696 aurorane
572 627 831 716 Hieronymum,
854 631 956 696 eidem
988 627 1171 711 respondet.
1197 627 1245 694 Ae
1271 627 1343 692 ineo
1367 629 1405 694 tir

306 732 452 797 atndioee
470 734 632 813 expensis,
653 749 739 810 quae
760 731 950 813 toeqoootor
969 748 1082 798 eorem
1097 729 1167 798 noo
1187 737 1220 796 et
1240 728 1405 796 nominituo

307 831 487 896 obtestatur
511 837 571 908 eet,
593 833 626 896 in
648 831 810 899 aerteuiie
840 830 988 914 origenis
1008 831 1101 898 tibris
1120 833 1231 913 etaooo
1250 831 1406 896 amenter

307 931 376 1010 ite,
398 933 440 997 de
458 950 516 997 ana
539 932 602 998 tide
622 942 654 998 et
674 933 832 1014 obsequio
855 949 932 1015 erge
953 933 1069 1000 Sedem
1100 931 1337 1015 Apoatoiiorm,
1356 949 1405 996 non
1463 949 1464 952 ’

306 1033 414 1098 reinna
438 1031 603 1098 Iiuiiinnm
617 1034 659 1096 ab
678 1035 765 1098 omni
787 1035 959 1100 haereseon
979 1033 1162 1116 suspicione
1182 1033 1353 1098 immunem
1370 1031 1406 1094 in·

306 1134 424 1200 eadere
446 1136 617 1215 probatur,
631 1152 671 1200 ao
692 1137 904 1202 anathematis
924 1135 1111 1216 indignumr
1129 1152 1244 1202 rernm
1264 1139 1357 1210 etiam
1373 1151 1406 1198 er

308 1238 376 1318 ipae
397 1235 594 1317 quaestionis
616 1243 731 1302 natura
748 1238 780 1302 id
802 1238 884 1302 idem
900 1236 1095 1302 edatruitnr.
1109 1235 1263 1317 Qnieqeie
1283 1235 1362 1300 euim
1377 1233 1407 1296 ii·

307 1336 373 1402 lina
387 1339 504 1420 legerit
518 1336 675 1419 Prologus
695 1339 856 1405 librorum
874 1337 915 1402 De
936 1336 1126 1419 Prioeipiie,
1140 1339 1235 1404 aienti
1255 1345 1346 1402 antea
1363 1352 1407 1399 nn·

307 1439 473 1514 terimus,
497 1439 636 1502 versioni
659 1439 845 1520 praefixae,
865 1458 1017 1521 quaeque
1036 1439 1149 1505 eeribit
1169 1439 1201 1522 in
1222 1437 1407 1504 Praefatione

309 1541 533 1606 eommentarii
562 1539 710 1622 Origenir
737 1540 773 1604 io
796 1539 894 1604 Ponti
916 1539 1101 1621 Epistotnr,
1126 1557 1165 1604 oo
1190 1541 1222 1603 in
1244 1537 1405 1602 amnuo

308 1657 350 1704 ne
372 1638 626 1720 apologeticis.
649 1639 807 1721 Pamphili
829 1658 888 1721 pro
910 1641 1024 1705 eodem
1045 1640 1207 1722 Origene,
1238 1639 1315 1703 entia
1334 1653 1404 1700 oon·

308 1739 530 1822 prehenderit,
546 1757 612 1821 qne
634 1743 757 1805 ratione
777 1747 810 1803 et
830 1741 1006 1806 intentione
1026 1741 1056 1806 iti
1078 1741 1182 1821 egerit
1196 1738 1340 1806 iiuffinue
1352 1746 1405 1802 tou

309 1841 415 1906 roiate
434 1840 474 1904 ad
495 1859 575 1905 anae
596 1840 669 1906 fidei
691 1841 922 1923 proieaaionem
943 1847 1069 1923 penitus
1089 1842 1329 1918 aribannum,
1349 1846 1403 1902 tun

310 1942 413 2007 roiate
428 1942 468 2005 ad
490 1938 676 2024 huiuamodi
693 1943 909 2008 translationis
931 1961 1039 2020 neum,
1060 1943 1402 2027 iurandi-enitioetssrt·
1463 1939 1464 1942 ’

311 2041 355 2106 tia
376 2041 590 2108 eruditionem
611 2042 873 2118 eeclesiasticam,
895 2051 1020 2108 eeteros
1041 2043 1201 2120 imitatus,
1216 2043 1275 2122 qni
1288 2037 1403 2106 einitrn

309 2142 450 2222 oppressi
465 2148 557 2206 orant
571 2142 727 2208 taboram.
746 2140 917 2222 inquibus
937 2142 1086 2208 omnibus
1106 2141 1151 2205 ito
1171 2140 1269 2205 animi
1288 2139 1404 2204 aniene·
1463 2145 1464 2210 i

310 2239 372 2306 rior
391 2249 527 2324 apparet
545 2261 723 2324 renauequo
745 2250 853 2308 reotue
874 2259 1118 2324 eqnoenmqno
1137 2242 1214 2308 (inin
1228 2241 1358 2314 alienet,
1376 2241 1403 2300 ut

252 2415 261 2422 ,
307 2342 384 2425 iure
404 2343 644 2410 adversantium
666 2345 879 2410 obstruantur
900 2361 970 2410 ora.

394 2444 484 2512 Haeo
504 2445 668 2511 antemio
689 2445 818 2512 iiuffino
832 2447 909 2512 inuio
929 2447 1003 2510 loeo
1023 2446 1211 2534 adjecimus,
1228 2449 1278 2520 nt,
1301 2455 1403 2506 roenn-

309 2549 373 2631 ptia
393 2564 479 2629 quae
498 2547 649 2626 euporius
669 2545 709 2610 de
730 2548 829 2627 ipsine
858 2547 1005 2612 doctrina
1026 2555 1059 2610 et
1079 2545 1174 2626 gestie
1199 2542 1399 2623 expendium,

309 2651 410 2731 megia
431 2659 555 2716 oenatet
576 2643 638 2714 uoe'
655 2647 822 2714 Rnffinnm
857 2651 1015 2714 malitiose
1036 2652 1159 2729 optare,
1181 2655 1257 2712 enm
1279 2644 1352 2710 urie
1368 2641 1402 2704 ii·

310 2751 473 2828 moeret,
495 2751 635 2830 eeoeptie
653 2751 771 2816 litteris
796 2751 944 2815 formatio
964 2767 982 2812 a
1003 2750 1118 2816 Sirieio
1141 2748 1247 2830 Papa,
1269 2763 1326 2812 nee
1342 2741 1402 2808 Siri-
1461 2825 1462 2836 ἵ

310 2853 397 2917 otum
412 2852 560 2928 illusum,
576 2870 651 2917 eum
665 2852 752 2918 huno
767 2853 877 2916 airum
892 2851 1036 2916 moribus
1050 2861 1083 2916 et
1095 2849 1158 2915 fide
1178 2847 1397 2930 integerrimam

311 2951 544 3018 commendarit
564 2953 722 3033 episcopie
741 2950 937 3018 absentibus.

390 3051 451 3120 Sed
474 3071 536 3118 enr
558 3053 684 3118 tandem
700 3053 897 3118 anathemati
916 3051 1134 3135 aubjioiendna
1155 3059 1238 3116 earet
1255 3036 1400 3115 namon?

312 3161 345 3218 et
358 3156 457 3236 quate
477 3155 576 3237 ipsine
593 3153 744 3220 crimen?
763 3153 851 3220 Num
872 3172 979 3230 error,
994 3172 1072 3218 nom
1088 3153 1242 3229 haeresia,
1265 3169 1335 3216 unm
1347 3159 1401 3226 pet·

314 3255 435 3320 rieaeia
456 3258 488 3320 in
509 3253 644 3320 eudemi
657 3253 771 3322 Absit:
792 3272 1011 3337 nonunquam
1025 3255 1087 3320 hoe
1108 3253 1218 3329 eeneit,
1233 3270 1292 3316 nee
1309 3244 1399 3312 votuit

312 3355 518 3437 Ubicumque
537 3357 620 3422 enim
636 3359 667 3422 in
682 3359 744 3422 hae
757 3357 974 3440 disputatione
993 3358 1052 3422 etei
1069 3355 1207 3420 torrenti
1221 3354 1325 3418 animo
1340 3347 1399 3410 inita

312 3459 509 3524 eattrolionm
522 3477 557 3522 no
578 3458 667 3536 inuit,
683 3459 899 3540 pontificalem
918 3458 1080 3524 reveritae
1093 3445 1400 3524 amauritium-Fut·

315 3566 399 3624 tusae
419 3558 537 3638 aliquia
557 3559 655 3636 dicet,
677 3560 734 3624 itte
755 3560 937 3626 haeretiwe
959 3565 1150 3639 repemina,
1172 3554 1261 3637 qnod
1280 3543 1401 3630 Oritas!

315 3657 529 3740 blasphemias
551 3659 655 3724 tenuit
668 3674 706 3724 ao
724 3659 848 3725 doonit.
864 3658 925 3724 Sed
947 3667 980 3725 et
1000 3660 1063 3724 hoe
1084 3659 1202 3722 tainum
1212 3676 1223 3736 ;
1239 3651 1345 3720 nnttiii
1363 3661 1400 3710 rr

314 3761 452 3841 peritur,
475 3757 639 3824 linffinum
661 3760 848 3842 hujusmodi
869 3761 1048 3843 impietaten
1069 3754 1399 3841 proeteritorum

313 3875 385 3922 aeos
406 3875 482 3920 roua
503 3858 667 3924 habentur
689 3861 773 3935 erit,
796 3861 873 3941 quin
895 3858 1151 3926 condemnationi
1171 3855 1326 3922 librorum
1342 3845 1397 3910 Ου’·

314 3962 401 4039 genie
416 3975 549 4038 pravam
564 3962 798 4027 continentium
814 3961 995 4026 doctrinam
1018 3955 1199 4024 restiterit?
1213 3961 1397 4036 nequaqum·

315 4057 434 4122 iiuffini
458 4062 679 4128 tantummodo
700 4064 796 4144 eoipa
819 4067 891 4142 (nee
912 4069 1018 4128 umen
1040 4060 1137 4141 eulpa
1153 4059 1293 4124 venante
1311 4044 1397 4126 eiiii·

313 4177 353 4224 eo
367 4160 475 4226 notum
498 4162 750 4245 tertianorum
772 4183 815 4230 ex
828 4164 1022 4232 conscientia
1042 4179 1114 4240 aua,
1137 4179 1179 4228 ex
1198 4143 1396 4226 aeenrttttiiab
