2982 4934
395 495 411 534 a
435 473 628 554 Duplicem,
654 472 780 555 inquit,
807 475 942 556 gratiam
966 469 1169 534 beatitudinis
1196 475 1271 532 tuae
1295 466 1409 532 litterae

313 574 569 656 praestiterunt:
592 571 678 654 quod
701 581 733 636 et
753 581 880 637 sanctos
901 579 934 636 et
956 569 1154 634 venerabiles
1176 567 1410 647 Agatbenene·

307 677 481 757 piscopom
503 683 534 736 et
557 673 727 736 diaconum
745 673 955 738 Atbunadnm
977 671 1162 736 babuerunt
1176 671 1367 751 portitores,
1385 675 1414 732 ct

313 777 471 838 adsersus
482 775 759 838 sceleratissimam
775 775 932 836 haeresim
947 773 1054 836 zelum
1067 771 1138 836 tidei
1150 771 1412 835 demonstrarent.

317 874 390 940 Vox
405 875 609 939 beatitudinis
626 882 700 940 tuae
721 876 752 938 io
775 882 843 938 toto
857 874 936 938 erbe
949 875 1137 954 pertonuit3
1152 881 1185 936 et
1199 871 1322 936 cunctis
1334 869 1416 934 Citri-

313 978 354 1041 sti
375 977 516 1040 ecelesiis
539 976 753 1052 laetantibus,
772 975 892 1039 dioboli
915 992 1033 1038 venena
1054 975 1185 1038 siluere.
1209 969 1416 1052 Nequaquam

315 1079 454 1157 amplius
475 1077 628 1156 antiquus
644 1096 775 1157 serpens
789 1076 895 1140 sibilet
903 1097 915 1156 3
931 1077 985 1140 sed
1001 1082 1168 1140 contortus
1183 1081 1216 1137 ct
1231 1073 1419 1138 evisceratus

314 1181 346 1241 in
367 1194 582 1240 cavernarum
605 1177 743 1240 tenebris
764 1177 965 1252 delitescens,
984 1176 1086 1238 solem
1106 1175 1234 1240 elerum
1257 1171 1343 1236 terre
1361 1187 1418 1234 nntt

314 1282 461 1343 sustinet.
497 1277 656 1356 Equidem
678 1279 859 1358 superbae
880 1297 935 1353 re,
956 1285 989 1342 et
1010 1284 1182 1357 antequem
1209 1273 1365 1338 scriberes
1382 1271 1422 1333 ad

314 1378 535 1450 Occidentem,
559 1379 709 1456 epistolas
731 1380 901 1452 miseram,
917 1398 958 1442 ex
973 1383 1065 1460 parte
1085 1376 1325 1438 baereticorum
1343 1380 1421 1436 stro·

315 1479 394 1561 pbas
422 1495 511 1542 meae
533 1477 661 1556 linguae
682 1479 864 1542 bominibus
887 1480 1037 1542 indicans.
1059 1476 1110 1541 Ex
1135 1475 1192 1539 Dei
1218 1475 1421 1553 dispensatio·

314 1596 354 1642 ne
370 1578 489 1641 iactum
512 1589 602 1658 puto,
620 1588 656 1642 ut
671 1582 782 1653 eodem
807 1589 950 1661 tempore
967 1587 1001 1642 tu
1018 1595 1150 1659 qnoque
1167 1575 1206 1639 ad
1221 1575 1421 1638 Anastasium

316 1678 434 1759 Papam
454 1681 632 1758 seriberes;
663 1687 694 1743 et
713 1687 870 1754 uestram,
893 1681 971 1745 dum
992 1681 1143 1760 ignoras,
1164 1677 1423 1742 sententiarum

311 1781 460 1844 borares.
483 1779 605 1844 verum
627 1799 644 1842 a
668 1789 698 1844 te
720 1799 804 1846 nunc
825 1782 991 1854 admoniti,
1014 1779 1114 1860 magia
1133 1777 1281 1842 studium
1302 1793 1423 1841 aecem-

312 1881 528 1957 modabimus‚
547 1892 580 1946 ut
604 1882 657 1944 btc
676 1891 710 1946 et
724 1882 840 1963 procui
860 1882 1021 1962 simplices
1039 1881 1080 1944 ab
1095 1896 1210 1944 errore
1224 1893 1423 1943 revocemus.

315 1979 384 2046 Nec
408 1983 577 2046 timeamus
597 1981 707 2046 subire
727 1983 800 2045 odia
822 1981 1062 2062 quorumdamc
1090 1979 1253 2044 nonenim
1274 1976 1425 2040 debemus

312 2083 497 2146 bominibus
528 2082 669 2161 placere,
690 2082 745 2146 sed
768 2081 856 2162 θεας
888 2099 1086 2163 quamquam
1116 2079 1283 2144 ardentius
1303 2077 1427 2143 abillis

312 2183 507 2247 defendatur
528 2184 690 2258 haeresis,
722 2201 819 2262 quam
845 2202 863 2247 a
890 2184 979 2246 nobis
1008 2189 1225 2263 oppugnetur.
1257 2179 1426 2260 Simulque

313 2284 464 2359 obsecro,
480 2293 516 2346 ut
530 2285 621 2363 siqua
643 2282 799 2366 synodica
817 2284 913 2348 babes
934 2283 973 2346 ad
997 2300 1047 2347 me
1068 2282 1291 2362 dirigensque
1310 2279 1427 2358 poesin

317 2386 394 2449 tanti
416 2385 574 2464 pontilicis
596 2386 790 2450 anctoritate
813 2386 980 2462 firmatus,
1009 2385 1143 2448 liberius
1164 2388 1197 2448 et
1215 2381 1427 2447 confidentius

317 2502 378 2566 pro
400 2484 528 2550 Gbristo
549 2503 607 2548 ora
632 2503 788 2550 reserere.
806 2485 992 2558 Vincentius
1013 2483 1277 2568 presbyterium
1291 2482 1427 2546 biduum

315 2603 415 2665 quam
437 2587 520 2649 banc
535 2585 703 2665 epistolam
726 2587 849 2664 darem,
866 2587 905 2650 de
927 2587 1007 2650 urbe
1024 2586 1121 2658 veuit,
1137 2592 1169 2647 et
1186 2584 1382 2666 suppliciter
1400 2588 1428 2645 te

317 2687 462 2764 salutat,
484 2687 667 2768 crebroque
686 2704 834 2750 sermone
861 2687 1082 2760 concelebrat¹
1115 2683 1252 2748 Romam
1273 2690 1305 2747 et
1329 2691 1429 2747 tutam

317 2804 397 2867 pene
419 2787 558 2862 ltaliam,
583 2789 645 2852 tuis
667 2795 738 2868 post
758 2786 922 2852 Christum
951 2786 1094 2866 epistolis
1126 2784 1309 2848 liberatam:
1333 2783 1430 2848 Adul-

319 2897 387 2950 tere
406 2903 485 2968 ergo
506 2905 588 2968 papa
609 2889 823 2952 amantissime
844 2898 942 2969 atque
964 2888 1156 2962 beatissime,
1169 2892 1202 2950 et
1221 2903 1279 2968 per
1298 2903 1429 2948 omem

317 2988 518 3050 occasionem
540 2986 579 3050 ad
595 2989 808 3052 occidentales
829 2987 996 3068 cpiscdpos
1017 2988 1134 3063 scribe,
1150 2993 1187 3051 ut
1206 2985 1290 3050 mula
1310 2986 1431 3066 germi-

316 3101 371 3165 na,
393 3094 502 3163 acute,
525 3098 561 3152 ut
582 3089 649 3167 ipse
669 3089 839 3168 significas,
860 3089 1029 3152 succidere
1051 3088 1133 3152 ialce
1152 3104 1214 3151 non
1234 3095 1408 3152 cementa

397 3185 440 3251 Et
461 3207 537 3251 ecce
559 3187 685 3263 fontes,
701 3188 785 3251 unde
807 3189 958 3254 hauriens
980 3187 1180 3264 Anastasius,
1202 3187 1357 3267 Origcnis
1380 3185 1432 3252 Pe-

317 3286 470 3353 rt'erclten
483 3289 584 3353 libros
600 3289 698 3353 latine
715 3290 884 3353 translatos
898 3289 1098 3370 reprobarit,
1111 3289 1354 3369 damnaritqne.
1368 3287 1432 3354 Nisi

317 3391 401 3452 enim
425 3388 509 3469 Papa
532 3387 721 3474 Hieronymi
736 3397 769 3454 et
783 3388 953 3471 Tbeopbili
976 3391 1128 3470 epistolas
1142 3389 1314 3470 accepisset
1340 3407 1431 3470 prae·

315 3494 454 3570 sumptis
474 3491 642 3557 erroribus
660 3493 833 3568 confertas,
857 3493 1047 3558 instantibus
1063 3509 1162 3573 qnam
1185 3491 1323 3556 maxime
1349 3476 1432 3574 apud

318 3591 439 3672 ipsum,
462 3602 554 3656 ntea
576 3594 697 3674 scripta
720 3611 793 3658 cum
814 3612 876 3659 suo
890 3594 1035 3659 Auctore
1058 3593 1363 3666 anathematizaret,
1380 3611 1433 3655 nec

316 3691 507 3756 Anastasius
528 3711 586 3758 nec
598 3695 699 3758 ceteri
719 3695 859 3776 episcopi
874 3693 1088 3760 occidentales
1102 3696 1296 3760 exarsissent
1314 3695 1432 3756 adrer-

316 3809 374 3855 sus
394 3808 609 3869 susurrores,
625 3811 708 3874 quos
731 3795 920 3876 ignorabant
940 3794 1103 3860 admisisse
1120 3791 1304 3874 origenem.
1319 3791 1432 3870 Quum

299 3892 428 3972 'itaque
451 3911 494 3956 ex
522 3895 669 3960 versione
696 3895 795 3959 latina
823 3896 883 3959 eibi
911 3896 1062 3977 patefacti
1088 3913 1108 3958 a
1135 3893 1336 3976 lliernnymo
1370 3893 1432 3957 tue

318 3994 397 4069 rint,
417 3995 595 4062 secundnm
611 3996 694 4062 banc
716 3997 904 4063 relationem
922 3997 1109 4062 Anastasius
1129 3996 1170 4062 de
1190 3995 1254 4060 illis
1266 3995 1429 4062 decernit:

317 4109 470 4262 qpaeqnle
500 4094 710 4177 decreverat,
732 4095 875 4164 notificat
905 4095 1212 4182 Hierosolymorum
1234 4095 1431 4164 Antistitlitt

321 4193 350 4259 ci
366 4195 426 4262 etis
461 4197 575 4264 itteris.
