3066 4950
1116 361 1178 432 281

87 473 138 536 etta
155 469 298 536 standum
331 473 427 542 esset,
448 467 506 530 nisi
536 467 676 548 suspicio
698 469 730 530 in
751 465 909 532 Bciiaario
930 467 1118 531 invaluisset
1141 465 1180 530 te

84 571 230 634 Pontificis
255 572 368 635 iavore
389 587 465 650 erga
488 571 628 649 gotthos,
643 574 820 650 numquam
835 588 854 633 a
870 568 973 634 Roma
989 579 1117 633 aistotua
1132 587 1180 632 oa·

81 681 123 738 tet
141 671 305 738 Silaeriua.

153 771 224 850 Quo
247 789 325 834 aero
357 772 438 834 haec
459 787 509 834 me
529 771 628 834 ducat
660 771 765 837 oratio
788 790 829 838 ex
853 771 1007 834 brevibus
1030 770 1182 850 Procopii

80 873 163 936 dictis
183 881 251 938 tum
276 873 362 938 circa
383 874 524 952 spatium
547 890 566 935 a
587 870 718 936 Silverii
739 873 841 938 exitio
869 873 909 936 aa
931 870 1043 952 vigitii
1065 889 1182 953 proac-

79 976 208 1038 cuonem
229 975 390 1055 elapsum,
413 980 480 1037 tum
505 973 607 1036 relate
629 973 669 1037 ati
692 983 880 1040 senatorum
902 974 1126 1040 reductionem
1151 973 1183 1038 io

81 1073 191 1142 Urbem
213 1086 285 1156 post
305 1083 447 1141 amotam
469 1076 682 1152 obsidionem,
698 1095 739 1139 ax
763 1078 825 1142 hoc
847 1085 951 1157 patet,
969 1077 1050 1140 idest
1071 1085 1107 1138 nt
1129 1094 1184 1156 po·

77 1186 138 1240 staa
158 1189 325 1244 senatores
347 1196 409 1242 usa
443 1197 518 1240 cum
541 1177 681 1244 silverio
703 1177 783 1242 Urbi
807 1182 1011 1248 restitueret,
1033 1177 1128 1240 sicuti
1159 1176 1185 1238 Ι-

78 1279 144 1342 itud
160 1279 235 1344 iitos
253 1278 424 1342 amonendi
438 1287 627 1358 susceperat
649 1281 819 1344 consitium
836 1277 1018 1346 Betisarios.
1043 1277 1083 1342 tit
1111 1279 1185 1343 binc

2 1375 3 1378 ’
78 1378 166 1444 tacita
196 1383 271 1461 quis
302 1381 378 1444 mihi
401 1383 589 1459 praeveniet
618 1383 739 1456 dicens,
763 1382 966 1462 repentinum
997 1380 1130 1445 Sitterii
1151 1398 1186 1444 o·

2 1484 7 1528 t
76 1481 172 1549 bitom
194 1483 330 1546 consitio
346 1481 495 1546 Belisarii
515 1483 686 1560 obstitisse,
704 1501 744 1549 oe
762 1483 866 1564 ipsum
891 1483 1030 1548 Romam
1055 1499 1188 1546 reuoca-

76 1592 139 1660 ret;
155 1603 193 1650 ac
208 1585 282 1648 inde
304 1592 341 1647 ot
361 1603 402 1648 ex
421 1585 517 1648 unius
537 1584 618 1648 idest
636 1583 767 1648 Silrerii
789 1586 895 1660 obito,
915 1585 1052 1647 atterius
1074 1601 1189 1663 nempe

77 1682 179 1766 Vipiiii
201 1687 388 1754 consuleret
412 1689 628 1766 provectioni,
642 1689 925 1752 constitutionibus
944 1687 1107 1750 Ecclesiae
1123 1685 1187 1750 Ro·

75 1804 183 1864 manae
203 1787 343 1852 servatis
363 1788 394 1848 in
426 1785 572 1870 eligendo
596 1784 761 1852 Pontitice.
788 1787 893 1852 Porro
917 1788 1081 1866 inopinata
1103 1785 1187 1849 Beli·

2 1907 3 1938 t
74 1891 147 1954 sarii
168 1889 427 1962 circumstantia,
454 1907 540 1969 quae
561 1891 665 1968 ipsum
689 1890 885 1969 prohibuita
904 1891 1108 1954 restitutione
1127 1889 1188 1955 stt-

2 2016 3 2034 *
76 1994 166 2071 terii,
188 1991 286 2056 sicuti
317 1998 483 2054 senatores
503 1988 584 2056 Urbi
604 1991 757 2066 reddtttit,
789 1994 956 2070 praeclare
989 2001 1123 2056 notatur
1148 1991 1189 2054 ab

74 2093 184 2158 eodem
210 2093 372 2169 Procopio
388 2093 419 2154 io
442 2092 585 2171 praefata
603 2091 766 2158 Historiae
780 2096 925 2159 Arcanos
947 2095 1108 2174 pericope.
1125 2090 1187 2156 Ubi

73 2196 234 2261 adulteria
251 2201 283 2258 et
304 2191 421 2273 tagitta
439 2211 606 2258 recensens
623 2195 802 2260 Antonione
820 2193 967 2260 Belisarii
984 2197 1096 2260 onoma
1110 2192 1189 2256 acri·

73 2293 127 2370 bit,
150 2295 251 2370 hanc,
274 2311 350 2357 eum
377 2293 479 2357 ¹valiat
505 2291 697 2360 Theodorae
728 2304 885 2374 augustae
911 2297 1098 2376 gestitis-nni,
1131 2311 1189 2374 per

2 2434 6 2461 ,·
73 2394 258 2477 Eugenium
281 2395 442 2461 inmotum
463 2413 559 2459 auum
575 2397 743 2466 ,occidisse
764 2398 950 2462 Siluerinm.

3 2551 4 2556 ,
151 2495 200 2562 oe
224 2500 287 2562 hoe
308 2507 417 2562 antem
445 2506 477 2561 et
499 2498 678 2566 Antonione
701 2508 732 2562 et
750 2499 865 2564 iainnii
886 2500 936 2564 ani
960 2500 1114 2574 facinore,
1131 2498 1190 2562 nisi

3 2657 4 2662 ,
72 2602 111 2664 tit
132 2599 364 2672 dubitantium,
386 2602 534 2678 quamtis
553 2611 662 2664 cetera
684 2619 702 2664 a
720 2601 881 2681 Procopio
903 2612 1046 2678 narrata,
1070 2603 1191 2665 inerint

70 2702 147 2765 aiibi
169 2703 307 2775 censita,
329 2717 368 2764 ac
389 2699 529 2780 iongiori
553 2701 679 2764 tirmata
701 2719 862 2775 sermone,
886 2711 919 2764 ot
945 2703 1027 2766 inira
1049 2702 1190 2772 ditetur,

73 2803 338 2886 investigantium
358 2811 507 2882 superest
529 2803 660 2882 ouantia
682 2805 763 2866 haec
784 2821 896 2882 passus
910 2805 950 2867 sit
968 2803 1137 2872 silverius,
1160 2812 1192 2866 et

72 2921 150 2968 uoto
175 2925 221 2968 ex
247 2903 393 2983 Procopii
417 2901 559 2967 Historia
581 2905 704 2983 aliquid
727 2905 836 2968 studio
852 2915 962 2969 nostro
984 2905 1128 2986 protis-iat
1154 2906 1191 2968 tte

74 3005 240 3068 condiente
261 3007 344 3068 inter
359 3002 488 3068 Siiverii
510 3004 646 3068 exilium
662 3016 694 3068 et
710 3014 860 3083 toortem,
884 3023 923 3070 ac
940 3003 1045 3086 vigitit
1062 3008 1192 3070 electio·

69 3125 142 3170 nem
167 3107 328 3187 temporis
348 3109 451 3187 spatio
475 3125 534 3184 pro
566 3110 717 3170 sarranice
744 3105 850 3187 vigitit
874 3107 1081 3186 ejusdemne
1106 3106 1191 3172 Patri

70 3207 274 3274 cathedram
296 3209 460 3274 evectione
483 3226 501 3272 a
522 3211 637 3289 quotis
659 3208 782 3273 ambitu
803 3213 953 3284 seorsim,
976 3221 1034 3271 aut
1057 3227 1192 3285 ustarpn·

70 3312 181 3388 tionis,
209 3317 269 3374 ant
294 3309 461 3383 simoniae,
482 3327 539 3373 seo
567 3310 748 3384 haereseos,
772 3310 823 3372 ret
845 3309 950 3374 caedis
976 3309 1120 3372 crimine.

151 3412 205 3478 Ac
230 3412 372 3489 interim,
394 3412 506 3493 nequis
531 3429 581 3474 nae
605 3411 792 3474 temeritatis
814 3419 929 3490 arguat
952 3417 1115 3489 tamquam
1137 3428 1193 3472 es·

67 3520 117 3576 tra
140 3529 356 3580 communem
389 3518 519 3577 euntem
549 3513 747 3592 opinionem,
769 3511 857 3576 haut
881 3515 1006 3591 ignoret
1024 3513 1191 3589 primum,

63 3614 204 3680 Sitterii
230 3614 347 3690 iatam,
379 3622 412 3676 et
433 3614 506 3676 taine
526 3613 662 3676 atterius
696 3615 933 3678 successionem
955 3625 995 3676 eo
1017 3613 1192 3678 intervatto

64 3717 317 3796 supervenisse,
339 3733 406 3795 quo
428 3716 459 3778 io
483 3711 574 3778 ltalia
607 3713 694 3796 degit
714 3712 892 3780 Betisarius
911 3713 1068 3778 adversos
1090 3711 1194 3777 Theo·

63 3818 185 3884 datum
212 3825 248 3882 ct
272 3814 407 3897 vitigem
430 3817 596 3890 dimicans,
620 3815 804 3896 etquidem
836 3819 972 3880 instante
995 3813 1196 3878 Romaene·

63 3923 214 3998 sidiona,
241 3933 339 3999 atque
362 3921 443 3982 intre
467 3918 577 3982 decem
601 3920 731 3982 circiter
753 3919 911 3982 mensium
931 3919 1083 3996 spatium.

151 4022 300 4101 Reapse,
324 4019 506 4101 Procopius
528 4023 558 4082 in
581 4021 678 4084 citata
702 4021 887 4083 narratione
909 4019 1072 4098 praemisit
1096 4018 1194 4082 Anto·

62 4127 178 4188 ninam
205 4139 343 4203 operam
364 4141 460 4188 auam
489 4120 680 4185 Theodorou
702 4121 901 4202 praestitisse
923 4121 953 4182 in
975 4121 1103 4186 Siieerii
1125 4139 1197 4182 cae-

61 4230 139 4292 dem
165 4235 204 4292 et
222 4225 297 4290 dein
319 4226 350 4286 io
363 4223 496 4288 loannis
516 4223 707 4304 cappadocis
729 4221 912 4302 perniciem.
929 4220 971 4286 Et
993 4223 1043 4286 hic
1060 4223 1195 4285 ultimus
