3042 4940
1132 374 1175 443 tta

76 467 176 540 iecisse
196 475 429 542 haereticorum
455 477 528 559 (qui
547 478 613 560 jam
636 493 673 542 ea
695 477 926 560 reprobarunt)
951 479 976 543 si
999 478 1175 544 orthodoxi

74 579 133 658 ipsa
153 580 258 646 eadem
280 580 485 646 ceratensem.

141 681 200 746 snt
214 683 344 763 propius
366 684 447 746 hooc
464 681 583 762 Pelagii
604 681 802 746 locutionem
821 692 1083 761 perscrutemur,
1110 700 1175 764 qna

71 783 260 846 adremarios
280 785 502 860 convincebat,
518 784 695 846 nullimode
718 785 909 849 tocnssntos
932 787 1099 865 episcopos
1121 803 1175 847 oc·

70 884 242 959 rideamini,
265 887 296 948 in
317 887 435 967 quibus
456 885 631 965 viginem,
656 886 743 966 quod
765 887 796 947 io
818 888 975 968 principio
998 888 1175 950 restiterint

72 988 159 1048 trium
172 985 394 1068 capitulorum
410 991 618 1064 anathemati,
642 988 724 1051 idest
739 988 841 1050 donec
861 989 948 1067 quod
966 1005 1078 1066 reapse
1100 1007 1177 1051 coo·

72 1088 216 1152 tineretur
237 1091 268 1151 in
291 1091 351 1154 hac
370 1093 571 1170 quaestione,
594 1099 815 1170 agnoscerent,
838 1099 870 1152 et
893 1091 1093 1171 usquedum
1118 1109 1175 1152 uo·

70 1186 227 1270 denosque
248 1207 438 1270 persuasum
460 1191 533 1271 ipsis
556 1191 651 1267 iuret,
673 1192 770 1252 trium
787 1190 1013 1270 Capitotorum
1038 1191 1177 1272 proscri-

69 1290 196 1369 ptionem
217 1309 281 1354 oon
302 1295 463 1358 contraire
484 1293 602 1378 synodi
623 1292 883 1356 chalcedonensis
904 1291 988 1354 fidei.

140 1389 210 1454 Duo
230 1393 332 1472 igitur
350 1403 452 1457 status
474 1414 514 1458 ex
538 1395 598 1457 hoo
619 1393 738 1472 Pelagii
760 1395 893 1474 epistota
916 1393 957 1456 ob
982 1392 1096 1458 ocnios
1119 1395 1174 1456 ha·
1274 1395 1279 1405 “

71 1489 153 1553 bandi
172 1505 248 1556 suot
270 1497 356 1558 circa
387 1497 552 1576 episcopos
573 1494 788 1558 occidentales
819 1495 925 1574 quoad
949 1504 1056 1558 notem
1077 1513 1177 1576 qnae·

68 1595 200 1657 ationem.
232 1595 363 1659 Primus
383 1597 538 1677 objicitur
566 1603 669 1658 statos
692 1598 921 1674 repugnantiae
942 1595 1060 1658 horum
1083 1597 1177 1676 Capi·

71 1693 204 1759 totorum
220 1696 429 1776 damnationig
451 1697 611 1761 secundus
626 1714 816 1759 conmotam
839 1697 977 1776 respicit.
1002 1696 1047 1760 De
1070 1699 1176 1777 primo

70 1795 213 1860 rationem
236 1799 343 1861 reddit
360 1798 508 1878 Pelagius
528 1799 569 1859 ab
590 1797 767 1876 ignorantia
791 1796 944 1874 petitam;
958 1814 1043 1877 quae
1064 1800 1097 1858 iu
1118 1799 1177 1862 ho·

67 1895 232 1974 juscemodi
254 1900 381 1962 casibus
404 1917 465 1962 ooo
487 1906 644 1978 provocat
663 1906 843 1977 stuporem,
867 1915 942 1962 cum
963 1906 1117 1978 ageretur
1136 1900 1177 1963 de

69 1995 208 2062 historiae
222 2002 460 2065 monumentis:
477 2002 516 2064 de
536 1999 678 2063 secundo
699 1997 903 2060 obtenebras
925 1999 1103 2078 dissipatas,
1126 2000 1177 2064 lu·

71 2100 144 2160 mine
166 2102 309 2165 veritatis
329 2112 547 2166 corruscante.
564 2100 614 2163 ttt
634 2083 955 2181 enjussplendorem
979 2101 1082 2180 primo
1105 2118 1178 2180 per-

68 2197 127 2276 tigit
147 2197 286 2280 vigilius
308 2200 581 2282 Constantinopoli
603 2201 739 2280 degens,
762 2201 978 2282 exposuitque
1000 2220 1058 2282 per
1078 2221 1175 2268 snum

70 2293 268 2365 iudicatum:
285 2303 371 2382 qnod
388 2303 501 2364 deinde
518 2302 658 2365 tirmarit
674 2303 705 2363 in
721 2300 903 2366 Constituto
919 2304 1102 2378 novissimo,
1120 2303 1175 2366 not

70 2401 121 2471 eit,
133 2421 163 2463 se
181 2411 312 2468 motura
332 2403 563 2480 deliberatione,
579 2404 742 2488 exploratu
764 2403 900 2466 Petrum
921 2412 1102 2467 sanctorum
1122 2405 1178 2467 du·

69 2503 175 2580 ctrina,
190 2507 233 2568 ud
246 2506 330 2570 ione
350 2506 541 2570 descendisse
561 2507 764 2579 sanctionem,
780 2508 935 2570 nantoatis
958 2510 1059 2570 tribus
1081 2506 1175 2589 Capi·

71 2605 146 2670 tuiis.
170 2606 312 2690 ideoque
328 2607 463 2690 vigilius
484 2613 524 2672 ab
544 2609 823 2685 aetateJodieati,
843 2629 908 2689 quo
924 2607 1086 2672 Theodori
1110 2629 1177 2674 mo·

70 2712 216 2784 psnesteni
236 2711 356 2792 scripta
372 2721 405 2774 et
419 2729 586 2790 personam
609 2711 832 2773 contiemnarit
845 2719 943 2790 atque
963 2709 1035 2774 ibae
1050 2709 1175 2792 Episto-

67 2805 125 2870 lam
144 2813 240 2876 sicuti
254 2821 293 2876 ,et
315 2811 502 2894 Conscripta
526 2812 734 2887 Theodoreti,
751 2814 782 2874 in
806 2814 864 2874 itae
888 2815 1028 2892 perstitit
1048 2823 1174 2876 senten·
1246 2867 1251 2878 .

70 2911 115 2972 tia.
136 2911 176 2976 Et
197 2915 260 2978 hoc
284 2917 344 2980 sibi
369 2915 440 2979 tuit
471 2915 618 2995 Pelagius
641 2915 672 2978 in
702 2914 860 2994 epistola;
894 2932 967 2977 cum
990 2923 1063 2976 ante
1085 2914 1170 2978 istud

69 3017 182 3093 tempus
202 3017 273 3079 sive
294 3017 334 3080 ab
356 3017 444 3080 initio
465 3016 661 3098 quaestionis
694 3015 857 3095 usquead
879 3035 975 3080 suurn
998 3017 1028 3076 in
1050 3012 1169 3080 Urbem

69 3117 177 3194 regiam
198 3117 387 3192 adrentum,
410 3119 564 3180 restiterit
586 3115 720 3197 Vigitios
750 3117 846 3180 trium
870 3115 1095 3196 Capitnlorum
1118 3118 1173 3180 da·

68 3217 219 3280 montioni.
245 3217 373 3280 Restitit
386 3218 516 3298 quidem
540 3228 628 3293 tunc,
644 3227 682 3280 nt
703 3220 744 3281 ita
768 3217 884 3290 dicam,
904 3219 934 3277 in
949 3218 1176 3296 expectatione

67 3317 151 3380 sicuti
166 3319 278 3400 ptores
299 3321 438 3400 episcopi
454 3320 690 3398 occidentates3
713 3337 771 3380 occ
787 3319 858 3382 ideo
882 3316 1100 3400 Encycticem‚
1117 3337 1176 3382 nee

67 3420 194 3496 quodvis
214 3422 358 3486 solemne
372 3422 540 3486 decretum
562 3423 666 3486 emisit
683 3420 767 3501 Papa
791 3438 851 3500 pro
873 3420 990 3482 uorum
1007 3418 1174 3500 Capitulu-

68 3535 132 3582 rnm
153 3523 350 3604 detensiooe3
373 3542 431 3588 nec
447 3525 549 3588 mutto
572 3525 676 3588 minus
698 3523 890 3599 contrarios,
907 3521 988 3585 idest
1009 3540 1175 3603 expugua-

69 3626 145 3686 tores
164 3625 359 3688 anathemati
381 3626 529 3708 subjecit.

138 3723 322 3801 Quinimmo
354 3732 408 3806 (et
429 3728 491 3792 tsoc
522 3729 730 3792 novissimum
764 3726 803 3788 ad
835 3727 881 3788 rei
913 3728 1178 3806 perspicuitatem

68 3829 237 3900 praeterire
259 3828 380 3906 nolim)
411 3847 486 3892 cutn
509 3827 658 3908 Pelagius
681 3826 721 3889 ΙΙ.
743 3826 918 3889 summarie
939 3828 1173 3892 considerasset

67 3926 283 4006 opiscoporum
307 3930 418 3993 {striae
440 3938 658 4009 praetextum,
675 3929 731 4009 qni
763 3927 860 3990 simul
882 3927 949 3990 nlla
971 3928 1093 4007 absque
1115 3929 1176 3991 dii·

68 4025 191 4093 iereotia
209 4032 292 4094 inter
307 4031 459 4114 Vigiiinm
478 4031 596 4112 Papam
612 4040 644 4094 et
658 4031 739 4094 alios
753 4031 930 4110 episcopos,
945 4047 982 4091 oe
999 4030 1082 4092 inter
1100 4039 1179 4094 tem·

67 4143 119 4206 pus
143 4151 209 4212 qno
236 4133 370 4196 iliorum
395 4136 534 4215 quisque
560 4135 592 4198 in
623 4134 801 4197 resistentia
829 4133 955 4208 mansit,
982 4131 1038 4213 qui
1067 4131 1178 4208 simui,

64 4229 122 4310 cio,
144 4235 238 4299 tatem
263 4233 371 4314 vtgtttt
395 4237 607 4300 resistentiam
627 4236 814 4317 objecerant
839 4233 1097 4300 indemnatione
1120 4233 1179 4300 Ca·

185 4332 325 4400 totta
680 4364 684 4372 s
942 4393 945 4401 ,
1039 4327 1060 4394 5
1165 4371 1167 4376 -
1254 4383 1259 4394 .
