3186 4946
189 503 234 568 hc
255 507 394 587 primum
415 505 579 572 sciendum
601 514 670 586 eat,
700 508 877 572 universim
898 509 933 573 iu
956 505 1099 572 Ecclesia
1122 518 1154 572 et
1175 509 1219 576 ab

120 607 179 684 ipso
199 604 395 691 Hieronymo
417 609 576 672 creditum
610 608 709 673 inisse
729 629 755 672 s.
781 607 989 690 Pamphilum
1010 609 1108 691 hujus
1129 607 1218 691 Apo·

119 705 211 787 legiae
230 719 411 786 auctorem,
431 729 530 790 quem
552 709 624 772 ideo
646 727 771 774 summa
787 709 907 774 adfecit
928 711 1154 792 senerati0n03
1170 711 1219 776 nti

120 814 232 876 eruitur
247 833 264 876 a
279 835 306 878 c.
329 812 458 878 LXXV.
480 814 523 878 Dc
550 811 633 877 Viris
653 813 855 878 illustribus:
878 817 908 875 ln
930 831 996 893 quo
1018 816 1098 898 haee
1120 815 1219 878 tradit

119 910 152 974 de
170 913 275 976 eodem
288 935 296 976 ε
311 936 331 974 a
349 914 537 995 Pamphilus
559 916 740 998 presbyter,
767 914 931 976 Ecclesiae
955 916 1164 980 caesariensis
1185 934 1219 980 e·

120 1011 225 1092 piscnpi
247 1013 378 1077 Eusebii
399 1017 611 1091 necessarias,
631 1003 718 1078 tanto
739 1014 960 1078 Bibliothecae
982 1017 1109 1080 divinae
1130 1035 1219 1080 amo·

120 1131 148 1176 re
166 1112 335 1195 flagrabat,
360 1126 397 1179 ut
418 1118 590 1180 maximam
613 1127 738 1197 partem
759 1115 910 1198 Origeuis
934 1119 1135 1182 voluminum
1156 1136 1216 1183 sua

120 1229 203 1277 naun
222 1216 449 1296 descripserit:
473 1235 559 1298 quae
591 1237 694 1298 nsque
715 1219 810 1282 hodie
832 1219 864 1280 in
889 1221 1079 1282 caesariensi
1101 1218 1221 1282 Biblio-

121 1314 198 1376 theca
220 1317 392 1380 hahentur.
416 1319 476 1382 Sed
500 1327 532 1382 et
553 1323 585 1384 in
607 1321 777 1384 duodecim
799 1322 973 1402 prophetas
996 1321 1105 1400 viginti
1127 1323 1220 1402 quin·

119 1433 172 1494 qne
192 1415 361 1498 lieepeseos
376 1416 525 1500 Origenis
550 1423 714 1486 volumina
737 1439 835 1486 manu
850 1422 922 1503 ejus
943 1431 1077 1484 exarata
1095 1424 1219 1504 reperi3

119 1535 190 1596 qnae
204 1530 291 1584 tanto
312 1524 539 1602 amplecteret
560 1543 658 1588 servo
673 1524 806 1605 gandia,
823 1534 858 1587 nt
877 1523 988 1588 Croesi
1003 1543 1082 1605 opes
1097 1525 1220 1589 hahere

120 1635 162 1682 me
174 1623 311 1685 credam.
329 1623 360 1687 Si
377 1623 460 1686 enirn
474 1623 598 1688 laetitia
620 1631 680 1700 est,
697 1644 795 1688 unam
811 1625 980 1704 epistolam
996 1627 1116 1689 hahere
1132 1625 1221 1691 ldar-
1266 1625 1268 1634 “

121 1721 199 1801 tyris,
213 1731 337 1801 quanto
361 1725 460 1803 magis
483 1731 530 1786 tot
552 1727 652 1788 millia
677 1743 844 1801 versuum,
862 1743 947 1805 quaa
968 1726 1045 1788 mihi
1070 1726 1221 1790 videntur

119 1823 160 1882 sni
178 1827 338 1903 sanguinis
358 1829 498 1904 signasse
522 1828 673 1906 vestigiis.
697 1823 845 1908 Scripsit,
869 1836 1038 1907 autequam
1064 1825 1220 1891 Eusebius

119 1922 307 1990 ausonensis
329 1926 496 2003 scriberet,
522 1925 758 2009 dpoiopeticum
778 1946 842 2008 pro
871 1927 1017 2008 Oripeue.
1045 1927 1088 1994 Et
1109 1947 1221 2011 passus

121 2033 159 2086 tal
178 2035 235 2090 ele.
253 2049 271 2086 a

189 2125 227 2190 Et
239 2147 316 2192 sane
335 2127 482 2194 Rudinus
495 2131 528 2193 in
543 2129 747 2193 Praelatione
762 2129 861 2210 hujus
878 2128 1079 2209 apologetici
1095 2129 1134 2192 ad
1151 2127 1222 2192 bla-

121 2230 243 2305 carinm‚
267 2250 309 2293 ex
334 2232 504 2293 traditione
525 2241 703 2307 asseverat,
727 2229 934 2310 Pamphilum
957 2232 1116 2311 hocopus
1135 2249 1224 2294 com·

120 2331 239 2408 pegisse.
264 2331 307 2394 Et
328 2333 374 2395 sic
395 2331 435 2394 ab
457 2332 570 2395 eodem
594 2334 691 2396 titulo
713 2341 745 2396 et
760 2333 961 2411 expositione
983 2332 1105 2412 ubique
1125 2350 1224 2412 appa·

122 2437 163 2492 ret
180 2450 204 2493 s.
220 2429 373 2514 blartpr3
387 2452 423 2494 ac
439 2434 534 2496 ambo
549 2433 704 2513 Origenes
719 2442 751 2496 et
767 2433 956 2514 Pamphilus
980 2442 1223 2514 repraesentan-

122 2535 167 2591 tur
181 2549 238 2595 cen
253 2534 507 2596 interlocutores
523 2534 593 2596 nlla
616 2535 738 2614 absque
753 2532 886 2597 Eusebii
903 2536 1075 2599 mentione.
1092 2533 1141 2598 Ac
1157 2541 1224 2598 tan·

121 2628 182 2692 dem
202 2632 239 2694 in
254 2633 395 2714 Epilogn
417 2633 633 2696 translationis
654 2634 787 2697 scribit:
805 2653 821 2692 u
837 2632 873 2695 ln
895 2634 955 2710 his,
972 2653 1057 2714 qnae
1077 2635 1225 2714 superio·

123 2728 145 2788 ri
162 2730 241 2796 libro
263 2733 443 2796 secundum
466 2733 716 2813 apologeticum
738 2735 841 2796 sancti
864 2737 1016 2816 martyris
1047 2734 1222 2814 Pamphili,

122 2845 206 2908 quem
227 2852 288 2915 pro
311 2836 450 2913 Origene
472 2853 590 2914 graeco
610 2853 758 2898 sermone
780 2835 900 2910 edidit,
922 2843 1022 2914 prout
1043 2836 1221 2916 potuimus.

123 2931 166 2993 sel
185 2950 234 2996 res
256 2935 415 3014 poposcit,
438 2937 540 2998 latino
561 2953 710 2998 sermone
731 2935 922 3016 digessimus
944 2943 1041 2996 cte.»

189 3031 324 3096 Photius
347 3053 447 3113 porro
478 3037 680 3115 praeclarius
703 3038 764 3099 hoc
796 3042 934 3108 testatur
956 3036 987 3097 in
1012 3033 1131 3098 Codice
1151 3031 1221 3100 118.

124 3127 164 3191 his
185 3134 310 3196 verbis:
339 3155 355 3193 s
384 3133 472 3197 Lecti
493 3145 570 3198 sunt
591 3135 751 3215 Pamphili
775 3137 927 3218 martyris
949 3143 982 3198 et
1010 3133 1142 3198 Eusebii
1162 3152 1225 3214 pro

122 3227 249 3311 Origene
278 3235 354 3297 libri
383 3254 463 3311 sex,
493 3253 637 3315 qnorum
667 3237 812 3316 quinque
843 3245 919 3299 sont
946 3253 964 3298 a
995 3233 1163 3314 Pamphilo
1192 3235 1225 3297 in

123 3345 264 3409 carcere,
293 3343 462 3416 praesente
483 3339 580 3400 etiarn
614 3335 774 3410 Eusebio,
801 3335 970 3398 elaborati.
1003 3335 1122 3400 Sextus
1146 3353 1224 3398 vero
1340 3365 1343 3374 ·

123 3441 282 3515 postquam
300 3437 370 3517 jam
396 3436 526 3522 hlartyr
554 3438 643 3500 lcrrn
675 3441 822 3517 privatus
853 3439 940 3512 vita,
971 3435 1009 3498 ad
1043 3437 1140 3499 unica
1169 3435 1225 3498 de·

122 3533 286 3601 sideratum
303 3537 407 3602 Deum
429 3541 595 3618 migrarat,
613 3541 654 3600 ab
670 3537 809 3602 Eusebio
825 3547 873 3602 est
886 3537 1066 3601 absolutus.
1082 3535 1126 3599 Et
1142 3555 1225 3614 peu·

124 3630 162 3694 ct'a
179 3635 359 3720 interjectis.
384 3637 464 3720 Ejus
479 3658 579 3718 porro
600 3639 806 3720 Apologiam,
825 3649 863 3702 nt
877 3640 1018 3702 diximus
1038 3635 1225 3716 Pamphilus

124 3752 179 3798 una
199 3758 273 3802 cnm
296 3739 450 3818 Eusebio,
473 3744 637 3804 communi
659 3757 792 3805 carcere
813 3742 927 3805 inclusi
948 3729 1222 3818 conscripserunt,

125 3840 323 3923 camdemque
344 3841 384 3904 ad
405 3861 483 3918 eos,
505 3843 561 3924 qni
583 3861 644 3923 pro
666 3841 783 3908 Christi
805 3844 933 3906 nomine
954 3841 994 3904 nd
1018 3839 1148 3904 metalla
1170 3839 1225 3902 da·

125 3942 211 4002 mnati
225 3943 476 4019 exercebantur,
494 3944 705 4008 consolationi
723 3945 903 4022 miserunt;
920 3959 1061 4024 quornm
1078 3942 1225 4021 princeps

126 4049 187 4104 erat
208 4041 463 4119 Patermuthius,
485 4044 542 4124 qui
564 4054 637 4123 post
657 4045 818 4126 Pamphili
840 4053 939 4108 etc.»

195 4140 251 4208 llis
267 4146 547 4210 nonobstantibus
563 4147 763 4222 testimoniis,
779 4143 998 4228 Hieronymus
1013 4144 1044 4206 in
1059 4142 1224 4208 llufflunm

126 4237 278 4324 dimicans,
296 4247 452 4312 adversus
466 4263 517 4326 es,
533 4265 618 4328 qnae
630 4255 725 4312 entes
740 4252 912 4326 statuerat,
929 4245 1077 4309 absolute
1092 4253 1125 4308 et
1136 4261 1227 4309 seor·
