3186 4946
326 425 381 478 mv

434 527 522 609 Post
549 530 640 608 haec
668 534 813 620 omnia,
845 535 1041 634 resumptis
1070 536 1271 634 praelatis,
1301 557 1409 617 nemu

326 675 398 730 non
415 656 546 732 viderit
561 672 650 757 quot
668 658 964 739 circumstantiae
978 663 1152 740 inducunt
1165 681 1207 741 ut
1223 665 1411 745 dubitetur

325 784 371 859 (le
400 784 555 878 jnridico
575 785 739 884 origenis
766 801 806 862 et
830 788 1003 864 librorum
1029 783 1180 867 'suorum
1204 797 1411 870 anathema·

328 927 366 988 te
393 912 463 1012 (de
493 913 556 986 illo
583 927 702 990 tamen
735 916 890 1014 Origene
919 917 1047 1016 loquor
1074 919 1253 997 Leonidae
1280 922 1353 998 lilio
1372 925 1409 998 in

322 1041 452 1118 Schola
483 1042 715 1120 alexandrina
733 1044 1052 1145 celebratissima)
1077 1061 1116 1122 et
1136 1050 1220 1123 hinc
1247 1072 1318 1124 non
1340 1073 1409 1125 uua

325 1169 640 1268 comprehenderit
663 1172 791 1271 cuique
824 1171 948 1260 licere,
979 1175 1125 1250 criticae
1154 1174 1295 1274 legibus
1328 1201 1409 1264 uso,

322 1299 400 1374 siue
423 1299 634 1386 offensione,
654 1323 719 1374 seu
747 1299 834 1398 quin
863 1301 1044 1378 Anastasii
1074 1302 1193 1402 Papae
1221 1305 1408 1380 decretum

323 1423 507 1513 laedatur,
540 1427 575 1499 in
601 1450 756 1502 examen
786 1451 956 1504 revocare
993 1431 1128 1528 Syuudi
1156 1432 1408 1506 alexandrinae

323 1565 419 1627 ncta.
446 1551 541 1627 Num
569 1553 708 1631 scilicet
729 1559 851 1648 iuxta,
876 1557 953 1631 sire
982 1571 1107 1632 contra
1142 1555 1325 1634 Ecclesiae
1349 1581 1408 1633 ca·

322 1669 436 1754 nones
465 1681 554 1757 inita
582 1683 631 1757 sit
663 1705 705 1756 ac
733 1683 880 1758 delinita
900 1687 1089 1781 quaestio:
1119 1698 1184 1759 aut
1204 1684 1334 1761 melius
1351 1686 1409 1762 de·

322 1805 505 1896 clerando,
533 1825 637 1886 extra
666 1809 866 1887 Ecclesiam
890 1805 1025 1888 frustra
1054 1812 1191 1887 factum
1210 1836 1290 1888 esse
1323 1813 1409 1888 Ori·

322 1959 451 2034 genem
469 1934 517 2012 ob
540 1960 599 2024 en,
615 1961 708 2035 quae
731 1937 867 2012 docuit.
883 1937 1007 2039 quue
1022 1942 1180 2039 amplius
1203 1941 1299 2040 quod
1322 1952 1407 2016 unte

321 2061 410 2138 illud
430 2076 574 2162 tempus
596 2063 773 2140 latissime
801 2064 912 2142 fuerit
935 2065 981 2140 ab
1008 2065 1201 2144 haereseos
1225 2079 1310 2143 nota
1329 2069 1409 2143 vin·

321 2189 462 2265 dicatus
491 2214 556 2289 per
583 2215 614 2265 s.
641 2190 820 2290 Pamphili
839 2192 1022 2284 studium3
1055 2217 1098 2270 ec
1130 2197 1278 2294 insuper
1296 2196 1342 2271 ob
1361 2195 1410 2270 il·

319 2312 381 2390 lud
410 2318 662 2414 pravissimum
700 2318 737 2394 in
775 2317 919 2415 Synndo
961 2322 1257 2416 contendentium
1298 2322 1408 2396 dissi·

320 2443 435 2528 diurn,
454 2468 610 2543 quocum
637 2468 751 2544 usque
779 2446 824 2520 ud
845 2445 1053 2522 violentiam
1080 2463 1228 2526 rentum
1248 2462 1318 2536 est,
1341 2471 1409 2525 ceu

319 2571 424 2647 nohis
452 2573 626 2648 traditum
649 2587 706 2648 est
734 2573 781 2647 ah
808 2574 1003 2650 historicis:
1034 2589 1072 2652 et
1101 2577 1191 2652 haec
1218 2577 1340 2652 omnic
1359 2575 1408 2652 ob

263 2717 265 2724 ·
321 2697 512 2797 Theophili
541 2701 827 2798 improbitatem.
860 2699 928 2792 Qui
958 2704 994 2776 in
1012 2702 1082 2776 hnc
1105 2687 1271 2800 origenis
1298 2727 1405 2779 causa

319 2837 360 2903 et
389 2827 650 2904 monachorum
687 2829 914 2904 nitriensium
943 2853 1009 2928 pro
1039 2830 1194 2927 Origene
1226 2833 1305 2928 ipso
1342 2832 1408 2906 dc·

205 2949 207 2952 ’
321 2957 555 3044 certantium,
570 2956 744 3033 barbarae
765 2958 1025 3056 persecutionis
1040 2958 1248 3057 princepem
1267 2983 1305 3034 se
1320 2983 1407 3036 cun-

319 3082 454 3158 stituit.
487 3084 600 3178 Cujus
627 3098 792 3162 ceterum
817 3099 946 3184 gesta,
974 3101 1109 3184 quanta
1141 3087 1269 3160 deirrrle
1298 3088 1333 3161 in
1358 3086 1404 3160 ii·

319 3208 454 3283 delium
477 3225 585 3286 coetu
606 3213 773 3288 scandala
799 3214 1043 3310 provocarint,
1076 3228 1115 3290 et
1141 3216 1283 3312 piorum
1311 3214 1407 3288 viru·-

319 3359 402 3412 rum
422 3336 665 3428 calamitates,
690 3341 899 3426 anathema,
920 3341 1015 3438 quod
1045 3341 1081 3414 in
1101 3343 1221 3440 ipsum
1241 3341 1331 3434 jecit
1347 3339 1407 3413 ln·

319 3467 510 3542 nocentius
532 3467 644 3566 Papa,
659 3481 817 3556 testatur
845 3468 1081 3566 amplissime.

429 3593 658 3693 Quapropter
677 3597 713 3670 in
737 3597 806 3670 hac
831 3598 939 3672 tertia
964 3595 1072 3672 Parte
1091 3609 1215 3672 nostra
1239 3599 1406 3683 interest,

323 3721 442 3795 omnia
468 3723 595 3798 sedulo
623 3725 842 3819 perscrutari
860 3726 897 3800 in
917 3749 968 3800 ss.
993 3724 1143 3802 Petrum
1170 3724 1273 3799 libris
1296 3724 1407 3801 decu·

323 3856 448 3922 menta
462 3852 647 3947 praesenti
667 3854 870 3949 quaestioni
894 3855 1185 3928 accommodata:
1205 3866 1243 3926 et
1259 3850 1404 3948 praeci·

322 3997 395 4073 pue
414 3975 560 4052 illorum
579 3976 624 4052 ah
643 3978 809 4076 Origenis
828 3992 950 4055 aetate
969 4003 1083 4078 usque
1098 3981 1143 4056 nd
1163 3977 1407 4077 Theophilum

320 4102 503 4181 discutere
523 4107 641 4192 ‹licta3
659 4128 813 4203 quorum
834 4107 1035 4182 auctoritas
1053 4107 1132 4184 sine
1149 4107 1310 4205 partium
1328 4118 1408 4180 stu·

313 4230 376 4306 dio
401 4231 596 4308 exhibetur
615 4232 733 4325 nohis,
759 4255 843 4314 cum
870 4233 1031 4316 noudum
1053 4235 1091 4314 in
1110 4231 1273 4316 Ecclesia
1291 4229 1407 4312 couci·
