3138 4950
199 389 200 394 ,
300 354 363 426 380

302 459 413 526 sertim
425 475 595 542 perrarum
612 461 800 542 imperitum
821 459 1109 528 contuetuiiniain
1122 459 1273 528 adeundo
1292 477 1426 542 regam.
1477 503 1483 512 -

299 561 443 636 Historia
465 560 610 628 asinaria
631 562 663 628 ln
686 561 801 629 divinia
822 560 1000 646 Scriptnria
1020 563 1178 630 adremon
1204 579 1279 626 eum
1299 569 1427 642 aperte

299 664 496 728 obtestatur.

268 839 270 843 .
380 763 450 830 Neo
470 764 566 828 aliter
586 761 772 830 lliatoricne
793 767 900 830 omnia
922 767 1025 846 probe
1052 772 1125 830 acta
1146 763 1320 830 luntim'ani
1338 779 1428 844 per·

301 873 429 928 vertens
444 865 475 926 in
492 866 693 932 contrarium
710 883 855 945 aeneum,
869 869 987 949 auique
1001 866 1123 930 obiitne
1137 873 1310 941 eteorum,
1327 879 1428 944 quae

298 973 391 1028 autea
414 967 444 1030 in
468 964 615 1048 Principe
635 967 830 1033 laudaverat
852 971 883 1032 in
897 987 925 1033 c.
940 967 1013 1033 xlt.
1029 965 1236 1042 lucentem,
1259 967 1345 1030 lunc
1360 983 1431 1028 vo·

298 1071 351 1126 cat
364 1065 403 1128 ed
424 1066 548 1130 scelera
565 1068 766 1147 perfacilem,
782 1071 918 1134 inimicia
937 1068 1186 1143 inexorabilem,
1205 1068 1278 1130 auri
1299 1067 1430 1133 arden·

302 1167 420 1230 tissime
432 1168 592 1234 sitientem
612 1177 645 1232 et
658 1172 821 1250 sanguinis
828 1191 840 1248 3
863 1174 920 1251 qul
941 1172 1118 1235 delationes
1142 1167 1295 1232 facillime
1313 1167 1429 1230 almi·

300 1270 341 1331 ait
360 1269 564 1349 etirrogavtt
578 1288 707 1351 menna.
730 1269 773 1334 Et
792 1272 867 1336 ine.
883 1271 975 1336 Xlll.
992 1274 1033 1336 de
1053 1272 1168 1336 mam
1189 1272 1287 1336 (licite
1303 1267 1429 1333 «Erat

173 1375 177 1382 '
302 1369 484 1434 luetiniauo
504 1373 631 1436 animur
652 1371 840 1452 pulviacnle
865 1373 985 1451 levior,
1006 1374 1073 1438 lruc
1092 1378 1193 1454 atque
1212 1373 1292 1436 llluc
1320 1369 1430 1436 laclle

303 1470 480 1534 trahendae
500 1478 731 1554 praeterquam
752 1473 793 1537 ai
815 1474 1093 1543 humanitatem.»

254 1619 258 1626 .
382 1571 434 1636 Ex
448 1571 633 1638 alrenoio
647 1573 849 1656 praelatione
865 1574 910 1638 De
924 1572 1089 1654 Aedificiis
1108 1577 1215 1655 lnquit
1227 1573 1430 1655 Prucnpiuec

301 1671 545 1739 «Clementiam
575 1675 784 1756 lmperatnrie
814 1674 1077 1753 ostentantem
1106 1675 1307 1748 insidiarum,
1334 1691 1431 1754 quan

302 1776 402 1856 ipsine
425 1777 509 1840 vitae
529 1784 733 1852 struxerant,
757 1776 924 1841 manifeste
945 1776 1096 1852 convicti,
1126 1792 1188 1839 non
1212 1777 1279 1852 vita,
1295 1777 1428 1852 solnm,

302 1877 505 1956 lortuniaque
525 1878 594 1942 auia
614 1875 774 1942 iruuntnr
795 1878 891 1956 hodie
902 1897 913 1958 3
935 1876 992 1942 aed
1014 1877 1155 1940 romanie
1176 1879 1272 1939 etiana
1292 1877 1432 1940 exerci-

290 1979 389 2041 tione
411 1986 577 2057 praeeunt,
597 1995 636 2040 ac
655 1994 690 2040 ee
711 1978 900 2042 consulibua
920 1969 1107 2059 adscriptor·
1122 1978 1278 2041 vident.»

346 2161 352 2174 .
382 2076 454 2143 Hoc
475 2094 555 2142 vero
576 2085 613 2142 ut
632 2079 772 2159 amplius
792 2079 1038 2161 comprobatur,
1062 2089 1191 2161 praesto
1212 2089 1259 2144 eat
1281 2079 1382 2142 Liber
1401 2079 1433 2142 l.

305 2202 333 2247 c.
352 2180 407 2245 lx.
423 2180 468 2244 De
481 2178 559 2244 lette
581 2178 763 2259 coenatica,
794 2183 850 2246 nbi
873 2182 956 2246 idem
973 2179 1151 2262 Procopius
1166 2181 1318 2244 elmeribit
1332 2177 1436 2245 Geli·

305 2285 385 2348 mari
401 2283 672 2347 insurrectionem
688 2283 846 2349 autemus
860 2283 1051 2359 lltlnricnm,
1066 2299 1134 2364 qno
1148 2283 1265 2365 ejecto,
1280 2299 1437 2362 occupa·

307 2387 354 2448 rit
367 2400 513 2465 regnum.
530 2381 567 2448 ln
584 2381 683 2449 Libro
698 2383 742 2448 ll.
757 2402 786 2447 c.
806 2382 863 2448 lx.
878 2385 1049 2450 victoriam
1068 2401 1129 2464 per
1139 2380 1336 2447 *Beliearinm
1350 2399 1442 2446 nar·

309 2493 362 2549 rat
381 2494 493 2550 contra
524 2485 676 2550 eumdem
697 2483 914 2551 Gelimereme
946 2487 1003 2566 qui
1025 2501 1136 2550 coram
1156 2483 1341 2549 Jnatiniann
1360 2485 1437 2548 uu-

305 2594 389 2661 ctos,
411 2575 550 2667 aupplex
573 2585 735 2650 reveritur
747 2595 959 2666 precatura«
976 2585 1158 2667 inperator
1176 2593 1299 2660 antam,
1310 2585 1435 2650 aubalit

307 2685 502 2765 lliatoriena,
518 2705 557 2752 ac
570 2685 742 2752 Theodora
757 2698 896 2768 angusta
919 2687 1048 2752 lltlerici
1064 2687 1147 2751 tiliae
1167 2694 1200 2749 et
1217 2701 1345 2750 omnem
1359 2684 1436 2750 Va·

305 2786 471 2852 leutiuiani
491 2789 621 2868 augusti
637 2791 825 2868 ,prosapiam
848 2789 950 2852 multa
982 2787 1118 2869 pecnnia
1139 2787 1310 2860 donarant.
1332 2783 1436 2852 Gett-

306 2906 397 2952 mero
418 2889 535 2955 lundon
556 2891 587 2952 in
609 2887 739 2955 Galatia
760 2892 965 2970 aenignarunt
985 2907 1050 2954 nun
1070 2889 1341 2954 contemnendoar
1364 2891 1432 2954 ulti

307 2989 410 3054 eidem
441 3007 517 3056 cum
552 2993 743 3071 cognatione
763 2991 858 3056 linuit
879 2992 1037 3055 habitare.
1062 2991 1106 3055 tr
1137 2991 1348 3072 patriciorum
1368 3009 1434 3054 nr·

307 3089 372 3154 dini
394 3090 467 3155 ideo
488 3074 551 3155 nnn
571 3092 635 3158 init
653 3093 837 3173 adscriptor
858 3091 1056 3178 (lelium,
1078 3093 1155 3172 qnia
1178 3092 1218 3153 ab
1239 3092 1433 3155 Artemam

308 3191 473 3257 diacedare
489 3193 603 3260 noluit.
619 3215 636 3254 a
652 3195 688 3258 ln
710 3195 758 3258 lrie
779 3195 835 3258 ubi
851 3211 973 3273 poenae
994 3209 1093 3274 quam
1116 3193 1268 3258 facillime
1289 3191 1433 3256 alneti·

309 3292 404 3356 niano
424 3294 588 3373 irrogatae
609 3297 752 3360 invasori
775 3293 894 3376 regeri?
915 3295 969 3360 abi
991 3293 1117 3358 animur
1140 3293 1348 3357 inexorabilia
1367 3294 1432 3356 aa·

310 3406 423 3456 verane
443 3394 755 3475 nortmannorum
776 3396 870 3472 talea,
893 3397 941 3458 nti
963 3413 998 3458 ee
1020 3397 1171 3474 praebuit
1186 3393 1344 3471 Geli-er,
1365 3395 1429 3474 qni

308 3492 449 3558 alienum
472 3495 625 3560 tlrronnm
648 3496 849 3578 occuparit'l
878 3494 940 3562 not
970 3498 1043 3560 auri
1064 3497 1133 3560 aitis
1153 3498 1185 3559 in
1208 3494 1427 3575 lmparatore,

309 3595 368 3675 qui
389 3593 507 3660 lundon
526 3600 673 3678 comnena
697 3599 782 3662 victo
805 3595 971 3662 Gelimero
998 3597 1143 3673 tonavit,
1167 3603 1201 3660 ct
1219 3599 1303 3660 inter
1323 3596 1429 3674 patri·

309 3696 379 3760 cioa
398 3696 599 3764 honorarit?

390 3795 466 3863 Pari
492 3799 569 3881 jure
598 3801 799 3866 convellitur
824 3803 947 3865 crimen
977 3800 1163 3866 Jnatlniauo
1194 3799 1382 3879 inscriptum
1406 3815 1428 3860 a

311 3895 470 3980 Procopio
491 3902 523 3964 in
540 3919 570 3964 c.
587 3899 643 3966 tt.
659 3901 853 3966 anecdotum
865 3921 876 3962 .·
888 3921 905 3963 e
917 3899 980 3966 Vix
995 3903 1140 3966 lenimur
1155 3901 1238 3976 uter,
1258 3903 1315 3976 alt,
1336 3899 1429 3962 alie·

310 4009 373 4076 rat,
388 4018 431 4064 ex
451 4019 519 4081 quo
540 4020 614 4068 cnm
639 4009 798 4084 potentate
813 4003 888 4080 init,
917 4015 950 4068 at
973 4003 1162 4067 Amantium
1194 4001 1426 4068 eunuchorum

310 4099 407 4164 aulae
429 4102 604 4182 principem
629 4102 791 4169 interiecit
811 4113 907 4168 ate.»
