3028 4942
103 467 138 530 ad
161 464 319 552 synodum
345 467 586 532 alexandrinam
608 469 694 532 clrca
722 483 840 533 annum
861 464 931 538 lli).
961 469 1016 533 ubi
1037 367 1199 550 origen&

103 572 327 648 etorigeuistae
348 573 563 635 tumultuarie
577 571 778 635 condemnati
798 578 885 648 sont,
909 579 1033 635 tautum
1055 573 1197 636 reverita

102 679 145 734 est
164 675 277 735 virum.
301 672 518 758 Hieronymus
534 691 671 752 numque
685 681 815 752 praeter
836 674 1005 752 ingenuam
1025 674 1197 738 contessio-

101 791 163 834 nem
184 774 214 835 in
229 773 372 854 Epistola
387 772 436 840 Sl.
459 776 497 837 ad
516 773 759 837 Pammachiom
781 782 813 838 at
833 775 998 838 Oceanum
1014 795 1044 838 n.
1060 774 1090 840 3.
1102 778 1197 840 emis·

101 889 171 947 sam,
192 892 224 936 se
245 875 397 938 nimirum
413 894 453 940 eo
475 893 577 954 nsque
594 875 800 954 origenistam
817 876 927 948 luisse,
950 877 1031 939 idest
1049 876 1197 957 Origeois

103 973 267 1036 doctrinam
288 977 441 1040 miratum
464 985 496 1040 et
517 977 646 1055 quidem
667 977 907 1051 orthodoxam,
940 985 973 1040 et
992 978 1090 1041 altius
1111 995 1199 1042 com·

103 1075 265 1152 mendasse,
288 1087 398 1156 postea
414 1095 493 1141 vero
507 1077 548 1139 ab
569 1078 630 1140 boc
641 1078 790 1141 cessarit:
809 1075 845 1140 Si
858 1076 938 1140 mibi
948 1076 1085 1155 creditis,
1097 1081 1153 1156 ait,
1165 1097 1199 1141 o·

101 1175 250 1255 ripmistes
262 1197 428 1259 nunquam
442 1177 504 1259 sui:
524 1179 554 1242 si
573 1195 638 1240 non
657 1178 795 1255 creditis,
813 1197 900 1242 nunc
920 1198 982 1242 esse
1002 1178 1139 1242 cassani:
1153 1180 1200 1244 oi·

104 1279 208 1340 anirum
225 1291 395 1360 postquam
410 1281 488 1359 legit
509 1279 679 1360 Theophili
699 1283 830 1361 scripta,
847 1290 895 1344 tot
909 1282 1123 1362 praeferentia
1146 1299 1198 1346 ca·

103 1376 285 1444 lumniarum
301 1383 403 1460 capita
425 1382 581 1445 adversus
602 1381 788 1462 Oriqeoem,
804 1389 897 1445 antea
920 1384 960 1444 ab
981 1384 1049 1463 ipso
1070 1385 1197 1464 iquore-

104 1487 148 1555 ta,
170 1483 265 1546 sicuti
287 1485 459 1564 praemissa
487 1484 630 1565 ejusdem
663 1486 841 1548 testimonia
872 1485 1101 1564 suffragantur.
1127 1483 1197 1550 Nisi

107 1582 177 1660 quod
197 1601 215 1645 a
237 1582 420 1664 Theophila
441 1586 606 1665 deceptus,
625 1595 658 1649 et
677 1586 762 1650 alius
784 1587 900 1661 lactus,
923 1588 981 1648 etsi
1004 1603 1066 1647 non
1088 1595 1195 1666 neget,

108 1693 235 1748 cunctam
260 1684 436 1749 Ecclesiam
467 1687 708 1753 Occidentalem
729 1687 840 1750 eadem
874 1695 1077 1765 prosecutam
1100 1687 1198 1752 inisse

104 1787 268 1848 reverentia
285 1784 456 1866 Origenem
471 1807 595 1868 suaque
613 1791 752 1870 scripta,
768 1788 807 1848 ad
824 1787 985 1872 prpelatos
1001 1796 1106 1850 tamen
1119 1789 1198 1850 scri·

102 1880 175 1958 bens,
196 1894 228 1948 et
244 1903 339 1947 suasu
362 1895 394 1949 et
408 1886 541 1950 illorum
564 1890 745 1968 opinionem
766 1889 888 1966 spernit
908 1888 1104 1954 dicentium:
1126 1885 1199 1950 Ori·

100 1984 252 2062 pareneio
272 1989 364 2068 sertis
376 1986 414 2050 in
425 1990 556 2066 coelum,
573 2001 609 2052 ut
627 1987 710 2052 nibil
729 2007 799 2052 cum
819 2007 940 2052 errasse
957 1988 1093 2052 dicatis:
1113 1991 1199 2054 sicu·

103 2085 251 2150 tirerera
276 2105 338 2150 non
360 2106 486 2152 errasse
507 2089 678 2169 bucusque
698 2090 833 2154 ostendi.

172 2185 392 2264 Quamobrem
409 2191 439 2252 in
457 2191 599 2271 Epistola
620 2188 671 2256 97.
693 2193 738 2266 ad
749 2191 988 2256 Pammacbinna
1004 2198 1037 2254 et
1057 2190 1197 2254 Marcel·

102 2288 254 2354 lamband
271 2291 377 2355 celans
399 2293 486 2370 quod
510 2293 608 2372 vulgo
629 2293 823 2356 credebatur
842 2293 882 2355 de
901 2293 1061 2356 librorum
1077 2300 1108 2354 et
1122 2291 1199 2373 dog·

100 2400 210 2456 matum
231 2391 381 2472 Origenis
397 2393 586 2473 falsatione3
609 2411 667 2458 aec
681 2403 714 2458 et
734 2413 865 2474 gravem
880 2395 1045 2457 occultans
1062 2391 1199 2456 difficul-

101 2500 206 2571 tatem,
229 2496 263 2558 in
283 2513 348 2574 qua
370 2496 528 2576 praevidit
550 2498 672 2559 versari
693 2498 912 2576 episcopatum
934 2495 1195 2569 Occidentalem,

101 2597 286 2660 anathemati
307 2605 494 2661 renuentem
514 2598 717 2662 subscribere
732 2599 892 2678 Origeois,
915 2600 977 2660 ait:
993 2597 1121 2660 cOrate
1142 2596 1200 2677 igi·

100 2705 148 2759 tur
168 2698 353 2773 Dominum,
370 2707 407 2762 ut
426 2700 512 2780 quod
529 2702 559 2763 iu
582 2718 697 2780 graeco
713 2701 830 2780 placet,
854 2702 884 2761 io
900 2701 998 2762 lutino
1013 2717 1075 2764 non
1090 2697 1200 2778 displi-

101 2806 182 2864 ceat:
198 2808 231 2863 et
251 2800 339 2881 qnod
360 2802 500 2863 miratur
512 2809 609 2881 atque
630 2802 795 2882 praedicat
816 2810 902 2864 totus
915 2802 1043 2874 Oriens,
1058 2800 1143 2862 laeto
1157 2799 1199 2862 si·

101 2915 139 2962 uu
160 2899 261 2966 Roma
284 2901 445 2982 suscipiat.
472 2900 745 2966 praedicationem
769 2920 901 2982 quoque
916 2901 1095 2964 Catbedrae
1111 2899 1200 2963 Mar·

100 3001 126 3062 ci
145 3001 388 3083 Evangelistae,
410 3001 571 3068 Cathedra
597 3002 682 3067 Patri
705 3003 851 3084 Apostoli
880 3020 938 3066 sua
961 3002 1199 3082 praedicatione

101 3103 271 3168 confirmet.
287 3103 491 3184 Quamquam
513 3105 632 3168 celebri
647 3105 978 3183 sermoue'rulgatum
999 3104 1052 3176 sit,
1069 3103 1199 3166 beatum

101 3221 225 3285 quoque
246 3203 364 3285 Papam
387 3207 591 3270 anastasium
612 3207 724 3271 eodem
747 3207 888 3282 terrore,
906 3208 982 3285 quia
1004 3203 1116 3268 eodem
1136 3205 1200 3284 spi·

101 3307 161 3368 ritu
180 3314 242 3382 est,
264 3307 425 3371 latitantes
446 3311 477 3370 in
500 3308 602 3372 loreis
622 3310 690 3371 suis
712 3309 891 3372 haereticos
910 3309 1120 3389 persequitur
1131 3326 1142 3382 3
1168 3311 1201 3368 et

103 3407 165 3487 ejus
178 3409 308 3473 litterae
322 3409 457 3474 doceant
477 3410 664 3474 damnatum
679 3412 709 3472 in
723 3409 908 3484 Occidente,
925 3409 1012 3489 quod
1035 3410 1066 3471 in
1087 3406 1202 3470 Orien·

103 3517 131 3572 ts
149 3510 332 3576 damnatum
354 3521 411 3576 est.
427 3512 487 3577 Cui
509 3514 629 3576 multos
650 3529 748 3576 annos
761 3521 822 3576 etc.
839 3531 856 3570 a
874 3512 1000 3576 interea
1021 3509 1200 3574 communis
1245 3581 1247 3588 y

102 3607 260 3676 Ecclesiae
279 3611 495 3676 Occidentalis
515 3615 622 3694 opinio
643 3632 718 3693 erga
741 3614 914 3694 Origenem
933 3629 1075 3691 suasque
1100 3610 1202 3673 libros

105 3710 115 3784 l
122 3731 159 3776 ex
178 3715 282 3796 ipsius
291 3711 481 3799 Hieronymi
502 3715 720 3792 confessione)
736 3715 823 3795 quod
845 3732 982 3795 quaero,
999 3710 1094 3774 modo
1114 3711 1202 3774 suffi-

105 3815 170 3877 ciat.
191 3816 277 3892 Quid
298 3825 405 3879 autem
426 3819 529 3896 egerit
549 3816 735 3880 Anastasius
751 3817 834 3897 Papa
857 3818 896 3879 de
918 3816 977 3890 hac
993 3814 1200 3893 quaestione3

105 3913 166 3978 sire
185 3914 349 3995 quomodo
378 3921 596 3997 acceptaverit
629 3917 794 4001 synodum
819 3915 1061 4002 alexandrinam
1087 3913 1203 3976 adver-

104 4031 154 4076 sus
179 4016 325 4096 Origeois
354 4017 454 4082 libros
475 4028 507 4082 et
533 4020 720 4098 origenistas
751 4017 924 4082 monachos
952 4016 1147 4089 adunatam,
1168 4015 1201 4076 iu

106 4117 303 4195 sequentibus
322 4116 548 4200 disputabitur.
571 4117 806 4185 Tantummodo
832 4120 887 4180 btc
912 4116 1026 4180 audire
1046 4123 1200 4197 praestat,

108 4233 142 4280 ac
158 4220 306 4295 natiue,
329 4221 542 4287 conditionem
563 4219 750 4306 Hieronymi
771 4222 802 4283 in
826 4220 1023 4284 Palaestinae
1045 4225 1202 4282 monaste·
