3066 4950
351 339 416 506 {22
438 442 618 521 posuimus,
634 455 718 521 quaa
732 457 798 504 nnn
819 437 999 522 eademqne
1012 445 1061 504 ecl
1083 439 1183 503 trium
1199 439 1437 521 praecedanlinu

353 545 572 630 synodorum,
596 544 678 607 ideal
699 544 862 618 nicaenae,
888 541 1262 623 constantinopolitanae,
1292 543 1441 621 ephesinae

352 648 477 730 primae
499 655 544 721 et,
561 643 628 710 Deo
646 645 795 727 jurante,
811 646 842 708 in
864 663 900 708 aa
924 663 981 709 uos
1003 645 1089 708 omui
1111 645 1254 708 sincerae
1275 645 1383 707 ruentis
1399 645 1442 706 de·

354 749 485 812 notione
506 743 680 828 persistere
701 747 887 810 fraternitas
903 755 1009 810 veslra
1033 757 1064 811 ol
1087 749 1278 812 universalis
1299 747 1442 827 cognoscit
1506 709 1507 782 Ῑ

353 849 499 914 Ecclesia
522 857 582 913 elo.
599 869 615 908 »
633 849 739 913 Porro
760 867 822 913 noo
843 857 892 913 cst
913 849 1095 912 mirandum
1118 851 1156 912 de
1179 851 1239 913 bae
1258 851 1441 931 supposititia

352 951 463 1033 Vigliii
484 953 581 1030 impia
604 953 752 1030 epistola,
775 953 891 1033 inqua
915 959 1026 1031 aperte
1049 961 1161 1016 contra
1183 971 1274 1016 suam
1298 961 1330 1016 et
1348 953 1441 1016 orlbo·

353 1053 472 1117 doxam
488 1053 604 1116 incedit
626 1052 720 1116 tidem
735 1073 743 1114 c
760 1070 834 1116 cnm
856 1052 1137 1116 schismaticorum
1160 1055 1220 1116 tria
1236 1053 1380 1133 Capitale
1399 1052 1441 1114 de
1506 1117 1507 1128 p

353 1154 551 1218 tendentium
569 1153 701 1234 pertidia
730 1153 812 1215 adeo
838 1163 1060 1217 consummata
1084 1154 1195 1228 inerit,
1218 1162 1255 1218 nt
1270 1155 1370 1216 omnir
1385 1163 1442 1216 acta

351 1265 385 1318 et
404 1257 524 1335 scripta
553 1257 689 1336 genuina
714 1253 877 1318 Pontificis
903 1254 934 1316 io
959 1255 1155 1318 contrariam
1185 1263 1324 1335 partem,
1345 1254 1442 1316 laisan·

351 1358 394 1420 do
415 1365 657 1422 converterent.

432 1458 521 1523 Haec
552 1471 660 1523 antem
692 1460 769 1521 vidit
803 1459 978 1521 universim
1009 1457 1176 1538 praetatus
1204 1455 1376 1524 Severinns
1402 1451 1442 1516 lll-

352 1561 446 1640 nius;
466 1563 521 1641 qui
544 1563 574 1622 in
590 1559 681 1624 Notis
703 1559 939 1634 Coraciliorum,
956 1561 1074 1640 quibus
1094 1559 1234 1623 Liberali
1258 1557 1442 1622 Bresiarinn

350 1667 508 1728 insertum
532 1663 605 1738 init,
627 1662 744 1744 inquil:
763 1683 779 1722 a
795 1661 999 1724 breviarium
1022 1663 1082 1725 boc
1103 1662 1140 1723 da
1159 1680 1257 1724 causo
1277 1659 1441 1724 ucsloricm

352 1775 380 1830 al
402 1759 589 1845 eutychiano
611 1766 841 1843 couscriptum,
866 1763 907 1826 ab
929 1763 1152 1827 Ecclesiastico
1169 1761 1314 1826 Historia
1331 1781 1349 1826 e
1369 1779 1442 1842 grac

353 1887 393 1932 uo
414 1870 446 1930 in
476 1868 611 1930 latinum
635 1868 802 1942 translata,
824 1872 857 1932 el
877 1885 917 1929 ex
940 1869 1036 1945 gestis
1066 1865 1289 1950 synodalibus,
1311 1874 1401 1944 alque
1416 1880 1441 1925 a·

351 1969 428 2032 liam
450 1987 490 2032 ex
514 1969 656 2049 epistolis
686 1977 873 2033 sanatorum
898 1965 1032 2031 Palcnm
1062 1966 1268 2046 desumptum
1291 1983 1369 2042 essa,
1389 1965 1441 2044 ipsa

351 2069 523 2134 Liberalns
550 2069 661 2134 scribit
682 2069 712 2132 io
736 2069 938 2133 Praelatioun
968 2068 1067 2151 bnjus
1087 2065 1258 2148 Opusauli.
1283 2065 1439 2131 Historia·

350 2173 463 2251 capitis
475 2169 515 2234 X.
532 2173 660 2234 incaute
686 2171 778 2233 nimis
798 2169 964 2251 abaliquo
987 2169 1171 2234 nestoriano
1185 2169 1294 2234 nescio
1316 2187 1377 2250 qno
1390 2183 1442 2230 na·

355 2289 414 2351 gna
438 2289 479 2334 ex
502 2277 593 2349 parte
616 2275 782 2332 muluatus
804 2268 1037 2341 essa'ridctur‚
1060 2276 1128 2333 lum
1150 2268 1237 2350 qnod
1259 2266 1441 2333 ortbndoros
1505 2344 1507 2367 A

254 2447 260 2453 ,
350 2373 523 2437 monachos
552 2371 723 2435 Armeniae
738 2369 900 2434 Theodori
922 2370 1138 2452 mopsuesteni
1161 2371 1284 2452 scripta
1305 2371 1441 2434 insectan-
1506 2385 1507 2414 l

350 2484 412 2550 tes,
443 2493 503 2555 pro
526 2491 616 2538 ruore
637 2475 911 2561 nestorianorum,
945 2474 1183 2556 apollinaristas
1204 2474 1364 2553 nominel;
1385 2479 1439 2534 lnu

351 2577 447 2640 eliam
469 2575 555 2655 quod
578 2573 786 2638 Theodorum
817 2583 1080 2654 mopsuestenum
1101 2593 1118 2637 a
1144 2595 1168 2639 s.
1196 2575 1325 2660 cyrillo
1346 2571 1441 2636 landr-

352 2685 435 2751 lnm‚
457 2685 489 2738 ol
511 2695 528 2740 a
551 2675 1010 2765 sacrosanoloebalcedooensi
1028 2675 1173 2743 Concilio
1194 2695 1267 2742 cum
1290 2676 1383 2740 laude
1401 2691 1440 2735 rc·

352 2785 481 2858 ceptum
504 2797 586 2854 esse,
607 2779 735 2840 scribat.
759 2775 852 2852 Quae
873 2777 998 2856 singula
1021 2795 1083 2842 non
1106 2777 1202 2841 modo
1223 2796 1287 2841 nou
1309 2783 1380 2843 sunl
1399 2791 1439 2836 rc·

269 2947 270 2958 p
352 2897 409 2958 rn3
432 2881 487 2944 sed
509 2881 604 2942 eliam
636 2881 710 2961 lpsls
731 2878 845 2962 Cyrilli
875 2879 1002 2958 scriptis
1024 2878 1064 2942 de
1095 2879 1296 2960 exposiliona
1336 2873 1438 2942 nicaeni

349 2981 507 3068 symboli,
530 2982 654 3064 ipsique
674 2982 754 3062 (qno
781 2999 816 3044 se
838 2981 935 3045 vertit
957 2979 1142 3058 Liberatus)
1165 2982 1314 3046 relalioni
1333 2978 1440 3064 synodi·

349 3103 407 3148 caa
429 3085 689 3148 chalcedonensis
704 3083 838 3150 Consilii
860 3085 898 3148 ad
917 3085 1118 3148 Marcianum
1140 3083 1257 3161 iactae,
1273 3085 1365 3164 plane
1379 3085 1439 3144 aaut

350 3186 524 3248 contraria.
539 3202 555 3242 r
572 3182 642 3248 lslis
662 3185 747 3248 nolis
767 3202 842 3249 cum
867 3186 929 3248 alia
951 3185 1125 3249 addidisset
1146 3184 1258 3249 binius
1279 3203 1339 3265 pro
1357 3179 1440 3261 suspi-

349 3289 442 3349 cione
464 3287 662 3368 imposturae
684 3287 716 3348 iu
738 3287 799 3349 boc
820 3286 990 3350 Breviorio
1011 3286 1254 3362 conscribendo,
1277 3285 1436 3351 concludils

351 3387 473 3451 «llaec
494 3396 580 3462 sunl,
602 3388 836 3465 tonsorantes,
860 3405 946 3469 quaa
964 3389 1172 3452 illustrissimi
1197 3389 1257 3452 riri
1273 3385 1438 3454 Cardiualcs

349 3487 508 3553 Burooins
529 3495 562 3551 el
577 3485 798 3553 Bellarminns
821 3489 853 3551 in
869 3491 930 3554 boc
951 3487 1120 3554 breviario
1141 3497 1236 3554 naula
1263 3489 1387 3571 legenda
1402 3505 1438 3550 ce

279 3597 280 3600 ’
348 3610 395 3664 sc,
413 3590 547 3652 diversis
569 3592 600 3651 ln
621 3590 702 3654 locis
717 3598 871 3654 notarunt
892 3596 924 3654 ol
944 3589 1155 3654 admonuere:
1171 3608 1258 3672 quae
1279 3609 1350 3655 cunr
1369 3589 1437 3652 scito

346 3691 520 3754 admodum
544 3691 721 3754 neccssaria
743 3709 812 3755 ease
828 3692 1011 3768 videantur,
1026 3697 1216 3774 peraculum
1239 3692 1310 3756 tore
1330 3685 1434 3772 putari,

345 3793 375 3855 si
397 3791 495 3871 paulo
516 3790 689 3872 prolixius,
713 3809 812 3873 quam
837 3793 1029 3872 praestitum
1051 3800 1100 3858 est
1114 3812 1132 3857 a
1148 3792 1320 3859 Possevino
1339 3794 1368 3856 in
1387 3789 1436 3868 dp
1506 3781 1507 3788 ’

341 3903 465 3972 parata
486 3911 589 3969 sumo,
613 3894 819 3958 haecomnia
840 3901 1073 3960 annotarem.»
1162 3953 1165 3958 ,

427 3991 659 4060 Verumtamen
674 3996 758 4060 inter
772 4013 824 4072 ea,
841 4015 926 4078 qnae
941 3999 1080 4077 praelati
1096 3997 1207 4065 Crilici
1221 3999 1298 4081 jura
1311 3996 1348 4060 de
1360 3992 1433 4058 Libe

347 4095 409 4157 rali
432 4090 602 4160 Broaiario
616 4097 765 4160 arbitrali
783 4105 860 4162 snut
879 4097 918 4161 ad
937 4099 1187 4165 imminuendam
1205 4117 1281 4181 erga
1302 4097 1358 4162 boc
1371 4089 1434 4158 scri·

348 4199 441 4274 plum
463 4192 571 4278 tidem,
596 4186 676 4262 illud
700 4198 947 4280 praetermisere
969 4200 1056 4282 quod
1087 4201 1118 4266 in
1143 4195 1431 4278 Prooemindicilur
