3138 4950
340 369 401 442 tva

380 492 450 551 rvr,
469 473 561 538 dulus
581 481 610 536 et
626 477 762 559 perfidia
780 478 974 553 revelantur,
1000 489 1028 543 et
1048 474 1187 545 aliarum
1203 475 1308 545 animi
1325 477 1374 545 in·

380 576 511 658 tepritas
525 578 640 659 (viaet,
653 580 838 663 sinceraque
860 583 938 663 fides
943 628 1262 648 .......
1306 603 1376 668 ρας.
1399 583 1464 658 ten

780 804 920 873 CAPUT
952 805 1021 871 XV.

338 1002 504 1072 Pevuliati
535 1003 639 1070 studia
666 1005 852 1084 diluuntur,
884 1029 964 1092 quae
990 1009 1164 1073 Facundus
1193 1007 1381 1076 Iustiniana

375 1107 485 1190 abiicit
503 1107 539 1173 iu
561 1107 656 1173 Libra
678 1109 698 1173 1
705 1107 733 1172 V.
756 1120 784 1174 et
804 1111 842 1174 ab
863 1111 965 1175 eadem
985 1111 1130 1174 discussa
1152 1110 1185 1174 in
1204 1112 1306 1176 alteru
1330 1113 1380 1178 Li·

376 1208 432 1274 bra
451 1211 602 1276 adversus
629 1210 827 1288 Mucianum,
856 1211 1031 1276 universim
1052 1214 1171 1275 vallata
1196 1214 1382 1294 praemunis

378 1313 467 1378 eirea
486 1312 550 1379 tria
564 1316 717 1395 praesuta
744 1311 890 1397 capitula
909 1311 1212 1395 investipatiunibus.
1256 1361 1266 1379 .
1310 1361 1317 1376 .
1361 1313 1460 1382 »157

774 1541 913 1609 CAPUT
935 1539 1023 1606 xvt.

337 1720 501 1805 Praesentis
529 1722 680 1788 inanibus
710 1723 859 1789 Facundi
880 1723 1111 1788 hermianensis
1130 1722 1381 1790 discussionibus

379 1834 589 1890 eonsentauea
610 1823 823 1906 expediuntur
837 1836 867 1887 et
879 1826 1077 1905 refutantur,
1094 1846 1175 1906 quae
1191 1825 1301 1888 deinde
1318 1827 1382 1906 ipse

378 1926 502 2003 veribit,
531 1928 736 1992 urtltadouam
766 1946 975 2008 prapupuaus
1008 1927 1189 1992 doctrinam
1223 1927 1382 2010 Epistulae

378 2029 422 2092 ad
435 2026 556 2094 Murim
569 2028 699 2093 Persam
712 2025 786 2092 ibae
800 2027 987 2110 inscriptae,
1000 2029 1094 2112 idque
1107 2049 1147 2093 ev
1162 2028 1283 2111 Synvdi
1295 2031 1382 2094 enul-

379 2130 558 2195 sedvneusis
579 2132 697 2195 dearetu
712 2148 918 2213 praesumens
944 2177 1319 2197 ........
1363 2152 1380 2191 u
1405 2130 1464 2198 178

759 2353 900 2422 CAPUT
920 2355 1023 2421 xvtt.

278 2588 285 2604 ²
345 2559 448 2627 Cetera
469 2564 620 2626 adversus
640 2561 830 2624 Faeundum
851 2561 937 2624 cirea
952 2563 1089 2628 eamdem
1107 2561 1178 2626 Idae
1199 2561 1382 2645 inscriptam

378 2663 556 2744 Epistulam
574 2664 783 2726 enucleantur
797 2663 1001 2738 douleusate,
1013 2663 1204 2744 praesertim
1223 2686 1262 2728 ea
1280 2665 1383 2730 Calla-

378 2766 461 2830 tione
480 2763 708 2829 catholicarum
736 2783 806 2828 auru
828 2765 1001 2830 severianis
1021 2767 1166 2848 repetita,
1194 2767 1307 2848 quidus
1328 2787 1383 2831 nv·

380 2879 482 2933 strum
503 2866 608 2948 napis
628 2869 780 2949 firmatur
799 2879 1021 2949 arpumeutum
1055 2915 1321 2934 ......
1365 2891 1381 2928 n
1403 2867 1463 2936 198

764 3082 903 3152 CAPUT
925 3083 1045 3152 xvut.

347 3291 486 3357 Veterum
508 3291 715 3372 quarumdam
735 3291 770 3353 de
782 3285 907 3369 Suuadv
928 3287 959 3354 V.
976 3301 1004 3354 et
1023 3292 1061 3354 de
1085 3289 1196 3373 Vipiliv
1219 3291 1310 3372 Papa
1330 3312 1381 3356 ae·

378 3403 494 3457 aurata
513 3391 696 3456 instituitur
714 3389 895 3472 disquisitio
910 3393 1178 3469 documentorum,
1195 3394 1278 3457 unde
1304 3391 1380 3456 Cau-

380 3493 449 3560 eilii
475 3494 613 3576 ejusdem
643 3503 829 3557 tractatores
859 3495 1026 3558 admodum
1056 3496 1183 3576 evresusi
1209 3507 1237 3560 et
1269 3495 1379 3576 offensi

382 3604 457 3660 sunt
475 3638 1315 3661 .................
1358 3617 1376 3656 u
1396 3592 1457 3664 208

778 3821 918 3889 CAPUT
940 3819 1027 3888 XIX.

341 4027 478 4113 Reliqua
496 4030 719 4111 expenduntur
753 4027 860 4108 Vipilii
884 4026 990 4108 Papae
1011 4037 1038 4088 et
1058 4025 1240 4092 Iustiniani
1260 4028 1385 4094 decreta

382 4129 446 4196 sius
465 4131 645 4212 apaaryplea
666 4129 730 4196 sive
757 4129 950 4210 interpolata
982 4121 1072 4192 licen
1094 4138 1239 4192 conserta
1265 4126 1386 4210 Synvdi

381 4233 592 4330 aecumenicae
619 4232 647 4296 V.
670 4255 691 4296 a
711 4233 810 4298 trium
836 4230 1052 4312 i'upitularnm
1075 4232 1288 4312 defensoribus
1309 4279 1319 4297 .
1363 4227 1458 4302 »228
