<?xml version="1.0" encoding="UTF-8"?>
<!DOCTYPE html PUBLIC "-//W3C//DTD XHTML 1.0 Transitional//EN"
    "http://www.w3.org/TR/xhtml1/DTD/xhtml1-transitional.dtd">
<html xmlns="http://www.w3.org/1999/xhtml" xml:lang="en" lang="en">
 <head>
  <title>
</title>
<meta http-equiv="Content-Type" content="text/html;charset=utf-8" />
  <meta name='ocr-system' content='tesseract 3.04.00' />
  <meta name='ocr-capabilities' content='ocr_page ocr_carea ocr_par ocr_line ocrx_word'/>
</head>
<body>
  <div class='ocr_page' id='page_1' title='image "./insgregoriinyss01vincgoog/insgregoriinyss01vincgoog_0097.png"; bbox 0 0 3186 4946; ppageno 0'>
   <div class='ocr_carea' id='block_1_1' title="bbox 371 377 1474 559">
    <p class='ocr_par' dir='ltr' id='par_1_1' title="bbox 371 377 1474 559">
     <span class='ocr_line' id='line_1_1' title="bbox 371 377 1474 559; baseline -0.002 -15"><span class='ocrx_word' id='word_1_1' title='bbox 371 377 410 448; x_wconf 58' lang='lat' dir='ltr'><em>w</em></span> <span class='ocrx_word' id='word_1_2' title='bbox 454 480 548 546; x_wconf 75' lang='lat' dir='ltr'><strong>Alter</strong></span> <span class='ocrx_word' id='word_1_3' title='bbox 569 498 647 545; x_wconf 83' lang='lat' dir='ltr'><strong>vero</strong></span> <span class='ocrx_word' id='word_1_4' title='bbox 668 477 869 554; x_wconf 81' lang='lat' dir='ltr'><strong>Eustatlrins,</strong></span> <span class='ocrx_word' id='word_1_5' title='bbox 892 479 950 542; x_wconf 88' lang='lat' dir='ltr'><strong>etsi</strong></span> <span class='ocrx_word' id='word_1_6' title='bbox 972 479 1152 559; x_wconf 81' lang='lat' dir='ltr'><strong>opinionem</strong></span> <span class='ocrx_word' id='word_1_7' title='bbox 1173 495 1264 542; x_wconf 89' lang='lat' dir='ltr'><strong>snam</strong></span> <span class='ocrx_word' id='word_1_8' title='bbox 1287 495 1351 540; x_wconf 92' lang='lat' dir='ltr'><strong>nou</strong></span> <span class='ocrx_word' id='word_1_9' title='bbox 1371 495 1474 542; x_wconf 89' lang='lat' dir='ltr'><strong>ernen-</strong></span> 
     </span>
    </p>
   </div>
   <div class='ocr_carea' id='block_1_2' title="bbox 358 579 1550 4314">
    <p class='ocr_par' dir='ltr' id='par_1_2' title="bbox 366 579 1475 1374">
     <span class='ocr_line' id='line_1_2' title="bbox 373 579 1474 660; baseline -0.005 -14"><span class='ocrx_word' id='word_1_10' title='bbox 373 583 469 659; x_wconf 87' lang='lat' dir='ltr'><strong>darit,</strong></span> <span class='ocrx_word' id='word_1_11' title='bbox 492 591 633 646; x_wconf 88' lang='lat' dir='ltr'><strong>attamen</strong></span> <span class='ocrx_word' id='word_1_12' title='bbox 654 581 855 660; x_wconf 72' lang='lat' dir='ltr'><strong>amplissimis</strong></span> <span class='ocrx_word' id='word_1_13' title='bbox 876 581 1073 660; x_wconf 77' lang='lat' dir='ltr'><strong>argumentis</strong></span> <span class='ocrx_word' id='word_1_14' title='bbox 1089 579 1285 642; x_wconf 79' lang='lat' dir='ltr'><strong>ostendimus</strong></span> <span class='ocrx_word' id='word_1_15' title='bbox 1300 587 1366 642; x_wconf 91' lang='lat' dir='ltr'><strong>tum</strong></span> <span class='ocrx_word' id='word_1_16' title='bbox 1383 581 1413 643; x_wconf 92' lang='lat' dir='ltr'><strong>iu</strong></span> <span class='ocrx_word' id='word_1_17' title='bbox 1429 580 1474 641; x_wconf 84' lang='lat' dir='ltr'><strong>lsi·</strong></span> 
     </span>
     <span class='ocr_line' id='line_1_3' title="bbox 371 682 1471 764; baseline -0.005 -15"><span class='ocrx_word' id='word_1_18' title='bbox 371 687 470 750; x_wconf 87' lang='lat' dir='ltr'><strong>storia</strong></span> <span class='ocrx_word' id='word_1_19' title='bbox 492 686 532 748; x_wconf 94' lang='lat' dir='ltr'><strong>de</strong></span> <span class='ocrx_word' id='word_1_20' title='bbox 554 682 787 764; x_wconf 78' lang='lat' dir='ltr'><strong>ventriloqua,</strong></span> <span class='ocrx_word' id='word_1_21' title='bbox 811 692 878 744; x_wconf 88' lang='lat' dir='ltr'><strong>tum</strong></span> <span class='ocrx_word' id='word_1_22' title='bbox 901 683 940 744; x_wconf 89' lang='lat' dir='ltr'><strong>de</strong></span> <span class='ocrx_word' id='word_1_23' title='bbox 961 683 1098 757; x_wconf 88' lang='lat' dir='ltr'><strong>ceteris,</strong></span> <span class='ocrx_word' id='word_1_24' title='bbox 1120 684 1151 744; x_wconf 93' lang='lat' dir='ltr'><strong>io</strong></span> <span class='ocrx_word' id='word_1_25' title='bbox 1173 683 1290 760; x_wconf 86' lang='lat' dir='ltr'><strong>quibus</strong></span> <span class='ocrx_word' id='word_1_26' title='bbox 1314 690 1471 746; x_wconf 77' lang='lat' dir='ltr'><strong>errantem</strong></span> 
     </span>
     <span class='ocr_line' id='line_1_4' title="bbox 370 783 1473 865; baseline -0.006 -13"><span class='ocrx_word' id='word_1_27' title='bbox 370 787 565 852; x_wconf 79' lang='lat' dir='ltr'><strong>existimarit</strong></span> <span class='ocrx_word' id='word_1_28' title='bbox 584 785 769 865; x_wconf 89' lang='lat' dir='ltr'><strong>Origenem,</strong></span> <span class='ocrx_word' id='word_1_29' title='bbox 791 802 895 864; x_wconf 86' lang='lat' dir='ltr'><strong>neque</strong></span> <span class='ocrx_word' id='word_1_30' title='bbox 916 784 991 864; x_wconf 88' lang='lat' dir='ltr'><strong>jure</strong></span> <span class='ocrx_word' id='word_1_31' title='bbox 1019 785 1104 846; x_wconf 88' lang='lat' dir='ltr'><strong>hnno</strong></span> <span class='ocrx_word' id='word_1_32' title='bbox 1131 783 1391 863; x_wconf 81' lang='lat' dir='ltr'><strong>reprehendisse,</strong></span> <span class='ocrx_word' id='word_1_33' title='bbox 1417 799 1473 846; x_wconf 89' lang='lat' dir='ltr'><strong>nec</strong></span> 
     </span>
     <span class='ocr_line' id='line_1_5' title="bbox 370 883 1475 966; baseline -0.005 -14"><span class='ocrx_word' id='word_1_34' title='bbox 370 890 476 954; x_wconf 90' lang='lat' dir='ltr'><strong>multo</strong></span> <span class='ocrx_word' id='word_1_35' title='bbox 497 889 599 951; x_wconf 88' lang='lat' dir='ltr'><strong>minus</strong></span> <span class='ocrx_word' id='word_1_36' title='bbox 619 885 812 966; x_wconf 88' lang='lat' dir='ltr'><strong>acceptanda</strong></span> <span class='ocrx_word' id='word_1_37' title='bbox 834 903 914 960; x_wconf 90' lang='lat' dir='ltr'><strong>esse,</strong></span> <span class='ocrx_word' id='word_1_38' title='bbox 937 903 1021 966; x_wconf 89' lang='lat' dir='ltr'><strong>quae</strong></span> <span class='ocrx_word' id='word_1_39' title='bbox 1042 887 1108 965; x_wconf 89' lang='lat' dir='ltr'><strong>ipse</strong></span> <span class='ocrx_word' id='word_1_40' title='bbox 1128 903 1154 946; x_wconf 89' lang='lat' dir='ltr'><strong>e.</strong></span> <span class='ocrx_word' id='word_1_41' title='bbox 1176 883 1363 948; x_wconf 82' lang='lat' dir='ltr'><strong>Eustetlrins</strong></span> <span class='ocrx_word' id='word_1_42' title='bbox 1377 901 1475 964; x_wconf 89' lang='lat' dir='ltr'><strong>oppo-</strong></span> 
     </span>
     <span class='ocr_line' id='line_1_6' title="bbox 368 984 1473 1068; baseline -0.007 -12"><span class='ocrx_word' id='word_1_43' title='bbox 368 993 435 1056; x_wconf 89' lang='lat' dir='ltr'><strong>suit</strong></span> <span class='ocrx_word' id='word_1_44' title='bbox 447 990 556 1054; x_wconf 83' lang='lat' dir='ltr'><strong>eidem</strong></span> <span class='ocrx_word' id='word_1_45' title='bbox 571 989 601 1050; x_wconf 91' lang='lat' dir='ltr'><strong>in</strong></span> <span class='ocrx_word' id='word_1_46' title='bbox 615 991 802 1068; x_wconf 86' lang='lat' dir='ltr'><strong>quaestione</strong></span> <span class='ocrx_word' id='word_1_47' title='bbox 816 988 855 1049; x_wconf 94' lang='lat' dir='ltr'><strong>do</strong></span> <span class='ocrx_word' id='word_1_48' title='bbox 870 988 1070 1067; x_wconf 81' lang='lat' dir='ltr'><strong>apparitione</strong></span> <span class='ocrx_word' id='word_1_49' title='bbox 1084 984 1251 1048; x_wconf 84' lang='lat' dir='ltr'><strong>Samuelis.</strong></span> <span class='ocrx_word' id='word_1_50' title='bbox 1267 984 1473 1066; x_wconf 86' lang='lat' dir='ltr'><strong>Quapropter</strong></span> 
     </span>
     <span class='ocr_line' id='line_1_7' title="bbox 368 1077 1473 1174; baseline -0.008 -17"><span class='ocrx_word' id='word_1_51' title='bbox 368 1095 523 1174; x_wconf 86' lang='lat' dir='ltr'><strong>utrinque</strong></span> <span class='ocrx_word' id='word_1_52' title='bbox 544 1094 666 1172; x_wconf 89' lang='lat' dir='ltr'><strong>pariter</strong></span> <span class='ocrx_word' id='word_1_53' title='bbox 685 1077 853 1167; x_wconf 83' lang='lat' dir='ltr'><strong>statuitur,</strong></span> <span class='ocrx_word' id='word_1_54' title='bbox 877 1090 955 1152; x_wconf 88' lang='lat' dir='ltr'><strong>nihil</strong></span> <span class='ocrx_word' id='word_1_55' title='bbox 972 1089 1043 1151; x_wconf 89' lang='lat' dir='ltr'><strong>inde</strong></span> <span class='ocrx_word' id='word_1_56' title='bbox 1059 1089 1203 1152; x_wconf 88' lang='lat' dir='ltr'><strong>imminui</strong></span> <span class='ocrx_word' id='word_1_57' title='bbox 1218 1088 1365 1168; x_wconf 88' lang='lat' dir='ltr'><strong>Origonis</strong></span> <span class='ocrx_word' id='word_1_58' title='bbox 1377 1087 1473 1151; x_wconf 91' lang='lat' dir='ltr'><strong>decus</strong></span> 
     </span>
     <span class='ocr_line' id='line_1_8' title="bbox 368 1186 1473 1273; baseline -0.005 -17"><span class='ocrx_word' id='word_1_59' title='bbox 368 1194 410 1256; x_wconf 84' lang='lat' dir='ltr'><strong>ob</strong></span> <span class='ocrx_word' id='word_1_60' title='bbox 431 1211 481 1271; x_wconf 89' lang='lat' dir='ltr'><strong>ea,</strong></span> <span class='ocrx_word' id='word_1_61' title='bbox 503 1211 588 1273; x_wconf 83' lang='lat' dir='ltr'><strong>quae</strong></span> <span class='ocrx_word' id='word_1_62' title='bbox 607 1193 734 1273; x_wconf 81' lang='lat' dir='ltr'><strong>scripsit</strong></span> <span class='ocrx_word' id='word_1_63' title='bbox 754 1200 786 1255; x_wconf 91' lang='lat' dir='ltr'><strong>et</strong></span> <span class='ocrx_word' id='word_1_64' title='bbox 806 1193 845 1254; x_wconf 92' lang='lat' dir='ltr'><strong>de</strong></span> <span class='ocrx_word' id='word_1_65' title='bbox 861 1192 1109 1267; x_wconf 87' lang='lat' dir='ltr'><strong>resurrectione,</strong></span> <span class='ocrx_word' id='word_1_66' title='bbox 1125 1199 1158 1255; x_wconf 90' lang='lat' dir='ltr'><strong>et</strong></span> <span class='ocrx_word' id='word_1_67' title='bbox 1171 1191 1210 1256; x_wconf 90' lang='lat' dir='ltr'><strong>de</strong></span> <span class='ocrx_word' id='word_1_68' title='bbox 1225 1191 1408 1255; x_wconf 80' lang='lat' dir='ltr'><strong>divinorum</strong></span> <span class='ocrx_word' id='word_1_69' title='bbox 1425 1186 1473 1251; x_wconf 84' lang='lat' dir='ltr'><strong>ili·</strong></span> 
     </span>
     <span class='ocr_line' id='line_1_9' title="bbox 366 1294 804 1374; baseline -0.009 -16"><span class='ocrx_word' id='word_1_70' title='bbox 366 1295 508 1359; x_wconf 83' lang='lat' dir='ltr'><strong>litorum</strong></span> <span class='ocrx_word' id='word_1_71' title='bbox 529 1294 804 1374; x_wconf 91' lang='lat' dir='ltr'><strong>interpretatione.</strong></span> 
     </span>
    </p>

    <p class='ocr_par' dir='ltr' id='par_1_3' title="bbox 358 1394 1550 2589">
     <span class='ocr_line' id='line_1_10' title="bbox 445 1394 1473 1478; baseline 0 -20"><span class='ocrx_word' id='word_1_72' title='bbox 445 1395 592 1478; x_wconf 88' lang='lat' dir='ltr'><strong>insuper,</strong></span> <span class='ocrx_word' id='word_1_73' title='bbox 614 1396 640 1460; x_wconf 87' lang='lat' dir='ltr'><strong>si</strong></span> <span class='ocrx_word' id='word_1_74' title='bbox 663 1397 758 1460; x_wconf 91' lang='lat' dir='ltr'><strong>unius</strong></span> <span class='ocrx_word' id='word_1_75' title='bbox 782 1395 895 1460; x_wconf 87' lang='lat' dir='ltr'><strong>sedulo</strong></span> <span class='ocrx_word' id='word_1_76' title='bbox 919 1395 1151 1475; x_wconf 75' lang='lat' dir='ltr'><strong>investigentur</strong></span> <span class='ocrx_word' id='word_1_77' title='bbox 1178 1413 1277 1460; x_wconf 88' lang='lat' dir='ltr'><strong>curae</strong></span> <span class='ocrx_word' id='word_1_78' title='bbox 1300 1394 1473 1473; x_wconf 89' lang='lat' dir='ltr'><strong>inscriptis</strong></span> 
     </span>
     <span class='ocr_line' id='line_1_11' title="bbox 365 1494 1472 1577; baseline 0 -19"><span class='ocrx_word' id='word_1_79' title='bbox 365 1498 558 1577; x_wconf 81' lang='lat' dir='ltr'><strong>origenianis</strong></span> <span class='ocrx_word' id='word_1_80' title='bbox 579 1495 818 1576; x_wconf 84' lang='lat' dir='ltr'><strong>percurrendis,</strong></span> <span class='ocrx_word' id='word_1_81' title='bbox 840 1495 922 1559; x_wconf 89' lang='lat' dir='ltr'><strong>idest</strong></span> <span class='ocrx_word' id='word_1_82' title='bbox 941 1497 1081 1575; x_wconf 85' lang='lat' dir='ltr'><strong>episcopi</strong></span> <span class='ocrx_word' id='word_1_83' title='bbox 1096 1497 1289 1571; x_wconf 86' lang='lat' dir='ltr'><strong>antiocheni,</strong></span> <span class='ocrx_word' id='word_1_84' title='bbox 1305 1494 1472 1559; x_wconf 85' lang='lat' dir='ltr'><strong>adstruere</strong></span> 
     </span>
     <span class='ocr_line' id='line_1_12' title="bbox 365 1596 1472 1678; baseline -0.001 -19"><span class='ocrx_word' id='word_1_85' title='bbox 365 1598 441 1661; x_wconf 82' lang='lat' dir='ltr'><strong>licet</strong></span> <span class='ocrx_word' id='word_1_86' title='bbox 461 1600 557 1663; x_wconf 89' lang='lat' dir='ltr'><strong>istum</strong></span> <span class='ocrx_word' id='word_1_87' title='bbox 580 1598 624 1676; x_wconf 90' lang='lat' dir='ltr'><strong>(si</strong></span> <span class='ocrx_word' id='word_1_88' title='bbox 647 1599 844 1678; x_wconf 89' lang='lat' dir='ltr'><strong>praesumpti</strong></span> <span class='ocrx_word' id='word_1_89' title='bbox 872 1599 1075 1678; x_wconf 85' lang='lat' dir='ltr'><strong>excipiantur</strong></span> <span class='ocrx_word' id='word_1_90' title='bbox 1091 1615 1218 1660; x_wconf 90' lang='lat' dir='ltr'><strong>errores</strong></span> <span class='ocrx_word' id='word_1_91' title='bbox 1239 1597 1278 1659; x_wconf 90' lang='lat' dir='ltr'><strong>de</strong></span> <span class='ocrx_word' id='word_1_92' title='bbox 1298 1596 1472 1676; x_wconf 85' lang='lat' dir='ltr'><strong>allegorico</strong></span> 
     </span>
     <span class='ocr_line' id='line_1_13' title="bbox 364 1698 1471 1780; baseline -0.002 -18"><span class='ocrx_word' id='word_1_93' title='bbox 364 1699 607 1779; x_wconf 85' lang='lat' dir='ltr'><strong>Scripturarnm</strong></span> <span class='ocrx_word' id='word_1_94' title='bbox 627 1699 735 1777; x_wconf 78' lang='lat' dir='ltr'><strong>sensui</strong></span> <span class='ocrx_word' id='word_1_95' title='bbox 759 1699 865 1780; x_wconf 85' lang='lat' dir='ltr'><strong>quood</strong></span> <span class='ocrx_word' id='word_1_96' title='bbox 895 1709 1002 1762; x_wconf 88' lang='lat' dir='ltr'><strong>cetero</strong></span> <span class='ocrx_word' id='word_1_97' title='bbox 1030 1707 1137 1762; x_wconf 87' lang='lat' dir='ltr'><strong>errata</strong></span> <span class='ocrx_word' id='word_1_98' title='bbox 1161 1699 1312 1762; x_wconf 90' lang='lat' dir='ltr'><strong>nimirum</strong></span> <span class='ocrx_word' id='word_1_99' title='bbox 1341 1699 1382 1761; x_wconf 94' lang='lat' dir='ltr'><strong>de</strong></span> <span class='ocrx_word' id='word_1_100' title='bbox 1407 1698 1471 1760; x_wconf 88' lang='lat' dir='ltr'><strong>ble-</strong></span> 
     </span>
     <span class='ocr_line' id='line_1_14' title="bbox 363 1798 1470 1884; baseline 0 -22"><span class='ocrx_word' id='word_1_101' title='bbox 363 1801 514 1880; x_wconf 86' lang='lat' dir='ltr'><strong>sphemiis</strong></span> <span class='ocrx_word' id='word_1_102' title='bbox 534 1799 681 1880; x_wconf 86' lang='lat' dir='ltr'><strong>Origenis</strong></span> <span class='ocrx_word' id='word_1_103' title='bbox 702 1803 732 1862; x_wconf 92' lang='lat' dir='ltr'><strong>in</strong></span> <span class='ocrx_word' id='word_1_104' title='bbox 753 1801 881 1864; x_wconf 85' lang='lat' dir='ltr'><strong>divinae</strong></span> <span class='ocrx_word' id='word_1_105' title='bbox 908 1798 1071 1863; x_wconf 87' lang='lat' dir='ltr'><strong>Trinitatis</strong></span> <span class='ocrx_word' id='word_1_106' title='bbox 1099 1803 1311 1884; x_wconf 78' lang='lat' dir='ltr'><strong>mysterium,</strong></span> <span class='ocrx_word' id='word_1_107' title='bbox 1339 1808 1408 1863; x_wconf 88' lang='lat' dir='ltr'><strong>turn</strong></span> <span class='ocrx_word' id='word_1_108' title='bbox 1434 1799 1470 1862; x_wconf 90' lang='lat' dir='ltr'><strong>de</strong></span> 
     </span>
     <span class='ocr_line' id='line_1_15' title="bbox 363 1900 1470 1982; baseline -0.002 -17"><span class='ocrx_word' id='word_1_109' title='bbox 363 1919 541 1982; x_wconf 89' lang='lat' dir='ltr'><strong>poenarum</strong></span> <span class='ocrx_word' id='word_1_110' title='bbox 564 1906 699 1966; x_wconf 90' lang='lat' dir='ltr'><strong>termino</strong></span> <span class='ocrx_word' id='word_1_111' title='bbox 721 1904 752 1964; x_wconf 92' lang='lat' dir='ltr'><strong>in</strong></span> <span class='ocrx_word' id='word_1_112' title='bbox 775 1905 837 1965; x_wconf 83' lang='lat' dir='ltr'><strong>sita</strong></span> <span class='ocrx_word' id='word_1_113' title='bbox 862 1900 995 1979; x_wconf 81' lang='lat' dir='ltr'><strong>lutura,</strong></span> <span class='ocrx_word' id='word_1_114' title='bbox 1019 1912 1085 1964; x_wconf 92' lang='lat' dir='ltr'><strong>tnm</strong></span> <span class='ocrx_word' id='word_1_115' title='bbox 1108 1903 1147 1964; x_wconf 92' lang='lat' dir='ltr'><strong>de</strong></span> <span class='ocrx_word' id='word_1_116' title='bbox 1167 1903 1376 1965; x_wconf 82' lang='lat' dir='ltr'><strong>daemonibus</strong></span> <span class='ocrx_word' id='word_1_117' title='bbox 1398 1921 1470 1965; x_wconf 88' lang='lat' dir='ltr'><strong>con·</strong></span> 
     </span>
     <span class='ocr_line' id='line_1_16' title="bbox 365 2003 1468 2082; baseline -0.001 -16"><span class='ocrx_word' id='word_1_118' title='bbox 365 2003 537 2079; x_wconf 83' lang='lat' dir='ltr'><strong>vertendis,</strong></span> <span class='ocrx_word' id='word_1_119' title='bbox 561 2013 628 2066; x_wconf 90' lang='lat' dir='ltr'><strong>tum</strong></span> <span class='ocrx_word' id='word_1_120' title='bbox 650 2003 689 2065; x_wconf 90' lang='lat' dir='ltr'><strong>de</strong></span> <span class='ocrx_word' id='word_1_121' title='bbox 711 2005 889 2066; x_wconf 91' lang='lat' dir='ltr'><strong>animarum</strong></span> <span class='ocrx_word' id='word_1_122' title='bbox 911 2005 1003 2082; x_wconf 88' lang='lat' dir='ltr'><strong>lapsu</strong></span> <span class='ocrx_word' id='word_1_123' title='bbox 1026 2022 1043 2066; x_wconf 87' lang='lat' dir='ltr'><strong>a</strong></span> <span class='ocrx_word' id='word_1_124' title='bbox 1065 2005 1170 2080; x_wconf 86' lang='lat' dir='ltr'><strong>coelo,</strong></span> <span class='ocrx_word' id='word_1_125' title='bbox 1194 2012 1262 2067; x_wconf 91' lang='lat' dir='ltr'><strong>tum</strong></span> <span class='ocrx_word' id='word_1_126' title='bbox 1278 2005 1317 2066; x_wconf 91' lang='lat' dir='ltr'><strong>de</strong></span> <span class='ocrx_word' id='word_1_127' title='bbox 1332 2005 1468 2067; x_wconf 89' lang='lat' dir='ltr'><strong>secunda</strong></span> 
     </span>
     <span class='ocr_line' id='line_1_17' title="bbox 363 2105 1469 2186; baseline -0.001 -18"><span class='ocrx_word' id='word_1_128' title='bbox 363 2107 603 2186; x_wconf 89' lang='lat' dir='ltr'><strong>redemptione,</strong></span> <span class='ocrx_word' id='word_1_129' title='bbox 628 2114 695 2170; x_wconf 90' lang='lat' dir='ltr'><strong>turn</strong></span> <span class='ocrx_word' id='word_1_130' title='bbox 717 2106 757 2170; x_wconf 92' lang='lat' dir='ltr'><strong>de</strong></span> <span class='ocrx_word' id='word_1_131' title='bbox 778 2105 1045 2186; x_wconf 73' lang='lat' dir='ltr'><strong>metempsychosi,</strong></span> <span class='ocrx_word' id='word_1_132' title='bbox 1069 2114 1101 2169; x_wconf 87' lang='lat' dir='ltr'><strong>et</strong></span> <span class='ocrx_word' id='word_1_133' title='bbox 1121 2108 1161 2169; x_wconf 91' lang='lat' dir='ltr'><strong>de</strong></span> <span class='ocrx_word' id='word_1_134' title='bbox 1182 2107 1324 2186; x_wconf 86' lang='lat' dir='ltr'><strong>ejusdem</strong></span> <span class='ocrx_word' id='word_1_135' title='bbox 1346 2107 1469 2186; x_wconf 88' lang='lat' dir='ltr'><strong>generis</strong></span> 
     </span>
     <span class='ocr_line' id='line_1_18' title="bbox 361 2205 1469 2288; baseline 0.001 -20"><span class='ocrx_word' id='word_1_136' title='bbox 361 2205 507 2269; x_wconf 82' lang='lat' dir='ltr'><strong>absurdis</strong></span> <span class='ocrx_word' id='word_1_137' title='bbox 530 2215 631 2268; x_wconf 86' lang='lat' dir='ltr'><strong>toturn</strong></span> <span class='ocrx_word' id='word_1_138' title='bbox 653 2206 855 2269; x_wconf 83' lang='lat' dir='ltr'><strong>diruentibus</strong></span> <span class='ocrx_word' id='word_1_139' title='bbox 877 2207 990 2286; x_wconf 84' lang='lat' dir='ltr'><strong>dogma</strong></span> <span class='ocrx_word' id='word_1_140' title='bbox 1017 2209 1226 2270; x_wconf 83' lang='lat' dir='ltr'><strong>christianum</strong></span> <span class='ocrx_word' id='word_1_141' title='bbox 1257 2209 1352 2288; x_wconf 79' lang='lat' dir='ltr'><strong>(quae</strong></span> <span class='ocrx_word' id='word_1_142' title='bbox 1380 2209 1469 2270; x_wconf 87' lang='lat' dir='ltr'><strong>iuere</strong></span> 
     </span>
     <span class='ocr_line' id='line_1_19' title="bbox 362 2305 1468 2392; baseline 0.001 -25"><span class='ocrx_word' id='word_1_143' title='bbox 362 2315 471 2385; x_wconf 86' lang='lat' dir='ltr'><strong>postea</strong></span> <span class='ocrx_word' id='word_1_144' title='bbox 493 2323 510 2366; x_wconf 94' lang='lat' dir='ltr'><strong>a</strong></span> <span class='ocrx_word' id='word_1_145' title='bbox 532 2323 557 2368; x_wconf 91' lang='lat' dir='ltr'><strong>s.</strong></span> <span class='ocrx_word' id='word_1_146' title='bbox 581 2305 771 2385; x_wconf 83' lang='lat' dir='ltr'><strong>Epiphanio,</strong></span> <span class='ocrx_word' id='word_1_147' title='bbox 794 2305 986 2386; x_wconf 85' lang='lat' dir='ltr'><strong>Theophila,</strong></span> <span class='ocrx_word' id='word_1_148' title='bbox 1005 2315 1035 2369; x_wconf 92' lang='lat' dir='ltr'><strong>et</strong></span> <span class='ocrx_word' id='word_1_149' title='bbox 1052 2305 1249 2392; x_wconf 77' lang='lat' dir='ltr'><strong>Hieronymo</strong></span> <span class='ocrx_word' id='word_1_150' title='bbox 1263 2310 1400 2388; x_wconf 87' lang='lat' dir='ltr'><strong>aliisque</strong></span> <span class='ocrx_word' id='word_1_151' title='bbox 1417 2307 1468 2370; x_wconf 61' lang='lat' dir='ltr'><strong>ade</strong></span> 
     </span>
     <span class='ocr_line' id='line_1_20' title="bbox 358 2407 1467 2490; baseline 0 -19"><span class='ocrx_word' id='word_1_152' title='bbox 358 2407 478 2488; x_wconf 87' lang='lat' dir='ltr'><strong>scripta</strong></span> <span class='ocrx_word' id='word_1_153' title='bbox 499 2407 642 2486; x_wconf 79' lang='lat' dir='ltr'><strong>Origenil</strong></span> <span class='ocrx_word' id='word_1_154' title='bbox 662 2407 821 2489; x_wconf 87' lang='lat' dir='ltr'><strong>conjicere</strong></span> <span class='ocrx_word' id='word_1_155' title='bbox 834 2409 922 2484; x_wconf 90' lang='lat' dir='ltr'><strong>licet,</strong></span> <span class='ocrx_word' id='word_1_156' title='bbox 939 2410 1022 2485; x_wconf 91' lang='lat' dir='ltr'><strong>dico,</strong></span> <span class='ocrx_word' id='word_1_157' title='bbox 1039 2429 1065 2473; x_wconf 88' lang='lat' dir='ltr'><strong>s.</strong></span> <span class='ocrx_word' id='word_1_158' title='bbox 1083 2409 1286 2474; x_wconf 85' lang='lat' dir='ltr'><strong>Eustethinm</strong></span> <span class='ocrx_word' id='word_1_159' title='bbox 1302 2427 1361 2472; x_wconf 91' lang='lat' dir='ltr'><strong>nec</strong></span> <span class='ocrx_word' id='word_1_160' title='bbox 1375 2410 1467 2490; x_wconf 88' lang='lat' dir='ltr'><strong>legis·</strong></span> 
     </span>
     <span class='ocr_line' id='line_1_21' title="bbox 363 2499 1550 2589; baseline 0 -16"><span class='ocrx_word' id='word_1_161' title='bbox 363 2527 411 2587; x_wconf 86' lang='lat' dir='ltr'><strong>se,</strong></span> <span class='ocrx_word' id='word_1_162' title='bbox 427 2527 532 2589; x_wconf 91' lang='lat' dir='ltr'><strong>neque</strong></span> <span class='ocrx_word' id='word_1_163' title='bbox 554 2511 584 2570; x_wconf 94' lang='lat' dir='ltr'><strong>in</strong></span> <span class='ocrx_word' id='word_1_164' title='bbox 607 2510 681 2588; x_wconf 90' lang='lat' dir='ltr'><strong>ipsis</strong></span> <span class='ocrx_word' id='word_1_165' title='bbox 696 2511 786 2574; x_wconf 89' lang='lat' dir='ltr'><strong>libris</strong></span> <span class='ocrx_word' id='word_1_166' title='bbox 800 2518 863 2574; x_wconf 89' lang='lat' dir='ltr'><strong>tam</strong></span> <span class='ocrx_word' id='word_1_167' title='bbox 879 2512 1032 2576; x_wconf 89' lang='lat' dir='ltr'><strong>uelandus</strong></span> <span class='ocrx_word' id='word_1_168' title='bbox 1046 2499 1307 2575; x_wconf 84' lang='lat' dir='ltr'><strong>animadvertisse</strong></span> <span class='ocrx_word' id='word_1_169' title='bbox 1328 2529 1465 2576; x_wconf 89' lang='lat' dir='ltr'><strong>errores.</strong></span> <span class='ocrx_word' id='word_1_170' title='bbox 1549 2545 1550 2558; x_wconf 32' lang='grc' dir='ltr'><strong>κ</strong></span> 
     </span>
    </p>

    <p class='ocr_par' dir='ltr' id='par_1_4' title="bbox 358 2609 1549 3604">
     <span class='ocr_line' id='line_1_22' title="bbox 441 2609 1549 2695; baseline 0.001 -22"><span class='ocrx_word' id='word_1_171' title='bbox 441 2609 613 2674; x_wconf 83' lang='lat' dir='ltr'><strong>Praeterea</strong></span> <span class='ocrx_word' id='word_1_172' title='bbox 637 2631 681 2682; x_wconf 72' lang='lat' dir='ltr'><strong>ex,</strong></span> <span class='ocrx_word' id='word_1_173' title='bbox 698 2614 809 2676; x_wconf 88' lang='lat' dir='ltr'><strong>eadem</strong></span> <span class='ocrx_word' id='word_1_174' title='bbox 834 2612 992 2676; x_wconf 84' lang='lat' dir='ltr'><strong>Eustetlrii</strong></span> <span class='ocrx_word' id='word_1_175' title='bbox 1011 2611 1172 2689; x_wconf 81' lang='lat' dir='ltr'><strong>Oratione,</strong></span> <span class='ocrx_word' id='word_1_176' title='bbox 1188 2617 1245 2676; x_wconf 89' lang='lat' dir='ltr'><strong>etsi</strong></span> <span class='ocrx_word' id='word_1_177' title='bbox 1262 2615 1328 2695; x_wconf 90' lang='lat' dir='ltr'><strong>ipse</strong></span> <span class='ocrx_word' id='word_1_178' title='bbox 1341 2622 1468 2694; x_wconf 88' lang='lat' dir='ltr'><strong>praeter</strong></span> <span class='ocrx_word' id='word_1_179' title='bbox 1548 2661 1549 2668; x_wconf 34' lang='lat' dir='ltr'><strong>r</strong></span> 
     </span>
     <span class='ocr_line' id='line_1_23' title="bbox 361 2711 1466 2794; baseline -0.003 -17"><span class='ocrx_word' id='word_1_180' title='bbox 361 2714 492 2777; x_wconf 89' lang='lat' dir='ltr'><strong>modum</strong></span> <span class='ocrx_word' id='word_1_181' title='bbox 515 2719 626 2794; x_wconf 91' lang='lat' dir='ltr'><strong>carpat</strong></span> <span class='ocrx_word' id='word_1_182' title='bbox 647 2711 818 2794; x_wconf 87' lang='lat' dir='ltr'><strong>Origenem</strong></span> <span class='ocrx_word' id='word_1_183' title='bbox 840 2715 882 2778; x_wconf 90' lang='lat' dir='ltr'><strong>ob</strong></span> <span class='ocrx_word' id='word_1_184' title='bbox 909 2717 1040 2778; x_wconf 89' lang='lat' dir='ltr'><strong>nimium</strong></span> <span class='ocrx_word' id='word_1_185' title='bbox 1067 2717 1098 2778; x_wconf 94' lang='lat' dir='ltr'><strong>in</strong></span> <span class='ocrx_word' id='word_1_186' title='bbox 1126 2716 1281 2794; x_wconf 85' lang='lat' dir='ltr'><strong>allegoria</strong></span> <span class='ocrx_word' id='word_1_187' title='bbox 1303 2715 1466 2790; x_wconf 79' lang='lat' dir='ltr'><strong>studinm3</strong></span> 
     </span>
     <span class='ocr_line' id='line_1_24' title="bbox 361 2813 1467 2898; baseline -0.003 -20"><span class='ocrx_word' id='word_1_188' title='bbox 361 2816 567 2878; x_wconf 87' lang='lat' dir='ltr'><strong>nihilominus</strong></span> <span class='ocrx_word' id='word_1_189' title='bbox 589 2817 704 2878; x_wconf 87' lang='lat' dir='ltr'><strong>ibidem</strong></span> <span class='ocrx_word' id='word_1_190' title='bbox 727 2817 784 2890; x_wconf 91' lang='lat' dir='ltr'><strong>ait,</strong></span> <span class='ocrx_word' id='word_1_191' title='bbox 806 2819 909 2897; x_wconf 83' lang='lat' dir='ltr'><strong>ipsum</strong></span> <span class='ocrx_word' id='word_1_192' title='bbox 939 2826 1015 2881; x_wconf 92' lang='lat' dir='ltr'><strong>tunc</strong></span> <span class='ocrx_word' id='word_1_193' title='bbox 1041 2818 1194 2897; x_wconf 91' lang='lat' dir='ltr'><strong>temporis</strong></span> <span class='ocrx_word' id='word_1_194' title='bbox 1214 2814 1412 2898; x_wconf 82' lang='lat' dir='ltr'><strong>amplissimo</strong></span> <span class='ocrx_word' id='word_1_195' title='bbox 1435 2813 1467 2876; x_wconf 83' lang='lat' dir='ltr'><strong>ia</strong></span> 
     </span>
     <span class='ocr_line' id='line_1_25' title="bbox 358 2915 1470 2999; baseline -0.004 -18"><span class='ocrx_word' id='word_1_196' title='bbox 358 2915 496 2981; x_wconf 86' lang='lat' dir='ltr'><strong>eeclesiis</strong></span> <span class='ocrx_word' id='word_1_197' title='bbox 509 2915 581 2997; x_wconf 81' lang='lat' dir='ltr'><strong>[rui</strong></span> <span class='ocrx_word' id='word_1_198' title='bbox 594 2919 695 2997; x_wconf 76' lang='lat' dir='ltr'><strong>somn,</strong></span> <span class='ocrx_word' id='word_1_199' title='bbox 710 2927 867 2998; x_wconf 83' lang='lat' dir='ltr'><strong>totumque</strong></span> <span class='ocrx_word' id='word_1_200' title='bbox 883 2920 1037 2983; x_wconf 83' lang='lat' dir='ltr'><strong>mundum</strong></span> <span class='ocrx_word' id='word_1_201' title='bbox 1054 2918 1221 2981; x_wconf 87' lang='lat' dir='ltr'><strong>immodico</strong></span> <span class='ocrx_word' id='word_1_202' title='bbox 1234 2919 1401 2999; x_wconf 82' lang='lat' dir='ltr'><strong>replevisse</strong></span> <span class='ocrx_word' id='word_1_203' title='bbox 1414 2917 1470 2980; x_wconf 87' lang='lat' dir='ltr'><strong>elo·</strong></span> 
     </span>
     <span class='ocr_line' id='line_1_26' title="bbox 359 3017 1467 3101; baseline -0.001 -21"><span class='ocrx_word' id='word_1_204' title='bbox 359 3017 498 3100; x_wconf 81' lang='lat' dir='ltr'><strong>quentin.</strong></span> <span class='ocrx_word' id='word_1_205' title='bbox 523 3017 627 3094; x_wconf 84' lang='lat' dir='ltr'><strong>Quam</strong></span> <span class='ocrx_word' id='word_1_206' title='bbox 650 3027 756 3082; x_wconf 90' lang='lat' dir='ltr'><strong>tamen</strong></span> <span class='ocrx_word' id='word_1_207' title='bbox 779 3021 908 3097; x_wconf 83' lang='lat' dir='ltr'><strong>lernam,</strong></span> <span class='ocrx_word' id='word_1_208' title='bbox 932 3022 1097 3084; x_wconf 85' lang='lat' dir='ltr'><strong>latendum</strong></span> <span class='ocrx_word' id='word_1_209' title='bbox 1120 3028 1178 3096; x_wconf 89' lang='lat' dir='ltr'><strong>est,</strong></span> <span class='ocrx_word' id='word_1_210' title='bbox 1198 3039 1271 3083; x_wconf 90' lang='lat' dir='ltr'><strong>oum</strong></span> <span class='ocrx_word' id='word_1_211' title='bbox 1286 3029 1317 3082; x_wconf 91' lang='lat' dir='ltr'><strong>et</strong></span> <span class='ocrx_word' id='word_1_212' title='bbox 1335 3022 1404 3101; x_wconf 89' lang='lat' dir='ltr'><strong>ipso</strong></span> <span class='ocrx_word' id='word_1_213' title='bbox 1419 3037 1467 3082; x_wconf 92' lang='lat' dir='ltr'><strong>oo·</strong></span> 
     </span>
     <span class='ocr_line' id='line_1_27' title="bbox 360 3119 1467 3201; baseline 0.003 -22"><span class='ocrx_word' id='word_1_214' title='bbox 360 3122 472 3199; x_wconf 77' lang='lat' dir='ltr'><strong>giravit</strong></span> <span class='ocrx_word' id='word_1_215' title='bbox 493 3119 695 3194; x_wconf 87' lang='lat' dir='ltr'><strong>imminuere,</strong></span> <span class='ocrx_word' id='word_1_216' title='bbox 718 3139 851 3200; x_wconf 86' lang='lat' dir='ltr'><strong>scopum</strong></span> <span class='ocrx_word' id='word_1_217' title='bbox 874 3139 1077 3201; x_wconf 88' lang='lat' dir='ltr'><strong>nequequam</strong></span> <span class='ocrx_word' id='word_1_218' title='bbox 1101 3129 1308 3184; x_wconf 87' lang='lat' dir='ltr'><strong>consecutum</strong></span> <span class='ocrx_word' id='word_1_219' title='bbox 1330 3139 1400 3184; x_wconf 87' lang='lat' dir='ltr'><strong>esse</strong></span> <span class='ocrx_word' id='word_1_220' title='bbox 1418 3139 1467 3184; x_wconf 92' lang='lat' dir='ltr'><strong>su·</strong></span> 
     </span>
     <span class='ocr_line' id='line_1_28' title="bbox 360 3218 1466 3302; baseline -0.002 -20"><span class='ocrx_word' id='word_1_221' title='bbox 360 3222 471 3302; x_wconf 85' lang='lat' dir='ltr'><strong>purius</strong></span> <span class='ocrx_word' id='word_1_222' title='bbox 493 3220 715 3282; x_wconf 86' lang='lat' dir='ltr'><strong>indicarimus.</strong></span> <span class='ocrx_word' id='word_1_223' title='bbox 735 3218 823 3283; x_wconf 82' lang='lat' dir='ltr'><strong>Vuno</strong></span> <span class='ocrx_word' id='word_1_224' title='bbox 845 3222 939 3284; x_wconf 89' lang='lat' dir='ltr'><strong>sicuti</strong></span> <span class='ocrx_word' id='word_1_225' title='bbox 962 3233 993 3283; x_wconf 91' lang='lat' dir='ltr'><strong>et</strong></span> <span class='ocrx_word' id='word_1_226' title='bbox 1015 3223 1152 3286; x_wconf 86' lang='lat' dir='ltr'><strong>inlausto</strong></span> <span class='ocrx_word' id='word_1_227' title='bbox 1166 3222 1273 3285; x_wconf 88' lang='lat' dir='ltr'><strong>studio</strong></span> <span class='ocrx_word' id='word_1_228' title='bbox 1286 3222 1466 3284; x_wconf 83' lang='lat' dir='ltr'><strong>elaborasse</strong></span> 
     </span>
     <span class='ocr_line' id='line_1_29' title="bbox 362 3321 1467 3403; baseline 0.003 -22"><span class='ocrx_word' id='word_1_229' title='bbox 362 3322 516 3384; x_wconf 82' lang='lat' dir='ltr'><strong>adsersus</strong></span> <span class='ocrx_word' id='word_1_230' title='bbox 538 3322 709 3403; x_wconf 87' lang='lat' dir='ltr'><strong>Origenem</strong></span> <span class='ocrx_word' id='word_1_231' title='bbox 741 3321 906 3384; x_wconf 75' lang='lat' dir='ltr'><strong>manifeste</strong></span> <span class='ocrx_word' id='word_1_232' title='bbox 936 3323 1163 3403; x_wconf 82' lang='lat' dir='ltr'><strong>pet&#39;eieoimnsr</strong></span> <span class='ocrx_word' id='word_1_233' title='bbox 1187 3323 1231 3384; x_wconf 90' lang='lat' dir='ltr'><strong>ita</strong></span> <span class='ocrx_word' id='word_1_234' title='bbox 1256 3331 1293 3386; x_wconf 87' lang='lat' dir='ltr'><strong>ut</strong></span> <span class='ocrx_word' id='word_1_235' title='bbox 1316 3324 1348 3384; x_wconf 91' lang='lat' dir='ltr'><strong>in</strong></span> <span class='ocrx_word' id='word_1_236' title='bbox 1371 3322 1467 3386; x_wconf 89' lang='lat' dir='ltr'><strong>corri-</strong></span> 
     </span>
     <span class='ocr_line' id='line_1_30' title="bbox 363 3421 1466 3507; baseline 0.002 -23"><span class='ocrx_word' id='word_1_237' title='bbox 363 3424 478 3503; x_wconf 82' lang='lat' dir='ltr'><strong>piendo</strong></span> <span class='ocrx_word' id='word_1_238' title='bbox 492 3425 578 3486; x_wconf 89' lang='lat' dir='ltr'><strong>illius</strong></span> <span class='ocrx_word' id='word_1_239' title='bbox 596 3423 635 3486; x_wconf 91' lang='lat' dir='ltr'><strong>de</strong></span> <span class='ocrx_word' id='word_1_240' title='bbox 649 3421 858 3503; x_wconf 77' lang='lat' dir='ltr'><strong>ventriloqua</strong></span> <span class='ocrx_word' id='word_1_241' title='bbox 882 3427 1160 3502; x_wconf 89' lang='lat' dir='ltr'><strong>commentarium,</strong></span> <span class='ocrx_word' id='word_1_242' title='bbox 1182 3427 1367 3507; x_wconf 77' lang='lat' dir='ltr'><strong>seipsnmto</strong></span> <span class='ocrx_word' id='word_1_243' title='bbox 1381 3441 1466 3488; x_wconf 89' lang='lat' dir='ltr'><strong>erro·</strong></span> 
     </span>
     <span class='ocr_line' id='line_1_31' title="bbox 362 3521 863 3604; baseline 0.002 -19"><span class='ocrx_word' id='word_1_244' title='bbox 362 3540 429 3586; x_wconf 88' lang='lat' dir='ltr'><strong>rom</strong></span> <span class='ocrx_word' id='word_1_245' title='bbox 449 3523 603 3604; x_wconf 84' lang='lat' dir='ltr'><strong>dejecerit</strong></span> <span class='ocrx_word' id='word_1_246' title='bbox 616 3543 640 3586; x_wconf 88' lang='lat' dir='ltr'><strong>s.</strong></span> <span class='ocrx_word' id='word_1_247' title='bbox 665 3521 863 3586; x_wconf 85' lang='lat' dir='ltr'><strong>Eustatlrius.</strong></span> 
     </span>
    </p>

    <p class='ocr_par' dir='ltr' id='par_1_5' title="bbox 359 3622 1534 4314">
     <span class='ocr_line' id='line_1_32' title="bbox 441 3622 1464 3706; baseline -0.003 -20"><span class='ocrx_word' id='word_1_248' title='bbox 441 3623 591 3687; x_wconf 78' lang='lat' dir='ltr'><strong>Alterum</strong></span> <span class='ocrx_word' id='word_1_249' title='bbox 614 3643 713 3706; x_wconf 91' lang='lat' dir='ltr'><strong>porro</strong></span> <span class='ocrx_word' id='word_1_250' title='bbox 734 3642 793 3703; x_wconf 92' lang='lat' dir='ltr'><strong>pro</strong></span> <span class='ocrx_word' id='word_1_251' title='bbox 814 3627 953 3704; x_wconf 80' lang='lat' dir='ltr'><strong>Origene</strong></span> <span class='ocrx_word' id='word_1_252' title='bbox 974 3631 1036 3687; x_wconf 90' lang='lat' dir='ltr'><strong>stat</strong></span> <span class='ocrx_word' id='word_1_253' title='bbox 1057 3624 1272 3688; x_wconf 88' lang='lat' dir='ltr'><strong>testimonium</strong></span> <span class='ocrx_word' id='word_1_254' title='bbox 1297 3642 1315 3687; x_wconf 90' lang='lat' dir='ltr'><strong>a</strong></span> <span class='ocrx_word' id='word_1_255' title='bbox 1343 3622 1464 3703; x_wconf 88' lang='lat' dir='ltr'><strong>scriptis</strong></span> 
     </span>
     <span class='ocr_line' id='line_1_33' title="bbox 360 3719 1466 3807; baseline 0 -21"><span class='ocrx_word' id='word_1_256' title='bbox 360 3719 487 3806; x_wconf 78' lang='lat' dir='ltr'><strong>Didymi</strong></span> <span class='ocrx_word' id='word_1_257' title='bbox 508 3725 708 3788; x_wconf 83' lang='lat' dir='ltr'><strong>alexandrini</strong></span> <span class='ocrx_word' id='word_1_258' title='bbox 730 3725 933 3804; x_wconf 90' lang='lat' dir='ltr'><strong>desumptum</strong></span> <span class='ocrx_word' id='word_1_259' title='bbox 942 3745 953 3804; x_wconf 80' lang='lat'>3</span> <span class='ocrx_word' id='word_1_260' title='bbox 974 3726 1068 3805; x_wconf 87' lang='lat' dir='ltr'><strong>cujus</strong></span> <span class='ocrx_word' id='word_1_261' title='bbox 1092 3745 1228 3807; x_wconf 92' lang='lat' dir='ltr'><strong>opernm</strong></span> <span class='ocrx_word' id='word_1_262' title='bbox 1250 3729 1396 3807; x_wconf 83' lang='lat' dir='ltr'><strong>quamvis</strong></span> <span class='ocrx_word' id='word_1_263' title='bbox 1417 3725 1466 3786; x_wconf 91' lang='lat' dir='ltr'><strong>de·</strong></span> 
     </span>
     <span class='ocr_line' id='line_1_34' title="bbox 361 3825 1464 3911; baseline -0.001 -24"><span class='ocrx_word' id='word_1_264' title='bbox 361 3825 484 3906; x_wconf 89' lang='lat' dir='ltr'><strong>perdita</strong></span> <span class='ocrx_word' id='word_1_265' title='bbox 504 3826 544 3888; x_wconf 92' lang='lat' dir='ltr'><strong>sit</strong></span> <span class='ocrx_word' id='word_1_266' title='bbox 565 3829 704 3890; x_wconf 81' lang='lat' dir='ltr'><strong>maxime</strong></span> <span class='ocrx_word' id='word_1_267' title='bbox 726 3845 811 3907; x_wconf 85' lang='lat' dir='ltr'><strong>pars,</strong></span> <span class='ocrx_word' id='word_1_268' title='bbox 833 3837 935 3889; x_wconf 89' lang='lat' dir='ltr'><strong>tamen</strong></span> <span class='ocrx_word' id='word_1_269' title='bbox 952 3847 993 3890; x_wconf 80' lang='lat' dir='ltr'><strong>ex</strong></span> <span class='ocrx_word' id='word_1_270' title='bbox 1017 3829 1161 3908; x_wconf 88' lang='lat' dir='ltr'><strong>hisquae</strong></span> <span class='ocrx_word' id='word_1_271' title='bbox 1180 3842 1364 3911; x_wconf 87' lang='lat' dir='ltr'><strong>supersunt,</strong></span> <span class='ocrx_word' id='word_1_272' title='bbox 1384 3839 1414 3892; x_wconf 92' lang='lat' dir='ltr'><strong>ot</strong></span> <span class='ocrx_word' id='word_1_273' title='bbox 1428 3843 1464 3888; x_wconf 89' lang='lat' dir='ltr'><strong>er</strong></span> 
     </span>
     <span class='ocr_line' id='line_1_35' title="bbox 360 3922 1461 4020; baseline 0.004 -31"><span class='ocrx_word' id='word_1_274' title='bbox 360 3922 548 4020; x_wconf 84' lang='lat' dir='ltr'><strong>Hieronymi</strong></span> <span class='ocrx_word' id='word_1_275' title='bbox 565 3929 744 3990; x_wconf 89' lang='lat' dir='ltr'><strong>testimonio</strong></span> <span class='ocrx_word' id='word_1_276' title='bbox 757 3931 833 3992; x_wconf 89' lang='lat' dir='ltr'><strong>satis</strong></span> <span class='ocrx_word' id='word_1_277' title='bbox 844 3931 929 4007; x_wconf 88' lang='lat' dir='ltr'><strong>quod</strong></span> <span class='ocrx_word' id='word_1_278' title='bbox 946 3929 1154 4009; x_wconf 89' lang='lat' dir='ltr'><strong>disquisitioni</strong></span> <span class='ocrx_word' id='word_1_279' title='bbox 1170 3940 1297 3997; x_wconf 85' lang='lat' dir='ltr'><strong>nostrae</strong></span> <span class='ocrx_word' id='word_1_280' title='bbox 1311 3935 1461 4006; x_wconf 87' lang='lat' dir='ltr'><strong>conierat,</strong></span> 
     </span>
     <span class='ocr_line' id='line_1_36' title="bbox 360 4027 1461 4114; baseline 0.005 -26"><span class='ocrx_word' id='word_1_281' title='bbox 360 4028 533 4106; x_wconf 87' lang='lat' dir='ltr'><strong>reperitur.</strong></span> <span class='ocrx_word' id='word_1_282' title='bbox 564 4027 654 4092; x_wconf 86' lang='lat' dir='ltr'><strong>Patet</strong></span> <span class='ocrx_word' id='word_1_283' title='bbox 679 4048 818 4110; x_wconf 85' lang='lat' dir='ltr'><strong>namque</strong></span> <span class='ocrx_word' id='word_1_284' title='bbox 844 4028 1014 4114; x_wconf 83' lang='lat' dir='ltr'><strong>Didymum</strong></span> <span class='ocrx_word' id='word_1_285' title='bbox 1040 4051 1080 4096; x_wconf 86' lang='lat' dir='ltr'><strong>ex</strong></span> <span class='ocrx_word' id='word_1_286' title='bbox 1102 4033 1217 4097; x_wconf 86' lang='lat' dir='ltr'><strong>Schola</strong></span> <span class='ocrx_word' id='word_1_287' title='bbox 1240 4035 1461 4105; x_wconf 89' lang='lat' dir='ltr'><strong>alexandrina,</strong></span> 
     </span>
     <span class='ocr_line' id='line_1_37' title="bbox 359 4128 1534 4218; baseline 0.005 -28"><span class='ocrx_word' id='word_1_288' title='bbox 359 4128 569 4209; x_wconf 88' lang='lat' dir='ltr'><strong>ejusdemque</strong></span> <span class='ocrx_word' id='word_1_289' title='bbox 591 4131 803 4210; x_wconf 87' lang='lat' dir='ltr'><strong>praelectum,</strong></span> <span class='ocrx_word' id='word_1_290' title='bbox 825 4132 925 4194; x_wconf 88' lang='lat' dir='ltr'><strong>libros</strong></span> <span class='ocrx_word' id='word_1_291' title='bbox 947 4135 1144 4210; x_wconf 85' lang='lat' dir='ltr'><strong>percurrisse</strong></span> <span class='ocrx_word' id='word_1_292' title='bbox 1164 4137 1334 4218; x_wconf 81' lang='lat' dir='ltr'><strong>Origenis3</strong></span> <span class='ocrx_word' id='word_1_293' title='bbox 1351 4139 1381 4200; x_wconf 93' lang='lat' dir='ltr'><strong>in</strong></span> <span class='ocrx_word' id='word_1_294' title='bbox 1398 4135 1464 4216; x_wconf 89' lang='lat' dir='ltr'><strong>qui·</strong></span> <span class='ocrx_word' id='word_1_295' title='bbox 1533 4189 1534 4196; x_wconf 74' lang='grc'>,</span> 
     </span>
     <span class='ocr_line' id='line_1_38' title="bbox 367 4228 1533 4314; baseline 0.009 -23"><span class='ocrx_word' id='word_1_296' title='bbox 367 4229 428 4292; x_wconf 87' lang='lat' dir='ltr'><strong>bus</strong></span> <span class='ocrx_word' id='word_1_297' title='bbox 451 4228 581 4296; x_wconf 85' lang='lat' dir='ltr'><strong>uidetur</strong></span> <span class='ocrx_word' id='word_1_298' title='bbox 601 4249 664 4295; x_wconf 94' lang='lat' dir='ltr'><strong>nou</strong></span> <span class='ocrx_word' id='word_1_299' title='bbox 680 4240 802 4297; x_wconf 90' lang='lat' dir='ltr'><strong>tautum</strong></span> <span class='ocrx_word' id='word_1_300' title='bbox 818 4233 916 4313; x_wconf 89' lang='lat' dir='ltr'><strong>ipsius</strong></span> <span class='ocrx_word' id='word_1_301' title='bbox 929 4235 1101 4314; x_wconf 83' lang='lat' dir='ltr'><strong>suppositis</strong></span> <span class='ocrx_word' id='word_1_302' title='bbox 1113 4237 1199 4302; x_wconf 88' lang='lat' dir='ltr'><strong>haud</strong></span> <span class='ocrx_word' id='word_1_303' title='bbox 1215 4241 1407 4306; x_wconf 87' lang='lat' dir='ltr'><strong>consensisse</strong></span> <span class='ocrx_word' id='word_1_304' title='bbox 1418 4253 1462 4304; x_wconf 91' lang='lat' dir='ltr'><strong>er·</strong></span> <span class='ocrx_word' id='word_1_305' title='bbox 1532 4259 1533 4298; x_wconf 74' lang='lat'><em>2</em></span> 
     </span>
    </p>
   </div>
   <div class='ocr_carea' id='block_1_3' title="bbox 0 0 1598 4946">
    <p class='ocr_par' dir='ltr' id='par_1_6' title="bbox 0 0 1598 4946">
     <span class='ocr_line' id='line_1_39' title="bbox 0 0 1598 4946; baseline 0 4"><span class='ocrx_word' id='word_1_306' title='bbox 0 0 1598 4946; x_wconf 95' lang='lat' dir='ltr'><strong> </strong></span> 
     </span>
    </p>
   </div>
  </div>
 </body>
</html>
