3066 4950
95 513 127 558 u.
140 489 192 560 73.
209 489 400 558 «Narrant
418 489 510 560 nobis
525 491 557 554 in
571 488 729 558 coenobio
748 491 851 558 nacti
864 489 966 571 patris
987 473 1087 564 nostri
1108 489 1214 558 Thea·

92 597 175 662 dosii
190 595 289 659 abbas
303 593 518 671 Theodosius,
540 597 596 675 qni
612 594 675 659 lait
688 593 858 676 episcopus
873 592 1086 674 capituliadis
1101 595 1141 659 do
1155 597 1211 660 ab·

94 697 170 762 bate
190 696 320 773 Nouae,
341 696 470 762 diceuss
498 695 687 778 aliquando,
708 703 884 777 aaleqmm
907 695 1054 776 pulsaret
1075 705 1209 763 noctur·

92 817 172 862 uum
192 797 330 879 tignum,
357 797 468 880 jacens
490 815 551 879 epo
581 798 614 862 in
633 798 759 863 lectula
780 815 866 874 meo,
896 797 1008 862 audiri
1036 799 1210 881 quemdam
1296 797 1298 800 ’

91 899 255 966 dicantem
283 901 393 981 uateta
416 897 615 980 resederis
636 897 752 964 chiaus
781 900 1027 983 quinquaginta.
1059 899 1101 966 Et
1121 904 1212 968 notai

91 1003 179 1068 seiae
199 1003 272 1083 pois
292 1009 388 1077 esset,
418 1003 474 1083 qul
497 1002 734 1082 pronunciarit.
766 1000 815 1066 Ac
834 1019 893 1082 par
915 1001 1087 1066 lenestratn
1110 1005 1211 1067 cellu-

91 1105 149 1168 lae
168 1121 260 1168 meaa
287 1107 444 1184 aspicieus
467 1107 498 1166 in
519 1105 705 1179 ecclesiam,
728 1105 822 1169 rideo
841 1121 950 1168 senem
972 1105 1209 1184 incumbentem

92 1209 128 1270 iu
141 1193 247 1288 genua
268 1224 327 1271 sua
342 1215 379 1270 et'
395 1206 523 1271 stellam
540 1207 761 1286 praelucidum
782 1223 883 1288 snper
902 1215 1001 1286 caput
1022 1208 1105 1289 ejusa
1128 1227 1213 1289 quaa

92 1307 172 1374 luce
184 1325 245 1372 aaa
259 1309 447 1374 ostendebat
468 1309 546 1371 mibi
567 1309 640 1389 qais
660 1317 744 1372 esset
761 1327 873 1372 senex.
893 1306 936 1372 Et
950 1309 982 1371 iu
1003 1327 1034 1373 u.
1050 1305 1103 1376 ll.
1119 1309 1212 1374 hlius

93 1417 208 1475 autom
222 1410 381 1490 quaedam
403 1410 443 1474 de
463 1411 593 1476 senibus
612 1411 712 1491 ipsius
733 1412 878 1475 coenobii
899 1413 1045 1476 narrarit
1067 1411 1158 1476 uobis
1173 1411 1213 1477 dc

95 1513 213 1577 eodem
232 1511 349 1576 abbam
369 1510 499 1587 Naana,
521 1512 687 1592 dixitquer
704 1511 845 1592 quodam
869 1520 1014 1590 tempore
1036 1521 1209 1592 antequam

95 1615 248 1697 pulsaret
265 1615 404 1696 liguum,
424 1632 574 1695 egressos
595 1614 635 1679 de
657 1612 741 1678 cella
764 1631 837 1676 saca
860 1613 945 1674 ibam
966 1612 1005 1674 ad
1027 1614 1210 1689 ecclesiam,

93 1723 129 1781 cl
148 1714 273 1796 aspicio
291 1715 399 1781 sonem
420 1722 557 1779 stantem
588 1724 661 1778 aute
683 1715 867 1790 ecclesiam,
889 1723 923 1778 ct
953 1713 1214 1778 babeatemaans-

93 1819 152 1882 bas
167 1836 282 1884 manus
302 1817 335 1882 ia
348 1818 477 1883 caelum
499 1827 649 1882 extensas
670 1828 770 1899 atquc
791 1825 950 1880 orautsm.
967 1814 1134 1880 Lacebaat
1154 1835 1211 1881 aa·

95 1927 164 1986 tem
185 1938 300 1985 manns
320 1920 392 2002 eius
412 1921 505 2000 quasi
535 1918 702 1998 lampades
723 1920 813 1998 ignis.
837 1917 949 1995 Quare
978 1927 1067 1982 mata
1089 1927 1213 2000 perter-

96 2021 185 2086 ritus
205 2023 337 2085 noorai.
350 2039 368 2080 a
381 2018 535 2084 Leontius
550 2020 740 2105 bysantinos
761 2019 955 2094 monachus,
967 2020 1008 2084 de
1028 2037 1094 2100 qua
1116 2019 1212 2093 intra,

94 2122 249 2190 Nonarum
265 2129 363 2188 vocat
377 2123 483 2186 sirum
506 2122 694 2202 religiosam
709 2130 744 2185 et
757 2121 915 2198 divinum,
932 2120 1085 2186 Nestoris
1101 2131 1133 2185 et
1149 2120 1213 2186 Eu·

95 2225 219 2310 tycheti
239 2225 500 2290 infensissimum.
531 2223 589 2287 llis
610 2225 722 2304 itaque
743 2223 938 2302 comparatis
970 2224 1211 2289 narrationibus

93 2347 139 2393 ex
159 2325 288 2410 Cyrllla
308 2332 341 2391 et
364 2325 462 2390 Prata
476 2323 644 2405 Spiritaall
665 2325 752 2390 circa
768 2324 893 2390 abbatis
916 2321 1022 2388 Nouoi
1045 2325 1213 2406 religiosos

92 2428 342 2505 compulsatur
359 2427 463 2509 judex
483 2435 565 2491 estur
588 2434 620 2490 ot
637 2426 813 2509 iudicando
829 2427 968 2501 noverit,
987 2425 1106 2507 quibus
1119 2444 1154 2490 ae
1171 2427 1216 2487 ri·

93 2531 204 2596 sisaim
227 2530 419 2596 laoouirere
440 2529 762 2594 conviciistmouacbi
784 2530 1032 2609 palaestiueascs
1053 2528 1095 2592 ob
1115 2545 1215 2611 quaa·

94 2635 218 2698 stiones
245 2634 330 2697 iuter
356 2634 442 2711 ipsos
468 2641 613 2712 exortas,
637 2640 807 2714 postquam
838 2632 950 2714 piures
981 2651 1023 2698 ex
1049 2633 1126 2699 iisa
1153 2630 1215 2696 ilde

97 2732 347 2800 chalcedonensi
369 2733 567 2798 deiecerant.
657 2773 659 2780 -

153 2853 157 2860 ·
179 2834 261 2900 item
283 2836 391 2917 quoad
407 2838 604 2917 scriptorum
626 2835 875 2916 discrepantiam
893 2837 924 2899 la
940 2836 1128 2918 quaestione
1150 2836 1215 2902 orl·

95 2939 246 3019 penisus,
273 2946 428 3003 natentur
448 2956 580 3020 qaoque
609 2937 724 3022 Gyrilli
746 2938 893 3003 dictade
922 2937 1067 3003 blacario
1097 2938 1216 3004 lliero·

93 3041 301 3125 solymorum
322 3041 485 3119 episcopo.
512 3038 541 3103 ls
561 3039 645 3103 euim
668 3040 699 3102 ia
719 3057 750 3103 u.
772 3035 823 3108 90·
845 3039 902 3116 all,
927 3039 1025 3105 Petro
1045 3038 1212 3118 defuncto,

95 3161 174 3206 cum
197 3139 362 3205 blacarias
386 3142 567 3206 temeritate
588 3140 846 3205 neolauritarutn
867 3143 937 3205 slve
964 3141 1213 3222 origenistarum

97 3243 213 3307 luisset
227 3243 408 3319 ordinatus,
426 3245 571 3307 tumultu
593 3244 667 3308 ideo
679 3241 822 3307 excitato
845 3243 877 3306 iu
891 3239 1140 3328 Hierosolymis,
1156 3242 1216 3308 Ja-

96 3345 275 3408 stiniauum
288 3345 420 3426 jussisse
437 3343 618 3409 biaoariam
632 3341 755 3426 expelli
770 3344 812 3406 ab
825 3343 1027 3426 episcopatu;
1044 3354 1077 3406 et
1100 3343 1215 3408 Eusto-

97 3447 212 3510 chium
233 3447 265 3508 iu
294 3447 364 3528 ejus
387 3447 496 3510 locum
524 3447 679 3510 ordinari.
703 3444 817 3510 Victor
840 3463 918 3508 roro
951 3447 1139 3510 tununensis
1160 3463 1217 3509 aa·

96 3565 141 3612 no
153 3545 206 3614 st.
220 3549 345 3628 imperii
357 3548 529 3614 Iustiniani
543 3547 682 3612 subdita
695 3546 889 3622 Eustochiae
906 3547 1045 3610 hierosol
1050 3548 1212 3632 ymitauus

95 3651 352 3730 episcopocum
374 3651 495 3723 luerat,
510 3649 657 3714 Macaria
671 3652 859 3728 superstite,
871 3648 1053 3724 ordinatus,
1069 3649 1213 3732 ejicitur,

94 3761 130 3814 et
146 3769 263 3816 rursus
279 3749 443 3814 Macarius
458 3751 670 3816 redarmatur.
682 3771 698 3808 a
710 3751 897 3828 Quinimmo
911 3748 1125 3830 Theophanes
1137 3751 1219 3816 scri·

97 3854 146 3915 bit
162 3851 345 3917 biaoariam
360 3853 505 3934 legitime
518 3853 718 3928 ordinatum,
735 3870 794 3933 per
808 3851 956 3916 fraudem
970 3860 1004 3916 et
1018 3851 1214 3917 calumniam

67 3939 70 3948 ¹
96 3975 114 4016 a
132 3953 216 4018 Sede
235 3971 294 4017 sua
310 3954 497 4032 expulsam.
516 3953 602 4018 hlibi
623 3954 723 4016 addit:
741 3965 758 4012 ιι
775 3951 974 4017 Eustachias
996 3953 1125 4020 reaicns
1139 3950 1217 4016 llis·
1356 3979 1360 3986 ·

96 4055 295 4139 rosolymam
317 4055 504 4136 prosodia,
526 4074 593 4135 quo
614 4056 771 4119 adversas
794 4053 1049 4134 Apollinarium,
1072 4053 1217 4135 agatho-

97 4175 172 4221 ncm
195 4165 227 4221 et
243 4155 425 4221 linearium
439 4157 608 4236 flagrabat,
626 4155 739 4222 Navae
757 4155 884 4220 Laurao
900 4157 1074 4218 marnachos
1088 4155 1217 4233 expulit

96 4269 252 4341 tanquam
274 4260 476 4340 supernatus.
493 4257 714 4336 Quamobrem
728 4267 762 4324 et
782 4262 849 4342 ipse
870 4258 995 4342 ojootus
1016 4267 1075 4335 cst,
1093 4268 1125 4323 ct
1146 4256 1216 4322 bla-

100 4366 210 4431 carius
231 4365 265 4428 in
284 4379 378 4428 snam
399 4357 513 4428 Sedena
536 4359 754 4426 mathusael·
