3138 4950
280 345 281 350 Ν
367 384 444 466 aas
871 435 874 442 »

899 498 976 566 nur

457 695 621 766 Catholici.
653 698 764 766 Zoilus
792 700 1025 766 alexandrinus
1058 702 1158 766 trium
1186 701 1418 784 Capitnlnrum
1435 702 1480 765 le

377 801 488 866 lensor
508 801 549 866 ab
569 802 759 884 episcopatu
780 809 968 879 amaretur,
989 811 1023 866 ct
1044 803 1075 866 in
1097 804 1187 867 illam
1203 801 1318 868 Senem
1340 807 1479 868 evehitur

370 903 597 984 Apollinarins
620 903 838 980 orthodoxus,
861 903 918 984 qni
939 901 1070 988 synodo
1089 900 1128 966 V.
1145 902 1281 979 adstitit,
1296 912 1330 968 st
1348 905 1478 968 subscri

342 1059 343 1064 ,
370 1008 434 1085 psit
455 1005 653 1071 anathemati
675 1023 798 1074 aarum·
811 1004 1060 1086 Capitnlornme
1085 1002 1309 1086 Apollinarium
1328 1005 1480 1070 sanctimi-

367 1123 440 1169 raus
452 1104 712 1189 archiepiscopus
731 1105 950 1171 Alexandriae
963 1125 1096 1186 magnos
1117 1103 1270 1171 civitatis.
1287 1104 1386 1171 Hunc
1406 1107 1479 1170 Aua·

370 1210 488 1273 stasins
509 1208 721 1274 antiochenus
744 1217 840 1272 vocat
859 1208 967 1271 divina
987 1209 1145 1288 sepientis
1167 1206 1364 1288 praeditum.

389 1327 392 1332 ·
447 1307 659 1376 schismatici.
688 1309 799 1377 Zoilus
820 1311 1084 1392 archiepiscopus
1112 1329 1151 1373 aa
1163 1309 1420 1390 simplicissimus
1438 1329 1479 1374 ss·

369 1410 484 1478 cerins
505 1413 546 1476 ab
567 1413 705 1478 ecelesia
725 1413 937 1476 alexandrina
962 1421 1158 1492 amovetur3
1172 1418 1204 1474 et
1224 1413 1256 1474 in
1279 1411 1352 1492 ejus
1377 1413 1478 1474 locum

229 1527 233 1533 “
367 1512 578 1579 substituitur
598 1513 822 1596 Apollinarins
845 1514 943 1578 bono
963 1523 1140 1596 perversor
1163 1520 1197 1578 et
1216 1511 1364 1594 ejusdem
1387 1515 1478 1580 eccle

368 1617 435 1680 siae
455 1613 597 1681 adulter.

878 1817 971 1886 XXll

453 2019 619 2089 Catholici.
635 2021 788 2104 Pelagius
809 2022 1040 2103 apocrisiarius
1061 2023 1146 2104 apat
1162 2023 1385 2089 lastinianum
1400 2023 1475 2086 vlcin-

365 2123 405 2188 tle
424 2125 591 2208 legitimus
612 2123 779 2189 Romanus
796 2122 959 2201 Pontifex,
974 2123 1016 2187 ab
1032 2125 1123 2189 initio
1143 2124 1184 2189 de
1207 2125 1311 2189 tribus
1326 2123 1474 2205 Capitolia

335 2271 337 2274 -
366 2228 576 2310 quaestionis,
607 2225 752 2303 lirmnm,
780 2213 977 2290 acerrimum
999 2245 1034 2291 se
1057 2225 1206 2291 exhibuit
1230 2234 1263 2290 et
1287 2235 1473 2307 perpetuum

366 2327 486 2393 borum
507 2327 734 2415 capitulorum
755 2335 1025 2410 expugnatorem,
1046 2329 1095 2393 nti
1116 2329 1216 2409 ipsius
1239 2334 1400 2424 testantur
1417 2325 1474 2406 epi·
1551 2373 1552 2424 ἱ

365 2428 480 2494 stolae.

386 2507 389 2514 Δ
445 2526 655 2592 Schismatici.
688 2528 839 2609 Pelagius
863 2529 961 2592 trium
984 2526 1212 2610 capitulorum
1234 2527 1388 2592 delensor
1407 2526 1470 2589 ideo

364 2647 383 2693 a
404 2629 588 2696 lustinieno
609 2629 772 2695 multatur
791 2631 902 2696 exilio.
936 2627 1122 2696 Revocatns
1144 2639 1249 2695 tamen
1270 2647 1309 2694 ea
1331 2627 1470 2711 Capitale

364 2731 507 2811 damnat,
529 2739 563 2796 et
583 2731 733 2796 Pontifex
755 2732 888 2814 eligitur
909 2748 927 2795 a
951 2730 1279 2812 prsevaricatoribus.

866 2933 975 3000 xxm

434 3139 615 3206 'Catholici
632 3129 783 3222 Pelagius
799 3141 824 3206 l.
840 3144 872 3208 in
892 3142 959 3207 suis
974 3141 1121 3224 epistolis
1132 3140 1230 3206 trium
1246 3141 1463 3222 Capitnlornm

361 3252 621 3323 propugnatores
642 3245 827 3325 ignorantes
850 3251 957 3320 vocat,
989 3243 1186 3323 pervicaces,
1209 3241 1463 3308 calumniatores.

362 3341 602 3421 iraudulentos,
625 3345 778 3426 pertidus,
802 3345 1058 3426 vaniloquentes.

439 3439 647 3509 schismatici.
671 3446 841 3528 Pelagium
862 3447 888 3511 l.
914 3455 1031 3511 vocant
1051 3445 1246 3520 instabilem,
1269 3441 1461 3525 praevarico-

357 3547 477 3622 terem,
493 3553 561 3610 eta
583 3548 899 3630 praevaricatoribus
921 3546 1109 3613 Pontificem
1130 3545 1271 3610 electum
1280 3563 1293 3624 5
1309 3561 1348 3608 ac
1367 3543 1396 3604 in
1414 3540 1461 3602 te

357 3649 575 3727 sperationem
606 3659 714 3717 aetum
750 3657 1014 3734 repraesentant,
1046 3669 1086 3749 eo
1119 3647 1206 3730 qnod
1238 3639 1461 3728 subsignaverit

357 3746 459 3814 triam
480 3747 707 3831 (lepitnlorom
727 3754 910 3820 anathema.

862 3905 970 4022 xxiv

438 4153 603 4224 Catholici.
626 4158 676 4224 Ex
701 4159 822 4242 Pelagii
839 4161 880 4226 ll.
897 4168 931 4225 et
943 4179 970 4226 s.
985 4159 1139 4226 Germani
1157 4159 1349 4232 testimonio,
1363 4155 1454 4221 extin-

352 4259 412 4324 ctis
439 4261 491 4328 vel
522 4263 634 4345 sopitis
659 4265 847 4332 haeresibus
871 4261 932 4358 snb
959 4261 1132 4330 iustiniani
1154 4261 1303 4346 imperio,
1331 4257 1455 4372 20J⁰it¹¹⁸
