2994 4938
317 486 368 543 rat
389 476 641 559 Couststinopoii
662 493 681 542 a
702 469 820 544 iteum
848 478 1034 560 ceterisque
1064 477 1246 561 episcopis,
1268 483 1301 544 et
1329 476 1420 559 cusiis

316 597 431 644 eornm
453 582 608 646 sententis
637 579 679 644 de
704 579 808 645 tribus
828 578 1010 662 Capitulis,
1038 584 1229 662 priusquam
1251 575 1422 646 tenente

318 680 530 746 diaconorum
552 699 762 748 romanorum
782 683 945 764 acciperet
964 683 1103 748 iitteras.

399 781 477 846 item
498 783 539 848 de
560 784 659 866 innius
678 784 801 852 decreti
820 803 917 864 seusu
934 804 974 852 ac
993 785 1034 850 de
1056 795 1214 867 tempore,
1230 785 1423 867 quemadmo-

316 882 395 950 dum
416 905 515 968 sopra
536 894 691 952 statutum
712 895 782 964 nat,
812 888 900 952 aiiud
925 888 1156 954 documentum
1185 889 1278 952 uobis
1297 889 1424 953 traditur

317 987 359 1052 ab
380 987 515 1068 epistoia
537 988 684 1054 Pontiani
705 991 745 1052 sd
766 987 1010 1064 iustiniannm,
1033 991 1088 1055 nisi
1110 991 1223 1054 cadem
1244 992 1424 1054 innonatur

317 1088 359 1155 de
381 1092 479 1154 trium
500 1088 728 1172 Capitniorum
749 1091 971 1169 dsmnstiona,
987 1094 1029 1156 ab
1051 1091 1252 1176 imperatore
1275 1092 1423 1176 proposita

317 1188 498 1267 Pontiano,
521 1201 558 1257 nt
579 1193 655 1260 hoio
676 1195 859 1260 accederet.
885 1193 1061 1260 Pontianus
1083 1213 1161 1260 sero
1193 1195 1292 1277 ineius
1312 1193 1421 1258 decreti

317 1294 495 1358 novitatem
513 1296 665 1372 sentiens,
680 1298 894 1378 miratusque,
909 1299 969 1362 ista
990 1298 1075 1361 inter
1088 1305 1196 1362 cetera
1208 1297 1324 1363 scribit
1338 1293 1424 1360 iusti·

318 1396 426 1462 niano:
439 1419 456 1457 c
467 1398 503 1463 iu
517 1407 681 1476 extremo,
695 1399 753 1476 ait,
769 1399 880 1480 itaque
901 1399 1059 1479 epistoise
1075 1407 1201 1465 restrae
1213 1400 1427 1480 cognorimus,

318 1500 407 1579 qnod
426 1519 484 1564 aus
505 1517 568 1565 non
589 1501 797 1566 mediocriter
817 1501 1130 1578 remordet,deitere
1151 1519 1211 1566 nos
1230 1499 1426 1566 Theodorou

320 1609 354 1666 et
373 1601 498 1682 Scripta
520 1599 715 1667 Theodoreti
731 1611 829 1683 atque
847 1601 1024 1685 Epistulam
1041 1601 1117 1668 ibae
1131 1602 1297 1668 domuere.
1314 1603 1425 1668 Eornn

318 1703 402 1768 dicta
425 1704 465 1766 ad
487 1721 544 1768 nos
565 1723 628 1767 uon
648 1709 870 1785 perverterunt
899 1723 1004 1787 nsque
1024 1724 1121 1770 nnnc.
1147 1704 1246 1782 Quod
1267 1705 1295 1770 si
1316 1713 1348 1770 ct
1366 1719 1426 1784 per·

320 1806 480 1881 venerint,
496 1814 529 1869 et
549 1805 718 1886 alique-iiii
737 1807 939 1891 apocrypha,
954 1825 1039 1888 qnae
1060 1815 1174 1872 contra
1194 1805 1269 1872 fidei
1293 1806 1425 1887 repulsu

322 1906 497 1984 dictasint,
512 1908 701 1988 legerimus,
716 1908 803 1972 dicta
823 1927 996 1988 possumne
1016 1911 1189 1990 respicere,
1205 1926 1270 1972 non
1293 1916 1426 1972 auctores

320 2009 485 2075 dictorum
515 2009 583 2092 jam
615 2018 763 2074 mortuos
793 2011 963 2092 praecipiti
983 2010 1250 2074 condemnatione
1277 2010 1424 2073 demeare.

323 2110 460 2190 Quodsi
480 2112 587 2176 adhue
605 2111 765 2188 virerent,
784 2119 819 2176 et
838 2111 980 2193 correpti
998 2129 1145 2176 errorem
1165 2125 1263 2176 enum
1286 2129 1349 2174 nou
1367 2125 1427 2174 cec-
1444 2105 1452 2174 i

323 2213 524 2292 destruerent,
545 2213 720 2296 iustissime
741 2213 983 2279 damnarentur.
1005 2211 1102 2278 Nunc
1121 2221 1230 2276 antem
1251 2214 1370 2294 quibus
1387 2228 1426 2274 rc·

324 2317 480 2381 citabitur
498 2317 654 2380 sententia
676 2315 888 2380 damnationis
908 2313 1067 2380 uostrsei
1094 2311 1189 2390 Quod
1212 2316 1244 2377 in
1269 2315 1316 2379 eis
1337 2329 1426 2376 recor

324 2419 453 2498 rigatur
473 2425 608 2482 nonest.
623 2415 688 2483 Sed
702 2418 812 2493 timeo,
827 2416 967 2498 piissime
985 2417 1179 2499 imperator,
1195 2433 1236 2479 ne
1254 2415 1319 2479 sub
1333 2414 1426 2478 otru-

323 2527 361 2584 tu
376 2517 585 2584 damnationis
605 2519 742 2584 istorum
756 2520 950 2604 eutychiana
968 2520 1113 2584 haeresis
1131 2517 1297 2598 eupatore
1314 2523 1346 2581 et
1362 2515 1425 2578 dnn

322 2621 454 2685 minima
476 2621 592 2685 iudicia
613 2639 677 2686 non
690 2620 885 2702 spernimus,
906 2621 947 2683 ad
969 2619 1127 2702 majorem
1141 2618 1303 2683 hcemsim
1324 2623 1356 2681 et
1371 2612 1426 2679 coi·

320 2721 467 2787 iisionsur
489 2725 665 2788 veniemus.
682 2722 724 2788 Et
737 2722 816 2804 quid
838 2721 928 2788 nobis
949 2741 1024 2786 cum
1047 2723 1186 2786 mortuis
1200 2722 1285 2784 inire
1305 2720 1424 2791 ieiiuu,

322 2824 378 2888 ubi
399 2824 491 2888 nuiin
511 2824 675 2888 iuvenitur
694 2824 726 2886 in
747 2824 972 2904 conpressione
994 2820 1163 2886 victoria?
1181 2822 1279 2902 Apud
1299 2820 1425 2905 iudicent

324 2943 439 2990 rerum
458 2924 525 3005 jam
549 2931 711 3000 tenentur,
733 2941 750 2986 a
772 2941 837 3003 quo
859 2924 969 2988 uniins
990 2924 1242 3003 uppeiiatctccs

403 3026 575 3090 i’racterea
599 3023 771 3090 Facundus
800 3025 1047 3102 hermianensis,
1069 3025 1125 3108 qui
1152 3024 1301 3106 einsdm
1321 3019 1423 3086 decreti

323 3127 479 3192 adversus
502 3129 562 3190 tria
583 3125 733 3207 Capituia
754 3145 882 3192 mosum
904 3129 1079 3208 exposuit,
1100 3145 1198 3209 qoem
1219 3127 1338 3192 deiude
1356 3123 1425 3203 vigi·

321 3228 386 3294 iios
409 3230 439 3294 iu
459 3228 614 3294 indicato
633 3228 785 3305 firmarit,
808 3236 909 3310 atque
929 3231 960 3292 io
975 3231 1093 3294 uitim'u
1113 3225 1425 3295 instauraritiiensti·

324 3338 418 3408 tato,
434 3321 602 3396 iusniiesta
620 3329 700 3394 dicit
722 3331 784 3394 irco
805 3328 972 3395 decretum
996 3331 1142 3396 Romano
1164 3331 1315 3416 Pontifici
1333 3343 1424 3392 anan·

324 3430 437 3496 datum
463 3432 561 3496 inisse
592 3446 653 3511 pro
680 3431 945 3509 confirmatione,
967 3439 1141 3514 numquam
1166 3431 1272 3496 Roma
1302 3427 1424 3494 discede·

325 3540 385 3596 ret.
404 3529 547 3612 iusuper
564 3552 583 3596 e
598 3530 697 3598 Libro
716 3530 862 3613 ejusdem
885 3531 1028 3597 Facundi
1053 3539 1166 3598 centra
1188 3532 1371 3598 diociauun
1389 3529 1423 3589 iu

201 3687 205 3694 .
325 3632 450 3709 tertur,
481 3634 586 3698 eidem
617 3633 749 3698 decreto
777 3635 992 3700 anathematis
1019 3635 1246 3716 miscripsisse
1267 3633 1421 3700 umora,

324 3731 558 3814 Ephesumnm,
577 3731 704 3798 action
719 3741 753 3800 et
766 3733 899 3799 Petrum
918 3737 1120 3816 patriarchas
1129 3755 1141 3817 3
1156 3754 1195 3801 ac
1215 3733 1424 3818 episcopisre

325 3841 391 3899 stes
409 3837 539 3902 missum
561 3834 705 3899 Orientis
727 3843 760 3900 et
783 3835 978 3913 Occidentis,
1003 3837 1098 3902 sicuti
1126 3855 1169 3901 ex
1189 3837 1332 3919 epistolis
1349 3845 1424 3914 pree·

325 3935 399 4001 ictis
419 3937 602 4002 adstruitur
621 3944 654 4002 et
676 3935 833 4002 Ferreadi
853 3945 888 4002 et
914 3936 1072 4002 Pontiani.
1094 3936 1226 4004 Guntia
1255 3937 1354 4020 igitur
1369 3929 1423 3994 sri-

326 4038 504 4103 madrersis
533 4038 783 4102 circumstantiis
804 4037 892 4101 circa
918 4036 1091 4104 iustiniani
1119 4037 1261 4103 edictum
1291 4031 1423 4102 ecciu'u·

326 4157 399 4206 rum
423 4139 627 4221 praesulibus
655 4139 918 4203 commendatum
942 4157 1003 4221 pro
1034 4141 1283 4221 snbscmptions,
1307 4145 1340 4202 ut
1356 4129 1422 4196 aii

325 4242 390 4326 peis
404 4243 561 4324 episcopis
575 4250 756 4323 acceptum,
773 4239 964 4324 priusquam
979 4241 1065 4325 Pana
1081 4241 1184 4312 iiens
1212 4239 1418 4324 reinduatur
