3138 4950
341 383 404 453 iffi

423 487 472 552 Ad
497 505 566 565 ros,
590 489 733 570 inquam,
752 490 869 556 clamat
889 491 1059 574 Origenes,
1076 492 1178 558 ueluti
1201 491 1450 576 chrysostomus

341 593 536 656 calumniam
559 609 684 673 passus,
707 593 739 656 in
761 603 848 657 terra
869 595 973 658 etieua
996 595 1169 658 defunctus
1190 605 1222 660 et
1242 598 1283 658 ab
1305 595 1449 660 Ecctesia

342 695 511 774 depulsus,
534 695 635 758 donce
657 704 728 774 pust
750 697 878 777 triginta
900 697 1044 779 quinque
1071 716 1169 762 anuos
1190 699 1230 760 ab
1250 698 1323 778 ejus
1345 699 1448 773 obitu,

343 797 480 859 instante
501 815 599 877 quam
623 799 764 860 maxime
784 819 809 860 s.
827 797 958 874 Proeto,
973 812 1160 865 sanctorum
1181 801 1257 863 utbo
1278 801 1448 880 inscriptus

342 907 400 961 cst.
423 898 472 960 Ad
498 916 553 961 vos
574 898 691 964 clamat
713 897 869 979 Origenes
891 909 1044 982 tunquam
1065 903 1151 966 atter
1170 902 1451 980 constantinopoli·

342 1006 435 1063 tanus
456 1002 627 1081 episcopus
659 1000 845 1078 Ftavianus,
877 1005 1075 1084 iniquissima
1099 1005 1252 1068 baeretici
1284 1013 1360 1066 nota
1384 1006 1453 1068 iuu-

323 1111 421 1174 ‘stan
444 1103 500 1181 qui
523 1101 704 1167 sebenno
726 1105 812 1186 Papo
835 1105 998 1181 defensus,
1015 1115 1221 1185 nuncupatus
1242 1115 1290 1170 est
1310 1105 1386 1169 fidei
1401 1123 1452 1168 ca·

341 1205 481 1268 tboticae
513 1214 747 1286 propugnator.
780 1205 907 1270 Horum
929 1210 1030 1272 instar
1050 1207 1090 1271 ad
1114 1226 1171 1270 sos
1199 1207 1318 1272 clamat
1339 1207 1452 1288 Origo·

342 1325 409 1377 nes,
424 1310 480 1388 qui
503 1307 541 1369 ud
564 1315 693 1372 centum
708 1309 940 1389 qninquaginta
962 1327 1061 1374 anuos
1076 1319 1148 1388 post
1168 1311 1291 1372 obitum
1314 1328 1389 1372 eum
1411 1327 1451 1372 ss.

342 1407 495 1474 Patribus
524 1411 703 1473 honoratus
724 1419 791 1474 cst:
816 1413 858 1472 ita
883 1421 930 1485 nt,
953 1413 979 1473 si
1008 1415 1033 1473 is
1054 1411 1249 1474 intirmitntis
1277 1430 1357 1474 suae
1379 1428 1453 1474 cuu-

339 1511 426 1575 scius
441 1513 551 1576 notens
567 1512 742 1593 aliquando
756 1514 930 1590 erraverit,
953 1513 1057 1576 eidem
1080 1513 1216 1587 donetis,
1232 1515 1326 1577 sicuti
1347 1521 1380 1575 et
1400 1531 1451 1576 ce·

341 1614 418 1675 teris
441 1612 607 1676 Ecclesiae
631 1611 780 1678 Patribus
801 1615 979 1696 quidquam
1001 1615 1152 1679 similiter
1172 1616 1324 1678 donastis.
1348 1613 1452 1676 Dona·

339 1717 395 1778 stis
415 1733 492 1778 saue
512 1735 537 1778 s.
560 1715 722 1800 Cypriane
743 1735 782 1780 ac
803 1719 931 1788 ceteris,
947 1719 1003 1797 qui
1025 1720 1129 1782 minus
1152 1725 1253 1790 reeta,
1278 1717 1329 1779 vei
1350 1717 1448 1780 dubia

340 1821 490 1882 nescitae
511 1821 602 1884 insiti
618 1824 874 1898 pronunciarent
889 1820 1064 1900 aliquando
1083 1821 1122 1885 de
1138 1839 1174 1884 re
1193 1821 1380 1892 christiana,
1395 1829 1451 1884 ant

341 1922 523 1998 argumenti
552 1923 710 2002 grauitate
732 1927 846 2001 pressi,
871 1922 922 1984 vet
946 1923 1098 2002 temporis
1129 1922 1382 1986 circumstantiis
1402 1939 1451 1987 ue·

342 2022 454 2086 dentes
475 2027 666 2102 praesertim
690 2027 720 2086 in
743 2027 854 2104 primis
879 2023 1043 2089 Ecclesiae
1064 2027 1194 2090 secutis.

420 2124 531 2207 Siquid
555 2127 654 2208 igitur
675 2128 723 2191 bis
739 2129 890 2193 iubentes
909 2121 1062 2202 donastis,
1078 2130 1268 2192 eorumdem
1285 2135 1451 2204 parcentes

341 2227 530 2306 conditioni,
551 2229 669 2294 donate
690 2248 824 2311 quoque
844 2229 991 2312 origeni,
1018 2231 1073 2312 qui
1099 2232 1130 2293 in
1152 2230 1271 2292 eisdem
1297 2229 1454 2292 conditio·

340 2328 435 2392 nibus
459 2320 605 2395 versutus
625 2339 695 2396 ests
718 2350 860 2413 eumque
884 2331 993 2396 levate
1018 2351 1035 2394 u
1060 2339 1145 2395 tanta
1168 2331 1325 2394 iutsarum
1347 2332 1454 2395 cuimi-

342 2432 510 2495 nutionum
532 2432 675 2498 cottuuie
695 2444 862 2510 onustum,
886 2442 919 2498 et
940 2436 1113 2514 praecipue
1133 2432 1174 2496 ab
1200 2433 1254 2496 itte
1277 2432 1454 2512 indignissi-

342 2548 393 2594 ma
416 2539 447 2593 et
469 2533 672 2597 intotorauda
694 2532 760 2597 oiri
778 2533 874 2615 impii
895 2546 984 2610 nota,
1007 2535 1059 2598 cui
1082 2553 1098 2595 a
1122 2533 1275 2596 diuturna
1298 2551 1457 2595 annorum

341 2636 425 2696 serie
445 2635 604 2717 subjacet,
637 2636 816 2716 proborum
837 2645 985 2717 stupore,
1013 2638 1251 2700 catboticorum
1280 2637 1456 2713 aegritudi-

342 2755 395 2814 ne,
420 2737 659 2802 baereticorum
693 2739 823 2818 ptsusu,
851 2739 1190 2820 pseudo-phitosopbis
1217 2738 1316 2818 buius
1341 2738 1455 2798 aetatis

342 2837 543 2916 potissimum
565 2847 597 2904 et
617 2839 792 2906 iuoredutis
813 2841 909 2922 ptcoo
934 2839 1035 2904 eboro
1056 2837 1316 2919 obstrepentibus
1337 2847 1370 2900 et
1391 2837 1455 2899 tue·

342 2939 497 3005 tentibus.
573 2976 575 2981 s

423 3041 465 3106 Et
487 3045 526 3108 ad
542 3046 603 3109 boe
619 3045 746 3109 tandem
762 3052 902 3108 vestram
918 3041 1125 3106 attentionem
1140 3039 1290 3122 postulo:
1314 3037 1453 3119 quodsi,

344 3147 468 3209 cunctis
490 3146 537 3210 bis
558 3147 683 3210 libratis
704 3143 993 3227 disquisitionibus,
1024 3151 1148 3207 tautum
1173 3143 1277 3205 airuns
1302 3141 1353 3202 sel
1375 3138 1455 3202 Coo·

343 3245 486 3320 tesseris,
504 3247 555 3313 set
577 3247 739 3325 Doctoris,
763 3250 814 3312 sei
830 3246 997 3312 Ecclesiae
1014 3244 1131 3322 Putris,
1151 3244 1201 3306 vet
1224 3261 1357 3324 quoqne
1374 3239 1457 3304 biar-

345 3349 426 3432 tpris
449 3350 545 3414 tituto
567 3350 817 3424 honoraveritis,
842 3349 927 3414 baud
950 3349 1062 3423 tateet,
1084 3365 1139 3409 ros
1161 3345 1293 3426 Origeui
1315 3342 1456 3406 redditu·

346 3469 413 3527 ros,
429 3451 516 3532 quod
538 3454 579 3515 ab
600 3454 679 3516 orbe
694 3451 870 3516 christiano
885 3469 942 3514 seu
959 3451 989 3512 iu
1014 3448 1090 3523 sita,
1108 3448 1159 3510 sci
1182 3454 1253 3526 post
1268 3451 1405 3508 mortam
1419 3439 1458 3502 ad

348 3564 478 3616 eentum
495 3553 728 3633 quinquaginta
748 3569 848 3616 uunos
867 3552 942 3632 jure
964 3551 1153 3629 inscriptum
1170 3549 1296 3626 tuerat,
1319 3555 1352 3609 et
1372 3541 1457 3623 quod

347 3652 462 3717 deiude
482 3656 523 3718 ab
546 3655 683 3720 exordio
704 3654 807 3718 secuti
823 3652 861 3716 it.
878 3653 1105 3717 iataustissimu
1128 3661 1229 3722 sorte,
1251 3667 1292 3712 cx
1317 3646 1458 3710 matero-

345 3755 455 3820 iorum
477 3764 509 3820 et
530 3757 714 3820 invidorum
738 3756 865 3836 traude,
883 3765 914 3818 et
931 3753 1148 3835 quorumdam
1171 3751 1273 3814 bonae
1295 3748 1369 3812 bdci
1384 3746 1458 3809 ittu-

345 3857 447 3938 sione,
470 3859 499 3924 ei
520 3859 687 3925 subtatum
709 3869 768 3924 est.

725 4165 1086 4223 -002000-u
