3186 4946
547 465 688 537 CAPUT
709 463 764 534 tt.
1176 363 1218 434 5⁵

116 667 257 755 Prosteto
277 681 469 754 urpumsutc
500 689 560 753 pso
582 669 716 736 Eusebio
744 669 943 736 &nomenti
964 671 1107 753 episcopo
1126 671 1219 738 uocis

85 841 87 848 y
145 773 332 838 dscmoutur
352 772 549 850 testimoniis,
572 771 757 856 quibuscum
776 771 900 853 oblique
918 781 1064 840 uosttssut
1085 772 1122 840 ds
1143 771 1219 840 Oti·

147 891 217 952 psus
234 873 405 939 insolescit
419 874 626 956 propositum.

117 1113 210 1240 Cum
230 1182 344 1240 autem
366 1177 397 1240 iu
419 1178 481 1240 hec
500 1177 575 1240 loeo
605 1175 703 1254 plura
724 1193 785 1256 pro
805 1195 831 1240 s.
860 1175 1029 1257 Pamphilo
1060 1181 1216 1260 congessi,

116 1293 190 1355 quae
208 1277 344 1359 oblique
366 1295 426 1358 pre
446 1276 588 1357 Origene
609 1277 751 1353 iaciunt,
775 1277 850 1340 uolo
870 1283 906 1340 et
926 1275 1104 1343 Eusebium
1126 1297 1219 1361 prae·

117 1379 224 1455 tenire,
245 1377 387 1458 ejusque
405 1379 563 1441 sinceram
578 1376 619 1439 de
640 1373 797 1440 Trinitate
817 1374 912 1438 fldem
927 1393 1037 1440 coram
1060 1375 1220 1466 llierouy·

117 1495 163 1539 mo
181 1477 366 1557 riudieare3
388 1478 476 1558 quod
497 1478 648 1540 similiter
666 1475 800 1556 Origeul
822 1475 989 1557 proliciet3
1019 1485 1052 1541 et
1074 1495 1220 1559 praeser-

117 1578 164 1638 tim
184 1578 223 1642 oh
243 1577 438 1659 Hieronymi
459 1578 582 1641 dictum
611 1575 768 1639 adversus
790 1573 956 1640 lluilluum
987 1580 1018 1640 in
1048 1577 1146 1643 Libro
1175 1577 1218 1643 ll.

115 1695 142 1738 u.
161 1674 207 1741 15.
223 1678 279 1742 ubi
297 1677 476 1742 Eusebium
493 1683 589 1740 sucat
609 1675 798 1739 urinuorum
813 1673 1000 1756 principem.
1022 1677 1173 1743 Socrates
1187 1681 1220 1744 iu

118 1773 204 1840 Libro
225 1777 251 1841 l.
275 1777 402 1841 Hister.
425 1775 552 1840 Eccles.
575 1795 606 1839 e.
628 1773 718 1840 Vlll.
742 1775 782 1838 de
803 1774 877 1838 fidei
900 1776 1040 1839 termule
1063 1777 1095 1840 iu
1115 1775 1221 1844 uicaess

118 1893 149 1938 ua
168 1877 297 1960 syuodo
318 1879 500 1958 subscripta
522 1877 565 1941 ab
587 1877 656 1956 ipso
679 1875 832 1952 Eusebio,
854 1877 981 1956 iuquits
998 1875 1118 1942 s'l'uue
1140 1897 1220 1944 vere

118 1975 265 2044 Eusebius
285 1981 327 2056 is,
351 1979 407 2058 qui
429 1986 679 2058 cognomentum
709 1976 869 2058 Pamphili
894 1979 1030 2043 sortitus
1050 1987 1119 2057 est,
1140 1977 1221 2047 Gaa-

118 2095 218 2143 careae
232 2079 438 2146 Palaestinae
458 2080 677 2144 sacerdotium
699 2097 824 2160 gerens,
838 2098 912 2143 cum
934 2081 966 2143 iu
988 2079 1120 2163 syuodo
1140 2099 1221 2161 pau-

117 2178 177 2241 lum
198 2182 409 2259 haesitasset,
437 2197 615 2259 secumque
636 2179 861 2260 expendisset,
891 2187 1004 2244 utrum
1025 2181 1221 2247 admittenda

119 2290 191 2344 esset
209 2282 283 2346 lidei
307 2282 464 2358 termula,
488 2281 615 2344 taudem
636 2284 757 2360 etipse
780 2298 843 2344 uua
865 2299 940 2345 curu
960 2279 1094 2361 reliquis
1115 2299 1221 2346 asseu-

119 2395 165 2441 sus
178 2390 236 2459 est,
258 2391 292 2447 et
313 2381 516 2462 subscripsit.
532 2381 574 2446 Et
586 2379 849 2445 caesariensibus
869 2381 936 2444 suis
956 2384 1169 2462 conscriptam
1185 2383 1222 2446 fl·

118 2477 162 2541 dsi
181 2481 358 2546 lormulam
376 2483 471 2557 misit,
489 2499 603 2545 recem
623 2479 901 2544 consubstantialis
914 2481 1157 2563 interpretatus,
1170 2500 1225 2547 ue·

119 2582 181 2657 quis
199 2583 368 2646 sinistrum
389 2583 566 2662 quidquam
599 2581 639 2644 de
659 2583 729 2661 ipso
749 2583 974 2662 suspicaretur
993 2601 1032 2645 eo
1052 2583 1140 2662 quod
1162 2583 1222 2646 uli·

119 2684 303 2758 quantulum
319 2683 523 2746 substitisset.
549 2680 652 2745 Porro
668 2700 753 2761 quae
773 2684 814 2744 ab
835 2681 977 2746 Eusebio
991 2675 1111 2762 scripla
1132 2693 1220 2759 suut,

119 2781 157 2842 sic
175 2801 207 2845 se
225 2785 356 2848 habeut.
374 2803 390 2842 u
407 2783 596 2848 Gravissimi
613 2803 689 2847 sane
710 2785 863 2848 momenti
885 2783 1040 2848 adversus
1062 2783 1222 2872 Hierony·

122 2897 198 2946 mum
219 2887 277 2948 ista
302 2885 446 2948 habetur·
463 2883 593 2949 Eusehii
615 2885 797 2949 obtestatio.

188 2983 266 3048 ltrus
288 2988 321 3048 iu
342 2983 442 3048 Libro
464 2985 504 3048 ll.
530 3000 557 3050 c.
582 2983 686 3049 xvtt.
708 2985 853 3067 ejusdem
874 2985 1056 3065 apologiam
1078 2988 1222 3052 conterit

120 3079 253 3149 Socrates
275 3086 319 3149 ob
332 3105 381 3161 ea,
398 3105 482 3167 quae
497 3087 625 3166 scripsit
644 3088 801 3149 adsersus
816 3083 1031 3150 Marcellum:
1050 3083 1149 3152 «Nus
1165 3107 1223 3153 au·

122 3187 187 3259 tem,
208 3187 325 3267 iuquit,
348 3187 460 3249 eadem
482 3187 666 3262 citavimus,
688 3193 726 3248 ut
746 3187 823 3260 illis,
843 3188 899 3266 qui
920 3187 950 3250 ei
972 3194 1093 3252 temere
1114 3188 1222 3251 obtre-

121 3291 209 3360 ctare,
225 3287 527 3366 contumelioseque
546 3285 719 3350 detrahere
740 3285 934 3363 laborarint,
959 3304 1148 3367 respousum
1169 3288 1221 3352 sil.
1250 3315 1253 3322 ·

122 3377 192 3445 llam
207 3403 271 3450 nou
292 3393 424 3466 pessunt
439 3387 610 3450 ostendere
624 3385 816 3464 Eusebium,
832 3384 909 3449 licet
924 3386 1081 3450 vocabula
1098 3385 1224 3467 dispcrs-

121 3483 241 3553 sutienis
263 3489 295 3552 lu
318 3489 389 3569 eius
409 3487 502 3550 libris
523 3495 681 3567 usurpata
705 3489 888 3565 reperiant,
912 3483 995 3550 Filio
1017 3485 1075 3549 Dei
1097 3487 1223 3551 initium

123 3591 266 3653 esseutiae
289 3589 459 3654 tribuisses
477 3586 665 3667 praesertim
687 3603 761 3652 eum
779 3587 942 3651 librorum
956 3584 1104 3667 Origeuis
1125 3595 1158 3651 et
1172 3605 1225 3651 ae·

124 3685 219 3752 mulus
240 3695 276 3753 et
297 3688 478 3751 admirator
498 3687 667 3750 extiterits
690 3684 854 3765 inquibus
874 3685 936 3761 illi,
959 3685 1015 3765 qui
1037 3685 1224 3750 abstrusum

126 3789 153 3844 et
169 3790 369 3854 reconditum
389 3789 550 3860 librorum
571 3783 720 3867 Oripeuis
740 3803 883 3862 sensum,
905 3803 1024 3852 eruere
1044 3789 1222 3869 potuerint,

122 3890 223 3962 passim
243 3892 403 3972 scriptum
424 3889 598 3965 iuseuieut,
623 3885 743 3953 Filium
766 3905 807 3951 ex
830 3885 928 3952 Patre
948 3890 1091 3969 genitum
1113 3888 1223 3954 luisse.

124 3981 159 4047 itt
175 3989 211 4052 ad
232 3991 291 4055 ista
314 3989 445 4072 quidem
466 3995 577 4054 uestra
600 3987 731 4054 delexit
750 3989 880 4065 oratio,
903 3996 942 4053 ut
962 3987 1095 4056 Eusebii
1115 3990 1225 4055 obtre-

125 4091 288 4158 ctatoribus
311 4092 626 4174 responderemus.»
1309 4098 1312 4103 ·
