3028 4942
352 399 395 467 78

352 512 433 568 tera
450 501 630 584 Theophllo
647 511 678 568 et
693 502 893 585 Hieronymo
914 503 1068 582 culpatur
1083 504 1129 567 uti
1151 503 1344 566 haereticus.
1364 499 1444 566 lieni·

350 623 414 685 que
436 608 542 670 iubae
562 607 749 685 quaestione
771 614 836 668 tam
856 624 916 685 pro
933 603 1069 689 Didymo
1092 612 1156 667 tem
1178 622 1237 685 pro
1250 603 1388 684 Origene
1407 603 1443 664 la·

351 710 395 772 cit
413 709 564 772 scientiae
589 717 623 772 et
641 709 819 771 sanctitatis
852 709 956 786 lama3
978 726 1062 787 quae
1093 713 1168 770 tunc
1189 713 1222 769 el
1242 713 1313 786 post
1333 706 1444 768 obitum

349 809 448 886 ipsius
471 806 597 890 Didymi
620 809 741 890 ubique
756 809 795 872 de
816 825 856 871 eo
878 809 1071 871 coruscavit.
1091 805 1215 870 Revera
1237 807 1384 872 Socrates
1403 804 1445 868 Li·

350 909 408 974 bro
433 907 486 971 lV.
513 931 540 972 c.
563 909 682 974 XXlll.
708 908 828 974 Hister.
857 909 978 975 [iceles.
1003 911 1083 973 baec
1102 915 1232 972 narret:
1250 929 1268 969 r
1285 907 1353 974 Sub
1374 907 1444 970 idem

348 1017 476 1090 tempus
497 1011 599 1074 alium
622 1029 754 1091 quoque
779 1010 906 1072 fidelem
930 1011 1035 1072 virum
1064 1007 1150 1074 Deus
1171 1011 1203 1071 iu
1222 1010 1364 1073 medium
1384 1025 1447 1086 pro·

349 1109 444 1174 duxit
464 1131 503 1174 eo
524 1097 657 1176 consilio
673 1121 709 1176 ut
729 1111 807 1175 tides
832 1112 1011 1176 testimonio
1032 1121 1064 1176 et
1077 1111 1253 1176 assertione
1272 1110 1345 1193 eius
1366 1109 1447 1172 robo-

349 1223 492 1278 caretur.
518 1211 673 1298 Didymos
696 1214 794 1289 enirn,
811 1215 863 1277 eir
885 1214 978 1292 place
999 1212 1196 1276 admirabilis
1216 1230 1255 1276 ac
1275 1212 1447 1274 dissertissi-

351 1331 423 1378 mus
445 1315 554 1394 perid
577 1316 730 1394 temporis
745 1316 778 1377 iu
798 1317 884 1380 omui
907 1333 1024 1396 genere
1043 1315 1208 1379 doctrinae
1228 1313 1374 1378 docebat.
1395 1309 1446 1375 llic

349 1415 524 1479 admodum
540 1415 737 1490 adolescens,
754 1433 828 1480 cum
841 1416 909 1499 jam
929 1417 1031 1496 prima
1052 1415 1395 1480 literarum'clemeuta
1408 1413 1446 1474 di·

351 1516 492 1591 dicisset‚
516 1517 547 1578 iu
569 1517 718 1580 morbum
736 1518 908 1582 oculorum
932 1516 1061 1582 incidit:
1084 1535 1151 1597 quo
1163 1517 1292 1595 quidem
1315 1513 1446 1594 graviter

352 1625 501 1692 rexatus,
522 1619 646 1682 videndi
668 1618 854 1684 facultatem
872 1621 999 1699 penitus
1020 1618 1134 1682 amisit.
1154 1615 1274 1682 Verum
1291 1616 1378 1680 Deus
1397 1631 1446 1694 pro

351 1721 576 1800 corporalibus
597 1721 700 1784 oculis
728 1721 888 1802 spiritales
909 1721 938 1782 ei
957 1718 1094 1798 largitus
1115 1725 1173 1784 est.
1196 1717 1279 1782 Narn
1301 1733 1352 1791 ea,
1374 1731 1447 1795 quae

350 1824 523 1886 oculorum
541 1823 611 1886 sisu
634 1825 799 1903 percipere
820 1840 882 1886 noo
905 1829 1042 1900 poterat,
1060 1820 1356 1884 didicitaudiendo.
1375 1815 1445 1880 Cum
1506 1835 1507 1874 ι

348 1928 432 1988 enim
448 1941 464 1985 a
482 1943 584 2002 puero
605 1927 733 2004 egregia
756 1931 839 1988 esset
859 1923 965 1986 indole
980 1929 1012 1986 et
1026 1921 1198 1986 excutienti
1219 1921 1346 1998 iugenio
1366 1933 1446 1997 prae-

349 2025 448 2101 ditus,
464 2025 616 2103 aequales
636 2042 725 2097 suos,
744 2023 799 2103 qui
820 2023 996 2086 oculorum
1017 2022 1085 2085 acic
1105 2021 1282 2103 pollebant,
1299 2021 1447 2098 lougesu·
1506 2089 1507 2106 χ

350 2127 499 2208 pererit:
521 2127 640 2205 quippe
661 2123 840 2190 eu...sco
862 2132 894 2187 et
914 2124 1022 2188 ditina
1042 2123 1206 2197 oracula,
1227 2140 1314 2203 quae
1337 2129 1403 2184 turn
1420 2117 1445 2176 lu

351 2234 461 2292 vetere
481 2243 579 2306 qnam
602 2227 633 2290 in
648 2243 733 2290 coro
753 2221 958 2289 Testamento
980 2225 1196 2300 continentur,
1211 2222 1294 2288 adeo
1317 2219 1447 2304 perlecto
1506 2233 1507 2280 1

351 2335 458 2402 norat,
480 2337 517 2390 ut
538 2329 657 2394 multus
680 2329 712 2390 io
732 2345 769 2391 ea
791 2327 1008 2390 conscriberet
1021 2325 1123 2391 libros
1134 2345 1145 2404 3
1167 2343 1205 2388 oc
1226 2317 1444 2404 praeterendo

350 2427 507 2492 Trinitatc
524 2436 587 2492 tres
604 2429 704 2492 libros
719 2430 861 2494 dictauit.
887 2428 927 2494 Et
941 2428 1089 2508 Origenis
1104 2427 1204 2490 libros
1221 2425 1264 2489 De
1279 2415 1446 2502 Principiis

350 2531 583 2610 interpretatus
597 2541 657 2606 est,
673 2532 765 2595 editis
780 2533 810 2593 io
830 2549 884 2594 eos
902 2531 1138 2594 commentariis
1148 2549 1159 2608 ς
1176 2528 1295 2609 quibus
1317 2526 1389 2589 illos
1404 2539 1446 2584 ra·

352 2639 421 2696 ctos
437 2649 505 2694 esse
519 2633 645 2706 asserit,
664 2631 851 2711 frustraque
866 2633 1058 2695 contendere
1074 2649 1141 2707 eos,
1161 2631 1217 2711 qui
1238 2631 1347 2694 virum
1363 2625 1447 2688 ilion
1506 2609 1507 2684 l

355 2748 510 2794 accusare
531 2739 563 2794 et
583 2732 684 2796 libros
704 2732 775 2813 elus
806 2733 996 2796 calumniari
1028 2741 1197 2796 conantur.
1234 2729 1352 2810 Neque
1372 2725 1447 2790 ecio
1506 2711 1507 2790 l

355 2833 568 2898 excellentem
584 2834 720 2896 bominis
734 2835 920 2915 sapientiam
945 2834 1150 2914 intelligentia
1168 2833 1295 2912 assequi
1316 2831 1448 2914 possum.

434 2955 452 2994 ιι
469 2933 574 3014 Siquis
589 2936 689 3015 igilur
704 2937 820 3016 (pergit
833 2935 948 2998 ibidem
962 2934 1120 3012 Socrates)
1139 2935 1351 3014 multiplicem
1363 2927 1449 3007 nitr-
1506 2941 1507 3014 i

354 3034 398 3097 mi
417 3036 633 3098 eruditionem
648 3044 680 3099 et
701 3038 799 3100 animi
819 3035 890 3116 ejus
905 3035 1055 3100 ardorem
1071 3053 1266 3114 cognoscere
1285 3031 1449 3100 desideruis
1506 3053 1507 3056 ’

355 3135 388 3200 id
401 3153 443 3199 ex
461 3136 565 3216 libris,
593 3138 650 3218 qui
664 3138 706 3201 ab
721 3138 779 3202 illo
794 3137 952 3202 elaborati
966 3143 1054 3212 sunt,
1071 3137 1165 3200 lacile
1181 3137 1362 3217 perspiciet.
1377 3129 1449 3196 uun

353 3236 494 3322 Didymo
517 3239 673 3302 Antonius
696 3239 871 3304 monachus
892 3240 948 3303 din
969 3248 1043 3302 aule
1063 3236 1206 3302 Valentis
1228 3247 1373 3319 tempora
1392 3227 1449 3294 col·

353 3339 485 3405 locutus
500 3349 594 3417 esset,
610 3342 741 3416 dicitur,
759 3348 835 3404 tunc
850 3359 925 3404 cum
941 3349 1076 3421 propter
1088 3342 1228 3415 arianos,
1250 3340 1363 3404 relicta
1383 3329 1447 3398 soli·

355 3441 483 3518 tudine,
507 3443 593 3505 renit
613 3441 867 3517 Alexandriam,
890 3449 1122 3522 perspectaque
1143 3441 1278 3504 bominis
1299 3437 1447 3503 doctrines

354 3541 435 3607 baec
456 3541 645 3609 eirdirisser
669 3541 759 3608 Nibil
781 3550 810 3608 le
833 3551 972 3618 moveat,
992 3560 1011 3605 o
1028 3542 1175 3625 Didyme,
1194 3541 1325 3623 jactura
1344 3549 1449 3613 corpo·

356 3643 476 3713 raliuun
496 3643 681 3712 oculorum.
703 3643 870 3725 Ejusmodi
893 3645 975 3708 enim
996 3643 1099 3709 oculis
1120 3645 1253 3708 orbatus
1274 3663 1321 3721 es,
1342 3637 1448 3724 quibui

355 3735 539 3809 ot'muscae
569 3752 602 3807 et
622 3745 874 3810 culicesviderc
904 3743 1194 3825 possusumus
1222 3747 1350 3826 polius,
1371 3729 1454 3819 quod

357 3844 432 3911 illos
445 3845 563 3909 babeas
583 3847 709 3918 oculos,
734 3847 852 3926 quibus
872 3847 976 3926 augeli
1000 3847 1126 3926 sident5
1142 3848 1260 3927 quibus
1282 3845 1368 3910 Dens
1387 3851 1446 3902 cer·

356 3945 458 4021 uitur,
473 3955 507 4010 et
525 3945 584 4010 lox
606 3947 678 4026 eins
697 3947 992 4027 comprehenditur.
1009 3946 1051 4012 Et
1063 3948 1147 4011 istud
1168 3947 1312 4028 quidem,
1335 3946 1388 4010 diu
1401 3951 1448 4000 ιη·

357 4056 390 4113 te
410 4049 490 4120 baec
505 4054 649 4130 tempora
671 4048 874 4114 sanctorio
894 4049 1079 4114 dictumest
1099 4047 1247 4132 Didymo.
1270 4047 1361 4114 Tunc
1379 4051 1448 4104 vett>

356 4151 517 4217 maximus
534 4149 607 4216 tidei
629 4157 783 4232 patronus
803 4168 842 4214 ac
862 4159 1084 4231 propugnator
1097 4150 1252 4232 Didymus
1268 4149 1446 4216 necemus

357 4251 478 4336 quippo
499 4253 555 4334 qui
574 4253 730 4318 adversos
751 4253 878 4322 turcos
903 4252 1097 4318 validissime
1117 4250 1309 4334 disputaret,
1332 4257 1447 4318 eornm·
