3042 4940
321 347 363 426 ll

322 455 443 536 dioquo
463 453 601 536 luqcnuo
622 451 874 535 expenderetur,
890 450 1044 518 historias
1064 445 1416 516 monumentis-recensi

326 555 389 632 tis,
410 561 509 636 atque
530 554 670 619 maxime
703 553 888 636 ponderatis
917 552 1097 617 traditionis
1119 548 1281 630 vestigiis3
1307 555 1370 612 lun
1388 555 1417 611 ut

324 656 514 732 adversarii,
536 656 652 719 sedatis
674 657 807 732 anisnis,
832 673 898 720 rem
920 656 1073 718 attentius
1094 651 1352 724 considerarent,
1370 665 1417 710 su·

227 797 234 812 ι
325 757 466 836 ditisque
487 763 597 819 contra
619 774 654 819 sa
676 757 951 821 testificationibus
971 757 1122 820 cederent
1143 752 1295 828 veritati,
1325 750 1418 813 decre

325 867 395 922 tum
416 858 570 938 amplexi.
595 856 769 936 Propterea
791 857 900 939 quod,
922 858 971 920 lais
992 854 1130 940 peractis
1149 851 1418 935 disquisitionibus,

326 957 464 1039 vigilius
484 975 518 1022 ss
539 957 578 1020 ad
595 958 677 1022 hauc
697 958 910 1022 detiuitiuucm
933 975 1036 1040 aeque
1050 967 1082 1022 ot
1096 957 1164 1022 ulla
1185 955 1307 1035 absque
1327 969 1420 1033 repra·

325 1060 476 1124 honsione
506 1061 690 1140 pervenisse
719 1059 861 1124 latetur:
894 1061 974 1124 nihil
995 1061 1116 1124 idcirco
1146 1057 1222 1125 nori
1242 1053 1419 1120 amonensis

322 1159 501 1226 Ecclesiam
522 1162 686 1226 induxisse
700 1162 731 1224 iu
746 1163 794 1225 his
815 1159 1119 1224 anathematizandis
1133 1157 1313 1238 Capitulis3
1328 1154 1419 1234 proin-

324 1262 430 1343 deque
453 1263 563 1326 soleus
582 1268 614 1324 at
635 1261 797 1337 indicens,
824 1263 941 1326 nomini
962 1262 994 1324 iu
1015 1268 1181 1341 posterum
1200 1260 1303 1324 liuere
1322 1255 1419 1338 quasis

326 1363 450 1426 ratione
473 1363 549 1426 nuic
569 1363 731 1440 contraire
753 1362 956 1440 Constitut03
988 1361 1177 1440 nulliusque
1198 1361 1330 1439 iusuper
1348 1371 1420 1418 man·

323 1462 401 1526 daus
421 1462 626 1527 auctoritatis
642 1462 786 1526 habenda
803 1481 884 1538 esse,
901 1480 986 1542 qnae
1005 1479 1066 1525 suu
1082 1461 1134 1524 vel
1148 1458 1421 1548 quorumlileluo·

326 1563 410 1627 mine
438 1565 470 1626 iu
493 1553 590 1628 trium
617 1562 844 1644 Capitnlornm
875 1565 1091 1628 defensionem
1116 1568 1245 1643 possent
1268 1554 1422 1640 aliqnando

325 1663 479 1747 proferri,
497 1663 549 1726 vel
565 1664 762 1745 ubicquus
784 1664 921 1745 reperiri
942 1665 1060 1730 horum
1081 1663 1241 1728 defensor.

404 1764 556 1830 Attamen
576 1783 618 1828 cx
638 1766 706 1828 iltis
726 1766 895 1846 postremis
912 1766 1030 1842 serbis,
1047 1766 1102 1829 ubi
1114 1767 1159 1828 ait
1171 1762 1322 1844 ¹lilqilius,
1341 1775 1420 1842 quss-

323 1881 456 1944 csunqns
474 1873 577 1928 cutem
597 1863 660 1928 sins
680 1883 746 1928 usco
758 1864 886 1930 numine
898 1863 963 1930 sius
982 1862 1189 1948 quorumlibet
1206 1881 1267 1945 pro
1286 1859 1420 1944 desemin-

323 1985 362 2030 nc
380 1975 620 2030 memoratorum
640 1977 738 2030 drltlm
762 1965 982 2048 capitulorum
999 1967 1129 2049 prolato
1148 1966 1286 2047 snrriM,
1304 1961 1351 2025 oei
1366 1955 1421 2022 ndi·

323 2081 454 2150 cumque
473 2075 609 2146 reperta,
626 2067 802 2146 praesentis
823 2069 926 2133 usuri
943 2065 1128 2147 plenissima
1145 2063 1317 2130 &scidisti
1332 2067 1421 2125 auru

323 2171 419 2230 micis
431 2185 633 2243 aeconomus,
655 2169 811 2248 suspicari
826 2187 984 2232 nonnemo
998 2170 1129 2249 poterit,
1144 2173 1237 2230 antea
1257 2163 1419 2230 Pontidcsu

327 2268 432 2332 tribus
453 2269 648 2332 consensisse
668 2257 839 2348 Capitulis,
863 2277 896 2334 et
916 2269 1030 2334 deinde
1051 2270 1133 2334 hauc
1153 2275 1296 2332 mutasse
1315 2271 1420 2328 senten·

327 2372 415 2434 tiam.
440 2367 528 2435 lstud
549 2387 650 2450 porro
670 2387 730 2450 ego
751 2388 814 2434 non
837 2371 941 2448 rideo,
959 2368 1206 2452 scepionem
1237 2362 1421 2450 quantumvis

326 2471 479 2554 pericope
499 2471 545 2536 slu
558 2472 703 2552 exposita
719 2490 781 2534 nou
795 2473 964 2549 clarescat,
980 2480 1013 2537 cl
1031 2480 1142 2537 contra
1165 2471 1316 2534 rideatur
1333 2463 1421 2544 expri-

329 2567 431 2652 mere;
445 2581 551 2636 tamen
562 2592 602 2636 cx
617 2591 766 2638 sermone
778 2574 992 2655 praecedenti,
1007 2575 1101 2638 sicuti
1113 2593 1154 2638 ex
1168 2573 1240 2638 aliis
1251 2571 1347 2654 ipsius
1357 2565 1422 2630 Pan·

329 2671 423 2737 titicis
444 2673 581 2736 decretis
603 2680 703 2752 patet,
728 2675 825 2737 rerba
847 2676 905 2737 ista
920 2691 1148 2756 quoscunque.
1162 2717 1194 2736 ..
1211 2671 1354 2754 prototo
1369 2667 1422 2748 stt·

326 2769 396 2836 rint
415 2771 463 2834 ccl
482 2772 668 2855 ubicumque
687 2782 829 2852 reperto,
852 2793 913 2838 nou
935 2793 1004 2839 csse
1025 2774 1065 2838 de
1087 2774 1264 2855 praeterito
1284 2781 1422 2850 expanti·

330 2873 383 2947 da,
404 2873 459 2938 sed
481 2873 521 2936 de
543 2873 665 2939 laturo.
683 2873 731 2938 lle
752 2874 788 2938 ils
809 2875 945 2950 scilicet,
963 2876 1032 2955 qui,
1046 2893 1109 2938 nun
1122 2875 1262 2938 obstanti
1277 2871 1421 2953 hujusmu-

330 2973 363 3037 di
385 2973 567 3040 Guuslituto
588 2975 799 3040 damnationis
821 2979 919 3042 lrium
941 2976 1191 3058 capitulorum,
1213 2974 1381 3055 quidquam
1396 2965 1421 3026 it

333 3080 500 3156 posterum
517 3078 716 3156 perscrutari
732 3085 872 3156 possent,
888 3085 925 3143 ut
940 3078 1016 3142 inuio
1034 3077 1229 3142 damnationi
1245 3071 1419 3140 mummia

333 3183 446 3242 suaet
468 3179 674 3242 oecumenica
696 3178 844 3259 despecta
867 3178 1059 3242 defiuitione.

414 3275 457 3342 Ei
477 3277 553 3341 huic
572 3295 649 3342 saue
669 3279 716 3342 rei
737 3279 907 3344 consulens
928 3278 1077 3360 vigilius,
1100 3280 1185 3343 stam
1206 3291 1330 3341 ornnem
1347 3283 1421 3354 pur

333 3376 443 3454 elusit,
459 3395 498 3440 ue
519 3378 628 3442 denuo
643 3378 878 3443 innovarentur
897 3381 1046 3444 scandala
1063 3381 1095 3442 in
1117 3377 1276 3451 Ecclesia,
1290 3385 1421 3457 quacun·

334 3497 399 3559 que
420 3482 600 3559 proscripta
615 3479 877 3544 adversariorum
897 3481 1192 3562 interpretationes
1214 3484 1318 3542 menta
1336 3469 1422 3536 ronti·

336 3579 405 3644 ticis
425 3580 540 3642 aliena.
573 3579 674 3646 Sicuti
695 3582 778 3644 enim
806 3590 901 3645 autea
923 3582 1026 3646 dixit:
1058 3580 1249 3661 quicumque
1269 3595 1307 3641 aa
1321 3583 1422 3656 pannii

333 3688 468 3760 lcmporc
480 3682 650 3745 crediderit
661 3681 862 3762 accipiendo,
875 3683 922 3746 uel
942 3683 1150 3764 defendendo,
1163 3691 1221 3744 ont
1232 3687 1357 3744 cuaolsn
1371 3673 1423 3753 itt·

333 3777 380 3844 rit
398 3779 573 3862 aliquunde
582 3792 775 3862 praesentans
792 3786 945 3848 resolvero
956 3784 1189 3848 damnationem
1203 3791 1258 3844 cic.
1273 3793 1351 3861 quac
1367 3767 1422 3852 qli·

336 3882 408 3946 dom
424 3885 603 3948 necessario
618 3884 657 3947 de
674 3884 787 3948 tuturo
801 3885 1120 3964 comprehenduntur
1129 3903 1140 3962 ς
1163 3885 1209 3947 ita
1224 3889 1257 3946 et
1269 3881 1301 3943 iu
1312 3884 1422 3954 muco·

338 3983 443 4047 tibus:
465 4001 674 4065 quoecumque
693 3982 758 4048 sios
778 4003 842 4048 anco
863 3984 989 4050 nomine
1005 3987 1135 4066 maiolo
1154 3983 1285 4066 [ιιιίιιι.
1300 4025 1308 4042 ·
1323 4021 1331 4041 ·
1346 4022 1353 4038 ·
1367 3985 1420 4034 Μ·

338 4102 482 4148 cccmus.
505 4083 590 4150 idest
611 4085 782 4162 volumus,
804 4105 1031 4170 quaecumque
1052 4090 1125 4169 quis
1144 4103 1187 4150 cx
1206 4101 1267 4149 suo
1285 4093 1370 4145 sensu
1386 4071 1420 4131 il

339 4184 504 4249 tellexarit
523 4195 582 4249 aut
602 4189 792 4267 exposuerit
811 4189 908 4252 aliter
927 4189 968 4251 ab
989 4190 1051 4253 hoc
1071 4205 1144 4252 mou
1165 4184 1351 4257 constituto,
1367 4182 1419 4240 till

339 4289 452 4352 irritor
475 4283 664 4367 nulliusque
686 4289 806 4357 valoris
828 4289 938 4356 haberi
961 4291 1158 4356 mandamus.
