3066 4950
169 509 398 582 Verumtamen
419 533 484 580 non
504 525 551 583 cst
573 517 628 581 trtc
647 513 878 582 desistendum.
903 515 1005 582 Sicuti
1027 513 1197 595 improbus

98 612 228 678 calemus
248 633 310 680 noo
331 615 465 694 destitit,
488 626 694 684 contemnens
715 621 747 682 in
768 615 889 697 vtgttto
906 615 1117 682 Pontidentna
1133 613 1199 680 Bo-

99 717 173 778 maui
192 715 288 782 deone
298 737 311 797 3
327 717 370 782 ita
386 719 531 784 studium
549 727 776 786 nostrumnon
797 720 995 800 defatigetur
1016 720 1047 782 iu
1062 737 1102 783 eo
1123 735 1201 800 prn-
1320 809 1324 818 ι

97 815 268 896 pugnando.
287 817 421 884 Praeter
441 821 526 886 euim
548 821 767 887 Constitutn·
798 820 943 902 ejmdem
965 817 1076 900 vigilii
1096 817 1204 884 noris·

98 916 208 982 simum
229 918 414 1000 etquidem
435 921 610 1000 genuinum
638 921 761 986 editum
785 941 845 1003 pro
870 919 1115 986 confirmatione
1141 915 1201 1004 Sy·

96 1017 162 1080 nodi
186 1016 223 1083 V.
248 1020 287 1084 de
310 1039 376 1101 uuo
396 1040 497 1103 snpra
517 1024 638 1088 dictum
669 1030 729 1100 eet,
757 1023 848 1088 alind
870 1021 1127 1088 commentitio·
1149 1038 1200 1086 ra·

94 1119 212 1197 peritur
231 1121 441 1201 inscriptum:
459 1119 603 1202 Epistola
618 1121 784 1186 decretalis
806 1120 916 1204 l'iqilii
930 1120 1037 1202 Papus
1047 1138 1109 1202 pro
1128 1137 1202 1184 non·

93 1217 264 1298 firmatione
285 1217 405 1302 Synodi
417 1220 454 1285 t.
467 1224 511 1286 ud
525 1221 728 1303 Eurycliam,
746 1225 777 1286 in
793 1242 857 1304 qun
880 1223 1012 1304 legitur.
1030 1217 1201 1286 asceuda-

91 1318 132 1396 la,
148 1339 229 1401 qnne
251 1323 383 1388 humani
406 1325 537 1406 generis.
551 1325 697 1390 iuimicus
719 1326 752 1388 in
768 1326 921 1390 universo
936 1322 1056 1388 maudo
1076 1325 1200 1389 exstu-

93 1421 145 1498 ιιι,
161 1441 254 1490 nemo
275 1425 415 1506 ignorem
435 1426 518 1491 adeo
540 1433 577 1490 ut
598 1443 865 1507 unumquemque
879 1425 1080 1506 propositum
1102 1440 1201 1490 snum

90 1521 127 1584 nd
145 1522 396 1589 subvertendam
414 1524 472 1590 [ini
488 1525 667 1611 Ecclesiam
688 1544 747 1607 per
762 1527 951 1591 universnm
970 1523 1082 1590 orbem
1103 1523 1201 1591 diliu-

89 1639 165 1698 srm,
181 1643 394 1707 quecumque
416 1627 512 1692 modo
527 1627 664 1708 implere
685 1635 895 1708 retegentem,
911 1643 975 1691 uon
997 1632 1120 1692 tautum
1137 1641 1200 1692 auo

90 1726 228 1802 nomine,
249 1727 305 1790 red
328 1729 424 1792 ctiam
456 1737 580 1806 nostro,
603 1740 702 1811 atque
722 1731 878 1804 aliorum,
909 1728 1038 1794 diram
1059 1735 1128 1792 tum
1149 1727 1199 1792 lo·

90 1826 227 1908 quondo,
253 1829 513 1898 turuacribeudo
534 1848 730 1913 componere
751 1830 938 1913 impulerits
960 1829 992 1893 iu
1015 1835 1139 1894 tautum
1161 1833 1200 1894 ul

88 1944 142 1991 uos
165 1929 255 2007 ipsos
276 1949 339 1996 uua
371 1949 447 1996 oum
471 1930 628 1998 tratribus
649 1941 681 1996 et
701 1933 899 2013 coepiscopis
920 1933 1037 1994 uostris
1058 1930 1090 1992 in
1111 1925 1200 1995 Urbe

88 2031 172 2110 regia
193 2032 346 2112 degentes
365 2041 398 2098 et
418 2034 546 2115 aequali
561 2037 744 2098 reverentia
767 2041 912 2113 quatuor
932 2029 1077 2114 synodos
1100 2026 1201 2092 vindi·

85 2139 204 2209 cautes,
227 2143 262 2198 et
282 2135 312 2196 iu
336 2152 398 2200 nnn
420 2135 597 2217 eademque
619 2144 763 2216 quatuor
784 2135 918 2198 illerum
938 2129 1144 2218 synodorum
1165 2128 1201 2194 u·

87 2231 124 2296 de
138 2235 266 2299 sincere
278 2237 498 2318 persistentes,
515 2235 788 2312 castttsrtonttrus,
806 2234 968 2310 versutiis,
990 2240 1023 2296 et
1038 2231 1115 2297 dolo
1136 2248 1204 2298 mtt-

82 2332 115 2398 lo
135 2335 176 2398 ab
196 2337 236 2402 iis
259 2335 403 2402 dividere
424 2345 560 2403 conatus
579 2339 634 2413 sit,
649 2338 691 2402 ita
714 2347 749 2400 ιιι
771 2335 968 2417 nosmetipsi,
984 2335 1040 2415 qni
1053 2333 1199 2417 eiusdem

84 2451 156 2502 cum
172 2437 240 2502 iltis
256 2450 387 2503 erumna
407 2446 440 2504 et
459 2458 574 2505 sumus
594 2438 634 2503 de
655 2438 717 2502 tide
737 2437 927 2515 sententiae,
944 2423 1076 2516 ruinosi
1090 2434 1200 2500 habita

81 2533 257 2602 dilectione
290 2537 445 2614 tinterna,
477 2541 509 2604 iu
531 2538 723 2604 discordiam
745 2537 932 2602 abierimus.
962 2534 1199 2617 sedquoniam

83 2637 232 2704 Christus
255 2639 343 2705 Deus
364 2651 485 2716 noster,
507 2641 564 2721 qui
585 2648 634 2705 est
652 2639 713 2705 lux
730 2657 819 2716 vcra,
842 2656 939 2720 quem
963 2637 1113 2702 tenebrae
1133 2653 1199 2706 non

81 2741 380 2822 comprehendunt,
411 2743 499 2808 omui
522 2742 751 2806 contusiones
773 2738 934 2804 mentibus
956 2739 1072 2801 nostris
1095 2756 1201 2803 remo·

83 2849 126 2918 ta,
151 2845 347 2910 uuiversum
368 2844 483 2908 orbem
505 2853 538 2908 et
553 2843 732 2908 Ecclesiam
756 2843 795 2905 nd
819 2857 932 2922 pacem
955 2839 1132 2916 revocavit,
1155 2841 1199 2904 lta

79 2953 116 3008 ut
137 2966 227 3027 quae
255 2965 272 3010 a
296 2947 389 3010 uobis
410 2946 537 3012 deliniri
557 2945 685 3018 debent,
710 2942 875 3008 reuelante
891 2939 1040 3019 Domino,
1062 2947 1097 3005 ot
1118 2942 1203 3006 terl-

82 3057 147 3114 tato
169 3051 382 3130 investigata,
403 3049 580 3114 salubriter
601 3048 732 3127 impleta
751 3052 875 3112 sunt.»
1162 3123 1179 3134 .

158 3153 203 3218 lle
219 3151 388 3217 nonnullis
409 3149 580 3234 interjectis
600 3151 638 3212 de
662 3146 719 3222 iis,
746 3167 825 3230 quse
840 3167 865 3212 s.
883 3147 1081 3228 Auonrtinrtr
1100 3143 1202 3210 adrni-

77 3253 120 3318 sit
138 3255 386 3320 retractationes
406 3253 443 3318 in
464 3251 649 3327 mistionis,
672 3249 858 3332 subinnuit:
876 3272 892 3310 ι
909 3249 1085 3332 Propterea
1100 3250 1201 3330 igitur

76 3365 237 3436 agnoscat
255 3358 405 3422 universa
420 3355 564 3420 Ecclesia
580 3352 763 3428 catholica,
777 3371 835 3418 uos
845 3353 934 3434 juste
947 3360 981 3418 ot
994 3352 1201 3434 irreprehen-

74 3459 222 3525 sibiliter
237 3459 279 3522 nd
301 3477 352 3534 en,
371 3477 455 3538 qnae
471 3459 531 3522 hnc
546 3462 654 3521 nostre
670 3455 906 3524 Constitutione
919 3452 1199 3534 comprehendun-

75 3566 144 3636 tur,
168 3558 354 3623 devenisse.
377 3557 468 3622 Unde
482 3557 733 3622 condemnamus
754 3564 787 3622 et
801 3556 1112 3620 suntnemattssmns
1132 3573 1198 3621 uun

72 3679 151 3726 cnm
173 3663 255 3726 aliis
269 3661 419 3726 omuibus
433 3660 617 3736 haereticis,
633 3662 701 3740 qui,
718 3665 756 3721 ut
770 3658 974 3723 manifestum
993 3667 1054 3736 est,
1070 3659 1200 3722 deuou-

77 3763 101 3823 ti
123 3772 156 3826 et
180 3763 451 3827 anathematizati
472 3768 547 3826 snut
567 3777 584 3822 a
607 3758 780 3840 praedictis
801 3760 916 3823 sanctis
938 3767 1084 3842 quatuor
1097 3759 1200 3842 Syno-

72 3861 122 3926 dis
143 3873 177 3927 ot
200 3865 248 3926 ab
270 3863 414 3929 Ecclesia
438 3863 619 3938 Catholica,
642 3859 850 3926 Theodorum
876 3862 955 3925 olim
979 3861 1200 3942 Mopsuestiae

72 3968 288 4045 episcopum,
320 3976 352 4029 et
373 3966 469 4048 impia
499 3966 571 4048 ejus
591 3965 730 4046 scripta:
763 3961 970 4028 nihilomiuus
990 3981 1027 4027 en
1050 3981 1196 4044 quoque,

69 4085 159 4147 qune
177 4085 198 4130 a
216 4063 429 4132 'theodoreto
442 4067 561 4147 scripte
580 4071 657 4130 suut
674 4070 787 4129 contra
809 4072 931 4129 recum
953 4063 1061 4139 ddum,
1075 4072 1108 4128 et
1122 4079 1212 4128 cou··

70 4169 133 4231 trn'
146 4166 331 4232 duodecim
351 4167 503 4250 capitula
523 4167 625 4232 sancti
647 4165 776 4252 cyrilli,
793 4171 826 4229 ct
845 4173 958 4230 contra
978 4164 1143 4250 synodum
1164 4183 1199 4228 a·

67 4271 251 4348 chesinam
265 4271 416 4349 primam,
437 4287 590 4351 quaeque
608 4269 652 4335 ab
664 4286 704 4336 cn
723 4268 844 4352 scriptu
865 4275 1020 4350 cnutum
1040 4267 1197 4334 delemin-

67 4391 108 4442 ne
130 4371 308 4438 Theodori
331 4380 363 4439 et
384 4369 546 4440 Nestorii.
563 4418 570 4434 .
586 4415 619 4435 ..
