3066 4950
71 487 239 556 smrcuau
257 471 365 538 obiret
384 469 469 538 utcu
490 469 658 540 Silrcrias.
680 469 808 537 Cuncta
827 469 925 548 enim3
940 487 1027 552 quae
1048 471 1079 536 in
1100 472 1160 538 tti-

69 575 160 640 storic
178 577 305 640 Arcano
325 577 449 642 nausii
464 575 655 656 Procopius,
670 576 703 638 iu
724 571 836 654 primis
855 572 959 640 tribus
978 576 1069 640 aunis
1090 573 1163 638 iia-i·

67 677 88 739 li
103 677 226 756 gotthici
245 684 370 740 comtat
391 677 490 742 tuisse
510 683 635 740 exacta.
652 674 703 738 tto
723 674 815 738 initio
833 675 967 740 secundi
987 677 1060 740 anui
1077 675 1162 741 treti-

66 777 161 844 sarius
174 777 309 846 Romam
332 780 494 860 inpressos
513 787 580 844 estc
598 777 654 844 ubi
675 777 865 857 gotthorum
886 777 1086 862 obsidionem
1106 796 1162 844 su·

66 877 168 942 stianit
186 897 289 960 usque
308 881 349 945 ad
380 882 506 946 erituu
529 879 615 944 tertii
646 881 733 955 anui,
765 895 834 960 qun
857 879 996 944 cassant
1022 878 1160 944 amidio.

67 976 162 1044 Porro
184 981 345 1047 desinente
365 981 509 1049 secundo
529 979 628 1062 hujus
651 980 728 1044 belii
755 997 852 1058 anuo,
873 982 1077 1060 comperitur
1098 979 1164 1044 liu·

67 1096 111 1142 ua
131 1083 284 1162 expulsus
305 1082 478 1159 Siiverius,
498 1091 531 1148 et
551 1086 592 1147 ab
613 1085 686 1146 anni
709 1082 794 1148 tertii
820 1081 978 1164 principio
998 1081 1162 1146 Antonine

63 1177 263 1250 Tarracinam
286 1187 422 1261 senisse,
446 1191 483 1251 ιιι
503 1184 577 1250 inde
597 1191 723 1264 peteret
737 1181 908 1265 Neapolim
931 1183 973 1246 ibi
993 1200 1160 1247 mensure.

133 1283 167 1349 st
186 1304 278 1369 ergo,
302 1295 381 1352 teste
409 1288 563 1352 chronico
579 1285 784 1363 Pontificum,
799 1283 958 1350 Siluerius
980 1286 1012 1348 iu
1033 1284 1164 1349 Pontiii·
1252 1340 1256 1349 .

63 1393 130 1452 estu
148 1405 268 1454 anuum
294 1408 394 1454 uuum
422 1391 553 1466 viserit,
575 1405 699 1452 menses
728 1389 872 1470 quinque
896 1387 963 1452 dies
993 1387 1162 1466 nudectmp

61 1503 96 1550 ae
112 1489 172 1554 snb
185 1487 353 1557 Theodoto
373 1491 496 1556 eiectus
510 1492 551 1555 sit
564 1508 648 1554 anuo
667 1491 771 1570 primu
788 1487 869 1554 dciii
891 1489 1038 1568 gotthici,
1057 1506 1095 1552 uc
1109 1488 1164 1552 de·

61 1587 173 1654 sinente
186 1609 271 1656 enno
292 1591 435 1658 secundo
457 1593 556 1673 huius
578 1591 668 1665 beiti,
688 1591 755 1671 iam
777 1590 981 1672 praeteriisse
998 1589 1166 1670 dignosca-

10 1687 11 1690 ’
62 1694 112 1754 ιιι
129 1691 228 1773 nnius
250 1695 405 1775 temporie
426 1696 581 1775 epatium,
614 1710 682 1774 quo
702 1690 862 1758 sitierint
886 1689 1041 1755 Pontifex·
1062 1692 1163 1771 visite

62 1789 127 1856 iden
147 1811 210 1860 uun
234 1795 323 1860 ultre
354 1797 436 1860 hauc
457 1802 595 1860 aetatem
619 1793 838 1874 protrahenda
859 1799 909 1856 est
932 1789 1062 1858 Silverii
1084 1792 1164 1870 vita.

58 1892 109 1956 sed
133 1897 232 1976 pauiu
254 1905 326 1977 post
345 1895 490 1980 ejusdem
512 1912 600 1958 ancre
619 1895 732 1975 subiit;
753 1893 836 1958 adeo
857 1900 894 1958 ut
914 1891 1064 1957 firmetur
1085 1891 1165 1958 Pru·

61 1995 137 2074 enpii
158 1997 283 2064 dietum
298 2019 308 2062 s
326 1999 426 2078 poeto
445 2008 517 2078 post
544 1993 680 2075 Vipiiius
700 1996 744 2060 od
756 1994 983 2075 Pontificatum
1000 2004 1165 2074 prouectus

56 2105 108 2172 est,
132 2099 212 2164 idest
229 2119 294 2164 nun
319 2101 458 2175 vivente,
473 2099 528 2164 sed
550 2099 703 2164 deiunctc
724 2098 874 2166 Siirerio.
890 2095 982 2162 Hauc
997 2113 1099 2176 porro
1112 2112 1167 2160 ae·

59 2205 152 2262 tatem
172 2199 305 2266 silverii
328 2201 537 2268 Pontificatus
551 2208 753 2266 contestatur
773 2198 883 2264 Codex
907 2197 1167 2279 Regius-natica·

58 2315 114 2364 uos
133 2298 226 2372 ttae
250 2304 303 2370 cit.
318 2299 369 2372 tt).
394 2303 475 2368 item
496 2300 720 2382 Theophanen
738 2299 876 2367 «Unum
897 2317 1031 2376 annum,
1045 2300 1104 2375 ait,
1120 2306 1167 2386 ie·

57 2402 124 2466 nuit
144 2403 314 2488 dpapetus
337 2405 577 2487 Pontificatum
598 2411 632 2470 et
652 2404 867 2470 indemortui
889 2403 993 2469 uicena
1011 2401 1171 2470 Silseaier

56 2503 257 2584 (Siirerius)
279 2507 334 2587 qui
357 2525 422 2571 uuo
443 2525 527 2572 auno
548 2505 673 2571 risit.»
696 2504 793 2584 Quod
814 2505 955 2585 amplius
975 2504 1127 2570 tenatur
1146 2521 1166 2568 a

55 2599 176 2672 tomen
190 2608 225 2672 iu
242 2605 424 2674 Aeneidos
437 2615 502 2673 eta
517 2605 663 2674 Gedrem
684 2607 716 2671 iu
735 2604 922 2688 Compsadio
935 2603 1168 2692 [interim.

53 2723 126 2774 cum
141 2709 252 2791 siunt,
268 2728 335 2775 uno
356 2726 441 2774 anno
455 2709 630 2776 Siireriuna
648 2707 839 2775 Pontificatu
861 2709 1022 2786 iunctum,
1037 2708 1166 2774 ubiime.

131 2807 174 2876 Et
188 2810 278 2878 istud
299 2829 377 2878 sane
392 2817 519 2893 tempus
540 2812 671 2892 respicit
692 2809 871 2892 Procopius
892 2812 924 2874 iu
943 2811 1043 2876 eitetu
1062 2810 1168 2891 eapite

51 2911 221 2980 saevitiem
236 2913 419 2980 Antoninus
440 2931 609 2980 recensens
622 2912 780 2978 adsersus
792 2909 1016 2978 Macedoniarn
1033 2928 1072 2976 ac
1086 2912 1169 2977 dnos

53 3008 209 3090 iamuios,
233 3011 392 3079 adversus
411 3011 587 3080 Silrerinm
611 3011 731 3095 Papam
750 3019 785 3079 et
799 3011 1055 3080 Constantinum.
1076 3010 1169 3077 Unde

49 3112 150 3180 satius
170 3114 413 3196 comprobatur
427 3131 501 3192 cur,
517 3116 675 3181 restitutis
689 3115 720 3178 in
734 3112 855 3181 Urbem
875 3113 1079 3180 senatoribus
1097 3119 1171 3195 poet

52 3211 222 3282 sublatam
245 3215 459 3293 obsidionem,
480 3215 521 3282 de
540 3215 670 3284 Siieerii
686 3217 755 3299 jem
775 3215 920 3284 defuncti
941 3215 1050 3280 reditu
1070 3215 1170 3280 situe-

54 3313 98 3379 rit
117 3313 334 3384 Historicuss
356 3317 549 3399 etamplius
579 3318 744 3400 quomodo
763 3319 797 3385 in
817 3319 881 3384 hoc
908 3317 1082 3384 intervallo
1101 3318 1168 3382 Au·

54 3416 164 3484 tonina
179 3419 254 3484 sire
267 3415 476 3496 Tarracinae,
490 3420 560 3486 sive
575 3418 713 3501 Neapoli
733 3419 863 3501 degens,
879 3419 1018 3500 acceptis
1032 3434 1050 3481 a
1064 3415 1170 3482 Theo·

50 3515 131 3584 dura
153 3520 451 3602 angustatione,
472 3537 533 3602 per
556 3519 739 3600 Eugenium
770 3521 899 3586 silverii
922 3521 1020 3584 uitam
1041 3519 1170 3601 eripue·

51 3617 108 3698 rit,
131 3618 313 3698 Bei'mario,
335 3621 519 3688 iustiniauo
540 3641 579 3688 ec
601 3621 718 3703 Vipiiio
738 3624 941 3704 potissimum
961 3623 1077 3688 insciis.

126 3719 228 3788 Haec
249 3739 351 3803 porro
371 3723 451 3801 dixi,
472 3731 605 3804 accepta
621 3725 722 3790 vetuti
741 3727 867 3790 sincera
888 3723 1040 3805 Procopii
1055 3739 1167 3787 narra·

48 3823 137 3890 tione
160 3825 195 3888 iu
219 3823 368 3889 Historia
389 3823 533 3902 Arcano,
555 3834 588 3890 et
614 3825 751 3905 genuina
772 3823 909 3891 admissa
937 3826 1089 3900 lectione,
1111 3825 1168 3890 ubi

47 3924 175 3990 dicitur
197 3923 360 3990 silverius
390 3927 516 3990 occisus
536 3943 595 4005 per
616 3923 811 4006 Eugenium,
835 3926 1005 3990 mandante
1035 3924 1169 3988 Antoni·

45 4043 99 4090 na.
122 4023 217 4092 Nam
240 4025 273 4090 iu
292 4028 390 4090 citato
411 4023 536 4102 libello,
561 4032 597 4090 ut
617 4027 752 4092 interius
780 4026 923 4109 patefiet,
947 4045 1009 4092 uon
1039 4027 1169 4092 videtur

46 4123 243 4208 Procopius
261 4128 330 4193 sine
350 4128 490 4208 partium
512 4128 619 4192 studio
642 4128 723 4192 talia
738 4145 907 4194 enarrasse
928 4127 1114 4208 Aunedote3
1136 4133 1170 4194 et

42 4247 123 4298 cum
145 4230 297 4318 amplius
317 4231 465 4298 nonnulii
486 4233 630 4311 putarint
649 4248 713 4296 unu
727 4227 857 4300 silverii
878 4229 985 4313 Papae
1006 4249 1121 4296 nomen
1141 4234 1166 4294 i·
