3042 4940
338 435 532 542 pitulornm=
556 458 655 524 uollm
671 458 851 561 praeterire
871 457 958 542 qnod
976 455 1113 543 vigillas
1133 457 1200 540 lpse
1224 456 1257 521 ln
1278 454 1441 522 Constituto

338 562 512 625 novissimo
526 580 564 626 ea
575 562 727 626 damnans
741 561 903 645 Capitula,
916 571 1027 646 aperie
1041 579 1060 624 a
1072 580 1113 626 ae
1121 558 1278 625 excludat
1290 564 1325 622 ei
1339 565 1407 622 tnnc
1417 563 1442 618 st
1502 585 1503 654 ι

338 671 432 727 autea
454 683 695 746 quamcumque
717 666 922 742 illusionem,
957 672 1015 728 eat
1036 663 1173 744 quodvis
1194 660 1393 724 adhaesionis
1409 657 1441 720 sl·
1502 667 1503 704 t

338 771 436 846 gnum
458 785 532 847 erga
555 787 622 843 eos,
638 770 695 849 qui
717 787 755 832 ca
776 767 979 849 Copitula,'
954 787 1022 832 stae
1037 766 1214 848 Epistulam
1231 761 1309 826 lbae
1329 761 1367 825 od
1388 757 1442 823 ιιι·

338 869 400 930 alm
423 868 707 954 deiendehautziu
727 887 790 950 qua
813 889 938 934 summa
961 869 1220 934 concludebatur
1241 865 1343 929 totins
1361 877 1443 944 quas·

336 968 458 1032 silonis.
484 969 591 1051 lnquit
611 973 695 1035 enim
716 988 746 1034 ιι.
769 967 831 1036 28ι
849 991 865 1030 u
881 969 970 1048 Quas
984 989 1095 1036 omnes
1115 970 1296 1050 designatas
1312 964 1442 1044 blaspha-

338 1070 419 1134 mias
441 1072 492 1143 lin
516 1074 620 1137 tribus
641 1071 799 1155 Capitulis
827 1073 1011 1147 contentas)
1033 1073 1116 1136 absit
1136 1071 1177 1134 ab
1199 1066 1374 1132 universali
1392 1062 1443 1127 Ec·

338 1171 459 1248 alesia,
483 1181 519 1236 ut
540 1175 712 1254 qnisquam
734 1174 914 1254 praedictas
939 1181 1083 1255 quatuor
1102 1170 1260 1255 Syoodos,
1284 1168 1339 1232 sel
1360 1181 1440 1232 nmn

338 1291 380 1336 cx
399 1273 443 1338 eis
457 1274 586 1338 adserat
605 1277 794 1356 suscepisse,
819 1276 872 1339 vel
892 1295 960 1354 cos,
975 1278 1032 1356 qui
1054 1274 1131 1339 talia
1146 1278 1339 1353 sapuerunt,
1362 1277 1444 1348 atque

339 1373 443 1438 secati
464 1382 582 1438 sunt.»
602 1373 694 1451 Quae
716 1376 839 1441 locutio
863 1385 927 1440 tam
952 1376 1096 1456 limpide,
1119 1374 1342 1451 alacriterque
1362 1370 1444 1432 dicta·

337 1481 389 1552 ta,
405 1493 647 1558 quamcumque
659 1479 773 1542 eximit
794 1479 834 1541 ab
849 1479 1043 1542 adversariis
1060 1475 1224 1542 asserendi
1239 1478 1443 1554 praetextum,

340 1577 537 1658 quandoque
559 1575 712 1660 vigilium
736 1583 794 1646 tria
816 1579 966 1662 Capitale
998 1579 1199 1653 defendisse,
1221 1595 1260 1640 ac
1280 1578 1314 1638 in
1343 1589 1444 1637 aaron

339 1677 524 1742 defensione
545 1680 709 1760 quidpiam
740 1685 969 1762 pronunciasse
989 1700 1100 1749 coram
1123 1678 1269 1744 Ecclesia
1281 1697 1293 1756 ;
1317 1687 1355 1740 nt
1373 1677 1443 1740 dica·

340 1786 397 1844 tut·
417 1789 526 1862 postea
547 1799 639 1844 suam
658 1782 850 1847 relormaaae
869 1786 1071 1861 senteutiam,
1087 1785 1256 1846 destruens
1271 1798 1358 1860 qnae
1371 1780 1444 1857 prins

341 1889 515 1944 statuerat.
529 1879 671 1963 ideoque
685 1883 948 1949 adversariorum
962 1885 1045 1948 dicta
1059 1885 1099 1948 de
1110 1882 1220 1962 vigilii
1231 1881 1395 1960 speciatim
1406 1897 1443 1940 re

340 1981 484 2045 sicioniis
500 1983 530 2045 in
551 1983 738 2047 damnandis
750 1981 920 2066 Capitulis,
934 1987 1031 2049 aliter
1051 1983 1238 2065 exponenda
1260 1990 1349 2056 suot,
1362 1997 1442 2060 quen

342 2080 402 2160 ipsi
425 2081 536 2145 velint:
561 2099 622 2147 occ
643 2099 786 2165 unquam
803 2088 980 2167 potandum
991 2095 1052 2165 esi,
1067 2085 1221 2167 vigilium
1236 2084 1382 2146 docuisse
1395 2081 1440 2142 ιιιι
1502 2127 1503 2130 ,

343 2179 492 2261 Capitula
507 2189 540 2246 et
561 2185 701 2249 maxime
728 2185 896 2252 uelandam
912 2187 988 2254 lbao
1009 2186 1186 2269 Epistulam
1207 2203 1336 2250 sensnm
1351 2181 1440 2262 cupri

343 2297 432 2346 mere
453 2281 662 2348 catholicum.
