3028 4942
331 519 417 582 quae
433 519 533 583 parra
556 511 642 566 sunt.
660 525 675 563 n
693 505 735 570 Et
750 505 788 567 ad
815 501 964 569 eumdem
985 499 1105 582 Papam
1120 500 1263 593 Epistola
1279 493 1332 564 36.
1355 497 1393 562 de
1412 499 1434 560 i·

331 620 390 684 pso
410 605 543 667 scribit:
561 625 577 665 u
592 604 673 670 Nam
697 615 729 670 et
749 605 904 685 Origenes
924 607 956 666 in
971 612 1089 686 quarto
1103 601 1196 667 Pauli
1218 603 1257 684 ad
1274 601 1433 665 Romanos

331 707 638 770 commentariorum
653 705 766 782 Tomo,
782 706 822 769 de
843 705 1092 770 circumcisione
1115 702 1280 782 magnifice
1294 701 1434 781 disputa-

334 805 404 869 rit:
427 813 459 870 et
480 807 519 871 de
540 808 665 872 mundis
686 817 719 873 et
739 807 908 871 immundis
935 805 1127 868 animalibus
1148 803 1179 864 iu
1201 801 1345 866 Levitico
1367 802 1434 882 plu·

334 925 371 970 ra
392 907 553 986 disseruit,
570 918 606 973 ut
625 913 652 974 si
672 912 738 990 ipse
760 910 903 972 iuvenire
925 908 1001 970 nihii
1017 925 1154 988 possem,
1177 907 1217 969 de
1237 905 1308 985 ejus
1333 910 1434 967 tamen
1512 939 1513 942 =

333 1006 475 1073 ioutibus
497 1021 710 1075 mutuarer.»
732 1009 807 1074 Huc
828 1027 960 1091 quoque
988 1017 1184 1073 revocentur
1203 1023 1289 1087 quae
1310 1006 1434 1083 scripsit
1473 989 1479 1008 ’
1512 1007 1513 1072 3

335 1109 375 1172 ad
397 1108 531 1175 Paulam
553 1113 585 1174 in
605 1113 704 1191 ipsius
715 1111 863 1193 Origenis
884 1111 1203 1184 commendationem,
1221 1109 1267 1172 uti
1287 1107 1435 1187 superius
1512 1167 1513 1194 ,

332 1207 533 1276 dictumest.
555 1211 708 1278 Similiter
736 1213 768 1274 iu
789 1214 990 1293 propositum
1012 1228 1146 1291 pergens
1178 1210 1217 1270 ad
1249 1209 1385 1272 Paulum
1406 1214 1434 1269 et
1512 1229 1513 1290 ς

238 1354 240 1358 -
334 1309 547 1378 Eustochium
563 1313 674 1378 scribit
686 1315 726 1377 de
740 1314 887 1377 versione
899 1312 1115 1376 Homiiiarum
1129 1311 1285 1393 eiusdem:
1300 1308 1368 1373 «Et
1382 1325 1436 1389 per
1512 1313 1513 1320 ’

334 1413 438 1490 hauc,
470 1416 575 1496 iuquit
597 1425 673 1479 tunc
701 1415 811 1479 sidere
842 1416 1009 1496 poteritis,
1035 1417 1134 1478 immo
1154 1432 1212 1496 per
1243 1431 1300 1475 ros
1336 1427 1438 1475 roma·
1512 1461 1513 1472 ,

332 1531 372 1578 na
393 1515 503 1596 lingua
519 1523 700 1596 cognoscet,
715 1522 873 1596 quantum
894 1516 966 1580 boni
982 1524 1015 1579 at
1034 1521 1108 1578 anta
1129 1515 1290 1588 nescierit,
1306 1523 1341 1576 et
1355 1513 1435 1576 scire

336 1635 421 1683 nuuc
435 1623 585 1699 caeperit.
599 1639 615 1676 n
629 1617 708 1681 item
724 1619 904 1682 obtestatur
917 1637 942 1681 s.
956 1615 1079 1680 Ductor
1092 1619 1123 1679 in
1139 1616 1236 1680 Libro
1249 1615 1273 1678 1.
1285 1635 1315 1679 c.
1332 1611 1449 1678 xxti„

336 1721 494 1786 adversus
514 1719 679 1785 Rudinum
700 1721 761 1784 sub
775 1739 826 1783 au.
846 1714 929 1786 ⁴02:
948 1719 1094 1784 «Decem
1116 1726 1149 1784 et
1167 1727 1241 1782 octo
1260 1718 1367 1781 terme
1387 1735 1438 1779 au·

335 1822 367 1884 ni
382 1829 468 1898 sunt,
483 1841 525 1886 cx
542 1841 607 1902 quo
629 1825 705 1887 istos
720 1824 838 1886 dictavi
852 1821 966 1886 Libros
988 1821 1246 1898 (commentarios
1259 1820 1291 1883 in
1313 1819 1438 1899 Episto-

334 1921 401 1985 lam
422 1924 461 1985 ad
483 1922 659 2004 Ephesios)
681 1943 719 1987 eo
735 1932 891 2005 tempore,
914 1943 980 2006 quo
1001 1921 1148 2003 Origenis
1168 1941 1284 1986 nomeu
1305 1921 1439 1986 florebat

334 2023 367 2085 iu
388 2025 520 2101 mundo,
543 2045 609 2106 qno
632 2025 675 2088 De
691 2025 869 2106 Principiis
883 2026 970 2089 iliius
984 2023 1075 2104 Opus
1095 2025 1213 2087 latinae
1234 2043 1333 2088 eures
1355 2026 1438 2104 igno·
1512 2015 1513 2068 i

338 2125 453 2188 rabant
472 2133 533 2190 etc.
551 2125 713 2191 ›iOmissis
729 2129 836 2203 modo,
852 2145 936 2208 quae
950 2127 989 2190 de
1006 2129 1066 2190 hoc
1091 2144 1189 2207 opere
1205 2136 1313 2207 postca
1338 2127 1439 2189 diceu-
1512 2125 1513 2142 ,

337 2227 376 2289 da
401 2235 488 2304 sunt,
510 2228 587 2307 quid
609 2229 670 2290 hoe
684 2229 776 2292 sicuti
798 2234 830 2292 ct
857 2235 964 2293 cetera
984 2229 1127 2292 encomia
1149 2228 1188 2292 de
1204 2227 1347 2306 Origene
1368 2245 1438 2290 con·

339 2334 427 2393 texta
450 2346 469 2392 a
490 2328 700 2413 Hieronymo,
724 2331 801 2410 quid
823 2349 898 2394 sane
918 2330 1070 2406 indicant,
1092 2331 1150 2394 nisi
1171 2330 1257 2410 qnod
1281 2330 1439 2393 Adamsn-
1512 2355 1513 2394 ο

336 2433 374 2498 tii
403 2431 548 2496 doctriua
578 2434 753 2496 sanctitatis
783 2451 898 2497 sonum
925 2433 1112 2499 inauribus
1137 2433 1440 2496 christianorumet

335 2534 477 2598 maxime
497 2533 722 2614 cpiscoporum
748 2535 871 2615 ubique
894 2541 989 2599 antea
1010 2536 1195 2608 emitteret,
1226 2535 1305 2613 quin
1328 2543 1437 2598 contra

336 2637 442 2716 ipsum
462 2637 702 2699 nechaereseos
724 2645 810 2712 nota,
833 2655 891 2699 nec
912 2635 1000 2700 aliud
1024 2636 1201 2717 quidquam
1223 2634 1440 2698 maniicstare·

338 2745 394 2800 tur
414 2737 447 2798 iu
465 2754 573 2801 sacras
593 2755 668 2801 suas
688 2737 931 2802 institutiones?
1512 2799 1513 2812 ,

417 2835 539 2902 Verum
559 2857 622 2902 non
642 2838 747 2902 solum
768 2840 886 2903 latinae
908 2857 1017 2917 aures,
1041 2845 1077 2903 nt
1098 2839 1143 2904 uit
1162 2858 1187 2903 s.
1209 2836 1438 2920 Hieronymus,

336 2938 528 3018 ignorabunt
547 2956 675 3002 errores
690 2937 836 3020 Origenis
858 2939 1006 3004 inlibris
1028 2939 1073 3004 tie
1094 2937 1272 3020 Principiis
1294 2942 1389 3004 sicuti
1411 2939 1440 2998 iu
1512 2941 1513 2996 t

339 3041 456 3104 ceteris
477 3039 622 3120 ejusdem
641 3041 789 3120 scriptis,
815 3040 868 3104 scd
890 3047 923 3104 et
946 3041 1100 3106 ecclesiae
1120 3041 1345 3120 Palaestinae;
1367 3056 1441 3120 qua·

339 3155 413 3201 rum
435 3135 575 3217 episcopi
596 3138 635 3200 ad
657 3139 719 3201 hoo
733 3143 916 3220 congregati
937 3140 969 3202 iu
994 3139 1123 3223 Synodo
1144 3140 1439 3223 hierosolymitana,

341 3237 491 3302 obtestati
512 3245 587 3302 sunt
609 3240 752 3319 pariter,
774 3259 808 3304 se
828 3261 932 3321 usque
953 3261 992 3306 eo
1011 3242 1162 3320 latuisse,
1184 3242 1270 3323 quod
1293 3261 1371 3305 sane
1391 3239 1443 3303 mi·

339 3354 416 3403 rum
440 3346 500 3415 est,
525 3339 594 3418 ipsa
616 3339 751 3407 neiunda
773 3340 922 3420 dogmata
943 3342 1045 3406 eidem
1066 3340 1259 3406 Adamantio
1279 3343 1440 3421 iuscripta.

338 3438 383 3504 Et
402 3441 465 3504 boe
494 3442 625 3504 eruitur
644 3460 685 3506 ex
706 3439 825 3527 Synodi
855 3443 1000 3525 ejusdem
1030 3461 1183 3525 responso
1214 3444 1253 3506 sd
1275 3445 1441 3524 epistolam

339 3539 510 3622 Theophili
530 3561 657 3606 versam
678 3563 696 3607 a
717 3563 742 3607 s.
767 3543 987 3630 Hieronymo,
1009 3545 1142 3627 suisque
1169 3547 1320 3609 insertam
1343 3563 1373 3608 u.
1394 3542 1441 3610 93.

339 3661 425 3724 quae
445 3646 525 3710 haee
546 3645 662 3708 tradit:
678 3667 694 3706 tt
710 3643 752 3708 Ht
772 3647 848 3727 quia
869 3648 995 3727 scripsit
1015 3645 1171 3712 Sanctitas
1192 3655 1272 3724 tua,
1295 3652 1440 3727 repertos

341 3746 497 3824 quosdam
518 3747 550 3808 iu
571 3745 730 3830 Aegypto,
754 3749 809 3827 qui
831 3765 872 3810 ex
893 3745 1040 3827 Origenis
1069 3747 1271 3828 dogmatibus
1294 3747 1441 3827 pestifera

338 3845 497 3926 quaedam
512 3845 614 3911 veiint
633 3848 839 3912 introducere
854 3850 885 3912 in
907 3848 1111 3922 ecclesiis„et
1130 3849 1324 3928 simplicium
1347 3847 1441 3911 corda

340 3947 490 4028 decipere
502 3967 513 4028 3
534 3949 606 4012 ideo
628 3950 843 4012 necessarium
866 3949 1019 4014 duximus
1040 3949 1219 4030 significare
1239 3945 1442 4013 sanctitudini

341 4053 418 4112 tuae
433 4048 519 4129 quod
536 4049 719 4132 hujusmodi
741 4050 938 4129 praedicatio
953 4069 970 4112 a
987 4051 1103 4114 nostris
1124 4049 1259 4114 auribus
1273 4049 1378 4115 sliena
1392 4048 1439 4110 sit.

340 4148 456 4229 Neque
476 4151 560 4215 enim
580 4153 764 4216 audivimus
795 4169 936 4231 unquam
959 4152 1124 4224 docentes,
1147 4152 1234 4232 quod
1257 4149 1377 4215 Christi
1397 4166 1446 4211 re·

341 4269 438 4331 gnum
461 4249 633 4332 aliquando
648 4253 688 4318 sit
702 4251 946 4316 terminandum.
962 4271 979 4312 n
993 4251 1036 4320 Et
1049 4254 1095 4318 sic
1108 4251 1148 4318 de
1169 4252 1284 4319 ceteris
1298 4251 1444 4333 blaspbe-
