3186 4946
1165 394 1204 462 lt

533 489 672 560 CAPUT
693 491 766 558 vlt.

120 693 280 759 innomi
300 692 528 768 alexandrini,
549 693 703 762 Mctbodii
731 696 819 777 tyrii.
842 696 1007 762 Eactotlii
1026 697 1206 764 antiocheni

146 806 170 859 vt
189 795 310 876 Didymo
330 796 539 862 alexandrini
568 800 755 878 exploratur
774 799 926 864 sententia
946 799 1036 864 circa
1058 799 1204 883 origenis

147 899 324 963 doctrinam.

115 1143 198 1268 Post
215 1205 292 1268 baec
313 1205 427 1269 eodem
445 1203 553 1270 studio
573 1211 741 1287 pergentes
755 1206 787 1269 in
809 1212 956 1270 veterum
970 1203 1103 1272 Petrum
1124 1210 1204 1272 ecri-

116 1308 166 1387 ptis
178 1309 400 1387 investigandis
415 1308 616 1386 desuscepta
632 1309 818 1388 quaestione
832 1309 996 1388 speciatim
1013 1310 1120 1389 quoad
1133 1309 1204 1373 Tri·

116 1409 204 1470 nitatis
216 1411 420 1494 mysterium,
436 1427 474 1471 ac
489 1406 586 1472 Verbi
601 1408 698 1470 (livini
720 1425 817 1474 unam
836 1417 872 1472 'et
893 1410 1037 1473 eamdem
1053 1429 1127 1474 anm
1146 1410 1204 1475 Pa·

117 1519 155 1573 tre
172 1512 412 1591 inseparabilem
434 1520 597 1586 naturam,
614 1513 835 1575 aeternitatem
857 1519 917 1575 etc.
933 1512 1089 1577 advorsus
1113 1531 1204 1592 pree·

118 1611 237 1676 lstornm
251 1613 455 1692 Scriptorum
472 1613 685 1690 suppositum,
701 1611 832 1691 Origeni
853 1614 1093 1677 inscribentinm
1111 1614 1204 1679 Aria·

121 1715 189 1778 nbmi
210 1713 353 1789 iontem,
378 1713 473 1776 valde
494 1731 551 1776 nos
570 1712 664 1794 juvat
684 1713 828 1792 Epistola
854 1715 1003 1798 synodica
1027 1717 1204 1780 Alexandri

117 1815 183 1894 apud
203 1813 388 1880 Labbaeum
410 1815 471 1877 sub
504 1833 555 1878 an.
575 1811 646 1880 321.
668 1824 779 1878 contra
802 1814 929 1878 Arium.
966 1815 1000 1876 ln
1022 1817 1082 1880 bae
1103 1835 1204 1896 porro

52 1978 57 1991 ,
116 1913 237 1995 Epistola
253 1925 371 1980 notatu
386 1916 480 1996 digne
499 1924 572 1978 sunt
596 1917 637 1978 ab
657 1917 768 1980 eodem
784 1915 944 1998 Episcopo
959 1917 1099 1980 discussa
1116 1919 1203 1982 circa

115 2015 195 2098 bajus
214 2019 386 2082 haereseos
403 2037 650 2099 praecursores;
672 2019 842 2098 dequibus
863 2021 908 2081 sic
923 2018 1090 2098 loquitur:
1108 2039 1126 2078 a
1142 2017 1203 2083 Ve-

114 2123 332 2200 rumqnamvis
350 2121 390 2184 dc
410 2121 471 2183 bac
492 2139 528 2183 re
544 2121 644 2183 multa
668 2119 800 2182 babeam
816 2121 936 2196 dicere,
959 2120 1115 2183 carissimi
1139 2121 1205 2185 ira·

113 2226 176 2296 tres,
191 2231 292 2286 tamen
317 2241 353 2286 ea
371 2225 463 2285 missa
485 2229 655 2302 propterea
673 2221 767 2293 lacio,
782 2222 868 2302 quod
889 2223 1067 2286 absurdum
1089 2229 1202 2302 pntcm

114 2320 243 2387 doctores
265 2325 339 2388 fidei
371 2324 515 2388 doctrina
538 2325 789 2399 consentientes,
822 2325 971 2404 pluribus
1002 2325 1200 2403 admonere;

114 2423 216 2503 qnippe
235 2445 312 2488 cnm
333 2425 400 2488 sitis
421 2433 453 2487 et
474 2425 532 2505 ipsi
554 2425 639 2487 docti
661 2444 678 2486 a
702 2423 790 2500 Deo,
813 2432 845 2487 et
870 2443 932 2487 non
953 2427 1106 2505 ignoretis
1134 2433 1203 2489 tum

114 2521 228 2588 Ebionis
248 2536 280 2590 el
303 2527 457 2589 Arteman
478 2527 678 2601 doctrinam,
701 2544 785 2606 qnae
807 2543 868 2588 non
890 2527 932 2588 ita
958 2527 1083 2605 pridem
1106 2543 1203 2590 verae

115 2622 260 2690 Ecclesiae
281 2629 433 2706 pietatem
467 2645 654 2708 oppugnare
675 2628 801 2708 caepit;
825 2637 892 2689 tum
928 2626 1115 2708 pestiferum
1136 2633 1206 2689 stn-

114 2723 188 2789 dinm
208 2727 301 2792 Pauli
323 2730 512 2792 samosateni
534 2729 674 2807 episcopi
697 2728 906 2792 Antiochiae:
930 2729 985 2808 qni
1010 2727 1144 2792 oonsilio
1168 2747 1218 2790 ov

114 2828 218 2892 mnium
239 2831 364 2910 ubique
384 2832 622 2910 episcoporum,
646 2837 745 2909 atque
758 2829 839 2891 adeo
857 2829 980 2909 indicio
1002 2829 1042 2890 ab
1060 2827 1203 2892 Ecclesia

116 2928 221 3008 ejectus
240 2943 299 2996 cst.
333 2926 435 3013 Cujus
455 2949 627 3012 perversae
658 2931 823 2994 doctrinae
845 2927 1005 2991 Lucienus
1035 2947 1205 2993 successor

116 3025 222 3109 laetus,
245 3034 427 3098 multorum
450 3050 606 3095 annornm
626 3032 741 3112 spatio,
771 3031 833 3094 boc
854 3039 902 3094 est
923 3033 1102 3111 tantisper,
1125 3031 1203 3093 dutn

116 3137 168 3194 lres
181 3137 317 3215 episcopi
333 3135 417 3197 alius
438 3134 622 3214 postellum
639 3131 815 3195 Ecclesiam
837 3133 927 3194 illem
944 3148 1072 3207 rexere,
1089 3127 1208 3195 excln·'

115 3247 159 3296 ons
177 3237 214 3296 ab
233 3255 269 3299 ca
301 3239 426 3300 mansit.
451 3235 588 3297 lstornm
618 3233 856 3296 baereticorum
879 3233 1050 3313 impietatis
1084 3232 1203 3307 foeces,

117 3331 153 3408 bi,
171 3340 224 3422 qui
244 3357 350 3418 nuper
369 3339 488 3412 exorti,
505 3335 624 3400 Filium
647 3334 703 3398 Dei
725 3353 766 3397 ex
789 3334 888 3398 nihilo
903 3343 1012 3398 ortum
1033 3341 1203 3410 esserunl,

117 3435 219 3517 qnippe
239 3448 316 3503 sunt
337 3440 436 3502 veluti
457 3439 598 3501 stolones
618 3430 738 3500 occulti
760 3453 800 3524 ca
816 3436 880 3497 illie
894 3443 1058 3499 nascentes
1080 3435 1203 3509 animis,

118 3533 292 3616 banserunt,
316 3540 430 3603 Arium
453 3540 536 3614 dico,
553 3538 727 3612 Achillam,
749 3543 782 3598 et
802 3531 960 3618 reliquam
983 3536 1206 3615 improborum

117 3633 168 3701 illis
184 3643 425 3705 adhaerentium
445 3641 572 3704 turbam
586 3685 594 3702 .
608 3683 615 3701 .
628 3685 635 3701 .
647 3681 655 3700 .
669 3637 751 3702 Nam
766 3639 816 3700 isti
832 3639 843 3716 (
855 3639 977 3715 ariani)
993 3637 1205 3700 ridicularum

118 3731 286 3805 labnlarnrn
304 3743 484 3805 inventores
496 3745 655 3812 asserunt,
672 3756 740 3815 nos,
764 3738 840 3802 dnm
863 3728 1091 3818 blasphemiam
1115 3736 1206 3799 illam

119 3833 242 3919 impiam,
257 3851 321 3907 eta
338 3845 462 3905 nemine
477 3859 619 3921 unquam
633 3833 750 3902 litteris
765 3839 937 3918 proditam,
954 3839 1104 3900 nimirum
1122 3855 1207 3919 quae

123 3933 402 4007 liciatam'Filiam
420 3942 475 4006 lici
496 3959 535 4003 cc
554 3939 655 4004 nibilo
675 3947 779 4002 ortum
800 3939 979 4020 praedicat,
1002 3956 1206 4016 aversamur,

121 4035 175 4105 lno
191 4047 326 4125 ingenita
349 4046 477 4108 tradere
497 4053 559 4107 etc.
578 4061 595 4102 o

185 4141 265 4210 ilinc
283 4147 309 4209 ei
332 4146 512 4226 priscorum
533 4145 724 4207 documenta
737 4141 943 4220 investigans,
961 4140 1118 4222 quosdam
1130 4137 1208 4206 Ale·

122 4245 230 4311 xanler
249 4248 407 4328 repererit
432 4245 631 4329 propinquos
659 4243 732 4311 Arii
759 4239 993 4324 blasphemiae,
1023 4241 1222 4324 cuiusmodi·
