3066 4950
299 359 362 435 25⁰

302 484 377 533 rurn
400 465 542 533 artitlctia
564 459 814 549 compingendis,
831 467 916 532 altar
934 466 1091 532 adversus
1110 464 1254 529 altarum
1273 465 1415 535 stetere,

300 566 346 632 ita
369 565 556 632 utinense
578 568 700 632 lrandis
730 568 857 632 ioveatn
879 566 1041 633 caderent.
1063 565 1110 631 lia
1131 564 1273 645 reliquo,
1302 577 1416 625 uonna

302 685 364 749 per
384 667 569 751 hujusmodi
584 669 764 734 testimonia
787 671 872 734 cirea
888 668 997 751 vigilii
1019 685 1165 734 normam
1181 669 1212 731 in
1234 667 1333 731 trium
1349 661 1419 726 Ga·

301 771 485 854 pttutornm
506 773 705 852 quaestione,
728 769 891 837 Pontificio
911 774 1083 837 character
1103 757 1262 835 versatilis
1283 767 1315 829 in
1335 781 1418 846 per-

303 877 401 952 petua
424 871 632 936 inconstantia
662 872 870 954 ignominiose
892 871 1070 940 versatur?
1097 873 1152 938 ubi
1173 871 1270 935 modo
1300 873 1418 947 negat,

304 973 391 1054 qnod
407 971 520 1037 deinde
535 973 728 1054 alilrmavi13
750 975 929 1057 eademqne
943 975 1111 1041 celeritate
1131 979 1242 1054 postea
1255 977 1354 1051 negat
1378 972 1420 1032 ut

306 1073 425 1136 iterum
451 1071 601 1151 ailirmet,
617 1094 702 1156 quac
723 1077 871 1157 negarit:
888 1095 926 1141 tte
946 1077 1085 1158 amplius
1104 1093 1167 1157 per
1178 1073 1323 1138 eamdem
1345 1069 1422 1133 ani·
1465 1089 1469 1100 ·

305 1173 348 1235 nti
370 1173 533 1238 lenitatem
552 1174 655 1257 jurat,
672 1183 709 1242 nt
730 1178 829 1258 paulo
851 1184 922 1258 port
943 1177 1077 1259 pejeret.
1093 1177 1188 1251 Sanc,
1208 1173 1236 1236 ai
1257 1173 1332 1236 tatia
1358 1169 1423 1232 ad·

305 1277 476 1339 mittantur
497 1277 674 1340 testimonia
698 1277 738 1340 de
758 1275 890 1358 vigilio,
906 1277 1068 1348 bominem
1089 1275 1261 1357 perspicies
1281 1289 1347 1336 uon
1369 1269 1425 1333 di·

303 1393 376 1438 eant
394 1377 557 1440 incertum
574 1388 632 1441 ant
653 1379 815 1458 ignarum,
829 1373 884 1443 aed
907 1379 1014 1459 petina
1037 1377 1176 1454 ictuum,
1193 1375 1422 1453 delirumque.
1531 1434 1532 1442 ,

385 1475 418 1544 Si
430 1493 509 1557 ergo
524 1476 684 1560 ejusmodi
695 1479 834 1543 absurda
851 1477 976 1544 admitti
992 1485 1154 1561 nequeant
1166 1479 1199 1541 ln
1211 1475 1347 1539 bistom'a
1362 1471 1423 1550 Yi-

302 1577 390 1658 gilii,
411 1595 486 1644 cum
508 1585 541 1644 et
561 1580 693 1646 intimus
724 1589 884 1664 repugnet
914 1598 1026 1646 sensns
1046 1586 1169 1656 noster,
1190 1575 1425 1659 consequitur,

307 1681 393 1745 inter
418 1681 517 1748 notba
542 1683 664 1762 scripta
691 1682 918 1748 committenda
942 1701 1011 1747 esse
1031 1679 1176 1762 praelata
1206 1678 1422 1749 documenta,

308 1782 400 1846 sario
426 1780 535 1846 studio
563 1781 730 1848 eleborata
751 1801 771 1848 a
794 1787 892 1848 trium
924 1783 1155 1865 capitulorum
1183 1777 1339 1862 patronis.
1377 1773 1423 1839 Et

307 1881 392 1947 lstad
413 1883 782 1961 arbitrabiturindnbie,
804 1886 860 1966 qui
877 1883 1067 1950 Pontiiieum
1088 1879 1208 1963 vigilio
1231 1879 1424 1944 immediate

307 1984 565 2064 succedentium,
579 1984 814 2051 declarationes
835 1985 1011 2068 perlegerit
1023 1985 1193 2066 explicitas
1207 1982 1248 2046 dc
1261 1979 1424 2061 multipli-

311 2084 340 2146 et
359 2085 641 2152 schismaticorum
661 2095 781 2152 conatu
801 2085 1092 2174 adrersnaSpuodi
1110 2086 1243 2167 quintae
1261 2082 1425 2148 definitio-

308 2201 393 2250 nem.
416 2185 458 2251 Et
478 2187 509 2250 ld
531 2187 565 2251 in
584 2189 808 2271 superioribus
829 2195 938 2254 actunt
954 2196 1012 2253 est.
1027 2187 1148 2252 Tamen
1168 2205 1254 2251 nnnc
1274 2185 1423 2248 breviter

310 2286 511 2368 relegantur.
542 2287 691 2370 Pelagtus
719 2288 744 2353 l.
774 2290 814 2354 ad
844 2289 1090 2356 childebertum
1123 2305 1233 2370 regem
1262 2285 1420 2358 aerium,

304 2387 438 2470 lnquit.-
454 2411 471 2450 u
494 2387 535 2452 lli
556 2407 647 2471 ergo,
669 2391 726 2472 qui
748 2393 779 2456 lu
800 2393 875 2473 ipsis
896 2393 1064 2456 erroribus
1087 2393 1327 2462 remanserunt,
1346 2401 1420 2453 coa·

312 2489 432 2569 globati
453 2498 528 2554 aunt
549 2491 581 2554 in
603 2511 726 2557 unum:
748 2501 782 2557 et
802 2501 901 2574 agunt
917 2497 1125 2557 venementer
1144 2488 1287 2572 qualiter
1309 2485 1420 2550 Eccle-

309 2592 391 2658 alam
409 2590 467 2656 Del
480 2591 684 2658 Cntbolicam
698 2593 855 2669 scindant,
871 2603 970 2674 atque
991 2593 1193 2674 perturbent.
1208 2588 1292 2656 liam
1314 2593 1347 2651 at
1367 2585 1420 2649 blc

317 2691 348 2756 ln
375 2691 498 2757 ltaliam
521 2695 677 2776 quamdin
705 2713 763 2759 uos
784 2695 818 2758 in
836 2693 1113 2773 Constantinopoli
1142 2691 1275 2766 inimus,
1304 2690 1345 2751 de
1365 2705 1420 2750 nn-

312 2794 399 2860 mine
418 2803 530 2860 nostro
550 2796 679 2863 obantes
700 2797 868 2861 mittebant
888 2796 1036 2870 dicendo,
1053 2795 1147 2876 qnasi
1166 2809 1227 2858 uos
1244 2791 1422 2856 dixerimus

314 2895 410 2960 tidem
431 2898 627 2963 catholicam
648 2899 747 2963 inissa
775 2904 978 2979 corruptam.
998 2896 1093 2964 Nunc
1114 2897 1214 2961 etiam
1232 2899 1346 2958 contra
1365 2905 1421 2954 aea

314 2995 457 3062 aderunt
477 3000 606 3063 chartas
628 3000 731 3065 tacitis
751 3001 945 3075 nominibus,
962 3007 999 3065 nt
1019 3001 1184 3064 nesciatur
1195 2997 1272 3077 quia
1290 3012 1345 3058 cas
1364 2991 1420 3055 mi·

316 3098 398 3165 ait.»
416 3099 495 3166 ltem
510 3100 542 3164 iu
561 3099 632 3166 aliia
651 3101 823 3167 litterisad
843 3101 993 3167 eumdem
1009 3099 1130 3182 Regem
1143 3099 1295 3178 loquitur
1314 3095 1354 3158 de
1372 3093 1420 3162 iit·

316 3202 408 3283 aqui
420 3201 571 3266 scaudala
589 3201 751 3280 serebant,
769 3199 959 3266 simulantes
981 3219 1016 3264 se
1035 3207 1156 3265 rectam
1176 3197 1274 3261 iidem
1289 3193 1420 3260 vindica·

315 3321 368 3381 re,
385 3305 525 3367 maxime
537 3303 624 3386 apud
645 3322 713 3381 eoa,
728 3305 783 3384 qui
800 3303 892 3367 dolos
906 3321 1022 3368 eorurn
1037 3309 1070 3366 at
1084 3300 1217 3366 iraudes
1235 3299 1418 3380 ignorant.»

399 3404 556 3471 Similiter
575 3405 607 3468 in
628 3405 764 3486 epistula
783 3403 815 3469 2.
836 3405 984 3486 Pelagius
1000 3401 1040 3467 ll.
1063 3403 1105 3467 ad
1126 3401 1243 3468 latriae
1262 3403 1417 3481 episcopos

320 3507 386 3570 ait:
403 3527 420 3566 u
435 3503 575 3586 Propter
594 3507 682 3589 qnod
712 3507 929 3587 praesentiam
951 3503 1185 3586 portatoribus,
1207 3521 1292 3584 quoa
1313 3502 1415 3564 irater·

320 3609 403 3672 nitas
424 3615 530 3672 nostra
552 3608 684 3685 direxit,
707 3615 739 3672 et
760 3626 800 3672 aa
816 3608 980 3672 codicibus
1001 3615 1095 3671 etex
1117 3607 1258 3687 antiquis
1279 3603 1413 3686 polypty-

322 3708 392 3774 chis
420 3709 528 3774 somnii
549 3716 679 3774 sanctae
706 3707 797 3773 Sedis
819 3709 1025 3789 tlpostolieae
1046 3708 1167 3772 relecta
1197 3713 1275 3772 suut
1294 3703 1409 3784 aliqum

321 3808 441 3890 quibus
454 3809 623 3875 evidenter
642 3818 790 3894 apparet,
803 3811 883 3872 nibil
903 3825 1031 3887 eorum,
1047 3827 1134 3892 quaa
1155 3811 1185 3872 in
1201 3813 1309 3872 restra
1321 3799 1411 3887 posui

319 3909 377 3975 ctia
399 3913 533 3992 epistola
559 3931 656 3980 causa
678 3915 776 3979 trium
797 3910 1037 3994 Capitulernrn,
1070 3910 1245 3975 convenire
1266 3909 1408 3974 ullatenus

323 4019 382 4078 aut
403 4013 621 4080 uerisimiliter
640 4015 796 4096 coaptari.
809 4011 932 4090 »Quae
951 4013 1072 4090 omnia,
1097 4011 1166 4076 aire
1186 4009 1409 4075 considerentur

323 4113 666 4196 praciattantilogiae
695 4115 903 4190 documenta,
935 4115 1003 4178 slve
1025 4121 1119 4178 testea
1149 4110 1268 4177 sinceri
1288 4103 1406 4174 mattiae

215 4281 218 4289 Δ
316 4203 604 4284 'schismaticorum
634 4216 812 4298 nuncupati
840 4213 1011 4282 Pontifices
1044 4214 1098 4296 (in
1127 4213 1247 4296 quibus
1270 4197 1402 4290 ttptut
