3066 4950
325 477 474 556 genistes.
490 474 583 553 Quae
604 474 735 558 qoidern
753 472 894 538 ⁴nomina
910 473 1126 558 philoponieci
1155 474 1325 556 imponunt
1344 493 1434 542 cono·

327 577 413 650 uitis,
432 576 621 658 objicientes
636 577 701 642 illis
714 577 866 642 similiter
880 579 1047 642 materiam
1059 577 1218 642 sensibilis
1233 578 1332 658 hnjns
1347 595 1433 642 mna·

323 684 355 746 di
377 697 491 745 cerere
513 680 656 744 interito.
680 678 840 760 Quaeque
860 678 974 743 eadem
997 680 1123 742 nomios
1155 683 1327 744 cononitse
1346 697 1434 760 prae·

325 783 433 846 dicant
453 781 493 846 de
518 781 767 863 philopooiscis,
789 781 876 863 qood
899 798 963 847 oon
990 781 1209 845 contitesntnr
1229 783 1348 845 horum
1368 799 1435 847 cor·

319 902 444 965 porum
467 883 751 947 resurrectionem.
768 882 818 946 hd
841 883 924 946 haec
944 883 1078 962 utrique
1093 881 1312 962 philopnniaci
1333 889 1366 946 et
1386 901 1435 948 co·

321 990 452 1051 ¹nonitee
471 1003 506 1048 se
527 985 666 1048 invicem
688 985 878 1062 origenistes
901 990 1028 1048 vocant.
1057 980 1140 1047 Nem
1162 1001 1238 1046 cnm
1259 983 1434 1048 invenerint

322 1085 541 1171 philoponieci
563 1085 707 1150 inlibris
728 1083 879 1162 Origeois
900 1082 1048 1148 eamdem
1070 1083 1239 1146 meterism
1269 1083 1302 1148 io
1324 1083 1432 1148 iniero

321 1188 511 1261 reformari,
525 1185 666 1266 ideoque
687 1183 879 1249 eorumdem
901 1202 1080 1264 corporum
1097 1187 1372 1250 resurrectionem
1392 1186 1434 1250 lc·

322 1309 372 1368 re,
395 1289 560 1354 cononitas
575 1287 785 1367 appellarunt
805 1287 1007 1366 origenistas.
1030 1283 1151 1350 Contra
1178 1303 1257 1350 sero
1272 1291 1433 1352 connnitse

302 1394 407 1457 =oseti
435 1394 467 1455 in
487 1390 601 1454 eodem
630 1388 775 1468 Origene
795 1388 937 1451 eliorum
960 1403 1139 1465 corporum
1167 1389 1433 1454 resurrectionem

299 1494 384 1574 -test
403 1493 487 1556 enim
508 1493 539 1553 io
561 1489 725 1554 sententiis
745 1491 928 1552 incoesteos
950 1489 1021 1566 virt
1043 1484 1277 1567 philoponincis
1301 1491 1432 1572 origeni·

322 1601 449 1660 starum
471 1609 587 1658 nomen
609 1591 840 1658 indiderunt.»

405 1694 452 1760 tte
467 1695 516 1758 his
537 1693 742 1767 conlerstor,
765 1709 863 1774 quem
878 1691 1071 1759 Gallsudios
1086 1697 1117 1760 in
1130 1693 1234 1760 Teme
1248 1692 1306 1760 ttt.
1321 1693 1432 1759 Bihlie

322 1795 426 1862 thecue
449 1794 583 1860 Petrum
607 1794 708 1858 edidit
723 1791 895 1872 Dialognm
918 1791 1133 1876 Barsanophii
1152 1798 1238 1861 inter
1259 1796 1431 1862 haereticos

297 1898 478 1962 -sereritas
499 1897 675 1976 nuncupati
695 1897 738 1958 ab
758 1894 929 1960 Anastasio
955 1897 1160 1963 antiocheno.
1183 1895 1221 1962 lo
1240 1917 1309 1979 qun
1330 1897 1431 1964 Dialo-

322 2013 364 2077 go
379 1998 464 2062 inani
479 1997 764 2077 argumentatione
783 1994 947 2076 Origenis,
965 1994 1097 2078 Evagrii
1110 2015 1148 2062 sc
1162 1995 1293 2082 Didymi
1307 1999 1430 2080 dogust-

319 2107 357 2162 ta
377 2099 418 2164 de
431 2100 676 2164 resurreetione
693 2103 727 2162 et
746 2098 787 2162 de
804 2099 1008 2163 restitutione
1023 2099 1194 2165 contutare
1209 2103 1428 2181 praesumpsit

319 2198 477 2264 Similiter
497 2216 573 2263 enm
595 2200 640 2262 ait
659 2195 863 2274 Timotheus,
884 2197 1061 2280 Origeeem
1082 2201 1315 2266 inconstantem
1337 2202 1429 2266 luisse

318 2303 354 2366 tn
373 2303 530 2366 sententie
547 2301 587 2365 de
608 2301 862 2377 rusurrectione,
877 2319 936 2364 oec
956 2304 1062 2382 ipsum
1082 2301 1186 2384 prohe
1206 2311 1345 2370 mentem
1368 2303 1429 2368 dn·

318 2405 420 2470 eteris
445 2411 631 2469 essecutnm
655 2422 725 2470 esse
748 2412 848 2485 patet,
872 2404 918 2468 uti
941 2405 972 2466 io
996 2406 1155 2485 peteret
1172 2406 1318 2471 secunde
1340 2405 1430 2470 Parte

318 2506 550 2582 satisfecimus,
567 2506 712 2587 genuinis
734 2507 892 2586 expeditis
907 2507 1008 2586 ipsius
1028 2507 1122 2572 dtctls
1136 2507 1177 2572 de
1191 2507 1255 2572 hoc
1269 2507 1426 2590 dogmate.

404 2607 455 2672 lix
469 2609 518 2672 his
533 2609 660 2672 interim
682 2609 820 2689 accipito
835 2609 1002 2689 quomodo
1017 2610 1203 2690 origeniana
1224 2607 1374 2690 quaestio
1387 2614 1429 2674 in·

291 2767 294 2774 .
319 2719 465 2776 stanrsta
486 2711 528 2774 sit
548 2711 632 2774 inter
652 2711 833 2776 haereticos
855 2719 928 2790 post
947 2709 1113 2795 Synodnm
1134 2711 1427 2778 chalcedonensem.

317 2811 383 2889 Qut
396 2813 529 2894 quidem
550 2830 625 2878 com
648 2814 734 2877 heud
756 2814 833 2877 satis
850 2810 1001 2893 Origenie
1015 2829 1144 2877 sensum
1165 2831 1208 2876 ex
1229 2812 1375 2894 ejusdem
1394 2815 1430 2879 li·

317 2915 385 2979 hris
399 2914 728 2994 comprehendissent,
747 2912 870 2978 motois
890 2931 925 2978 se
941 2912 1135 2978 lecessisere
1149 2912 1312 2995 probrosis
1332 2917 1430 2980 iocre·

317 3015 517 3095 patiouihos:
536 3012 814 3095 quemadmodum
836 3013 982 3097 Cgrillos
1003 3033 1035 3078 n.
1050 3011 1223 3081 dilectum
1244 3035 1315 3082 esse
1335 3020 1379 3082 ait
1398 3021 1426 3082 in

318 3115 520 3178 monasteriis
544 3113 753 3178 Polaestioae.
770 3113 860 3190 Ques
886 3121 991 3179 tameo
1016 3119 1222 3197 quaestiones
1242 3117 1427 3186 Timotheus

315 3216 556 3281 haeretieorum
585 3215 773 3296 relinquens
803 3216 1093 3299 disputationibus,
1123 3219 1320 3285 orthodoxis
1346 3239 1428 3287 com·

317 3315 481 3382 henderit
490 3317 656 3401 Spoodum
670 3318 960 3382 chalcedonensem
975 3320 1071 3384 sicuti
1085 3321 1223 3386 alteram
1236 3321 1274 3386 V.
1287 3331 1428 3388 consus·

317 3418 573 3498 tinopnlitenam.
598 3415 688 3492 Onne
709 3419 817 3482 rodere
836 3427 865 3482 st
884 3416 1049 3498 firmitate,
1063 3421 1121 3496 eit,
1143 3421 1240 3485 nescit
1256 3434 1385 3488 sanetas
1401 3431 1428 3486 st

312 3518 471 3599 emente
492 3529 632 3600 quotuor
651 3518 792 3600 Quodne
818 3520 923 3602 ipsust
950 3524 1166 3603 praecedentes
1186 3543 1354 3609 eorumque
1378 3527 1427 3588 ds·

315 3628 444 3700 gnatos
465 3637 505 3685 sc
526 3621 569 3683 its
592 3620 666 3687 inde
686 3622 918 3702 quodcumque
937 3623 1116 3689 exctodens
1133 3623 1297 3706 iodicium
1317 3627 1428 3692 adser-

237 3793 239 3800 ,
313 3736 371 3784 sus
389 3720 591 3800 origenistes.

319 3865 325 3876 ·
407 3819 480 3886 Hoc
499 3832 609 3890 eutem
633 3825 795 3904 petentios
817 3826 949 3891 eruitur
969 3841 988 3889 c
1012 3824 1112 3890 Llhro
1140 3823 1295 3909 Stephani
1314 3843 1428 3910 cogno-

313 3925 422 3989 mento
437 3919 572 4002 Gohsri,
594 3943 692 4006 quem
706 3927 785 4006 citet
806 3926 942 3992 Photius
957 3929 990 3992 io
1005 3925 1085 3993 God.
1101 3924 1184 3992 rete
1202 3949 1219 3990 s
1234 3926 1306 3994 lloc
1324 3929 1423 4010 Opus,

312 4021 430 4110 lnquit,
447 4024 552 4106 magni
568 4027 895 4110 sidehatnrlahoris;
918 4028 1063 4094 fructum
1080 4045 1159 4094 sero
1179 4047 1244 4094 ooo
1257 4031 1422 4112 sequetem

312 4141 433 4205 operes
456 4127 542 4192 tulit.
566 4126 640 4208 lpse
660 4130 781 4212 capite,
798 4147 884 4212 qnae
906 4135 1037 4208 tractet,
1059 4148 1211 4214 quaeque
1231 4133 1264 4196 in
1283 4147 1420 4197 coremu-

314 4241 372 4296 ποι
392 4233 426 4296 st
450 4228 686 4298 eeclesissticss
707 4233 912 4312 quaestiones
933 4231 1058 4313 retulit,
1086 4233 1240 4302 nimirum
1270 4233 1419 4318 qoinqua-
