<?xml version="1.0" encoding="UTF-8"?>
<!DOCTYPE html PUBLIC "-//W3C//DTD XHTML 1.0 Transitional//EN"
    "http://www.w3.org/TR/xhtml1/DTD/xhtml1-transitional.dtd">
<html xmlns="http://www.w3.org/1999/xhtml" xml:lang="en" lang="en">
 <head>
  <title>
</title>
<meta http-equiv="Content-Type" content="text/html;charset=utf-8" />
  <meta name='ocr-system' content='tesseract 3.04.00' />
  <meta name='ocr-capabilities' content='ocr_page ocr_carea ocr_par ocr_line ocrx_word'/>
</head>
<body>
  <div class='ocr_page' id='page_1' title='image "./insgregoriinyss01vincgoog/insgregoriinyss01vincgoog_0614.png"; bbox 0 0 3066 4950; ppageno 0'>
   <div class='ocr_carea' id='block_1_1' title="bbox 93 493 1195 884">
    <p class='ocr_par' dir='ltr' id='par_1_1' title="bbox 93 493 1195 884">
     <span class='ocr_line' id='line_1_1' title="bbox 95 493 1193 584; baseline 0.009 -27"><span class='ocrx_word' id='word_1_1' title='bbox 95 493 250 576; x_wconf 89' lang='lat' dir='ltr'><strong>proposito</strong></span> <span class='ocrx_word' id='word_1_2' title='bbox 270 497 381 560; x_wconf 64' lang='lat' dir='ltr'><strong>naiso</strong></span> <span class='ocrx_word' id='word_1_3' title='bbox 394 511 492 576; x_wconf 80' lang='lat' dir='ltr'><strong>nnana</strong></span> <span class='ocrx_word' id='word_1_4' title='bbox 515 497 660 563; x_wconf 79' lang='lat' dir='ltr'><strong>msulmc&#39;</strong></span> <span class='ocrx_word' id='word_1_5' title='bbox 673 497 895 578; x_wconf 79' lang='lat' dir='ltr'><strong>sullrapsninr</strong></span> <span class='ocrx_word' id='word_1_6' title='bbox 916 500 948 564; x_wconf 93' lang='lat' dir='ltr'><strong>ln</strong></span> <span class='ocrx_word' id='word_1_7' title='bbox 969 495 1114 584; x_wconf 84' lang='lat' dir='ltr'><strong>ejusdem</strong></span> <span class='ocrx_word' id='word_1_8' title='bbox 1134 501 1193 566; x_wconf 83' lang='lat' dir='ltr'><strong>Pa·</strong></span> 
     </span>
     <span class='ocr_line' id='line_1_2' title="bbox 94 593 1189 676; baseline 0.007 -18"><span class='ocrx_word' id='word_1_9' title='bbox 94 611 148 674; x_wconf 89' lang='lat' dir='ltr'><strong>pac</strong></span> <span class='ocrx_word' id='word_1_10' title='bbox 165 593 325 674; x_wconf 73' lang='lat' dir='ltr'><strong>apologia,</strong></span> <span class='ocrx_word' id='word_1_11' title='bbox 347 594 445 660; x_wconf 88' lang='lat' dir='ltr'><strong>simul</strong></span> <span class='ocrx_word' id='word_1_12' title='bbox 467 595 670 662; x_wconf 76' lang='lat' dir='ltr'><strong>aduersarios</strong></span> <span class='ocrx_word' id='word_1_13' title='bbox 691 598 916 676; x_wconf 87' lang='lat' dir='ltr'><strong>condemnant,</strong></span> <span class='ocrx_word' id='word_1_14' title='bbox 932 617 970 665; x_wconf 88' lang='lat' dir='ltr'><strong>sc</strong></span> <span class='ocrx_word' id='word_1_15' title='bbox 990 603 1189 666; x_wconf 65' lang='lat' dir='ltr'><strong>recentiores</strong></span> 
     </span>
     <span class='ocr_line' id='line_1_3' title="bbox 93 696 1195 786; baseline 0.007 -26"><span class='ocrx_word' id='word_1_16' title='bbox 93 713 215 778; x_wconf 80' lang='lat' dir='ltr'><strong>quoqne</strong></span> <span class='ocrx_word' id='word_1_17' title='bbox 245 696 399 762; x_wconf 74' lang='lat' dir='ltr'><strong>historiae</strong></span> <span class='ocrx_word' id='word_1_18' title='bbox 427 704 619 764; x_wconf 87' lang='lat' dir='ltr'><strong>tractatores</strong></span> <span class='ocrx_word' id='word_1_19' title='bbox 649 701 853 778; x_wconf 81' lang='lat' dir='ltr'><strong>orthodoxos</strong></span> <span class='ocrx_word' id='word_1_20' title='bbox 881 709 1047 783; x_wconf 67' lang='lat' dir='ltr'><strong>arguuntp</strong></span> <span class='ocrx_word' id='word_1_21' title='bbox 1069 705 1126 786; x_wconf 84' lang='lat' dir='ltr'><strong>qni</strong></span> <span class='ocrx_word' id='word_1_22' title='bbox 1148 705 1195 768; x_wconf 92' lang='lat' dir='ltr'><strong>ln·</strong></span> 
     </span>
     <span class='ocr_line' id='line_1_4' title="bbox 93 787 1194 884; baseline 0.005 -22"><span class='ocrx_word' id='word_1_23' title='bbox 93 801 173 863; x_wconf 78' lang='lat' dir='ltr'><strong>muti</strong></span> <span class='ocrx_word' id='word_1_24' title='bbox 203 787 405 864; x_wconf 77' lang='lat' dir='ltr'><strong>inhaerentes</strong></span> <span class='ocrx_word' id='word_1_25' title='bbox 426 799 608 866; x_wconf 87' lang='lat' dir='ltr'><strong>inlidelihns</strong></span> <span class='ocrx_word' id='word_1_26' title='bbox 637 803 821 882; x_wconf 89' lang='lat' dir='ltr'><strong>priscorum</strong></span> <span class='ocrx_word' id='word_1_27' title='bbox 846 803 1049 880; x_wconf 91' lang='lat' dir='ltr'><strong>testimoniis,</strong></span> <span class='ocrx_word' id='word_1_28' title='bbox 1079 821 1194 884; x_wconf 83' lang='lat' dir='ltr'><strong>qnam·</strong></span> 
     </span>
    </p>
   </div>
   <div class='ocr_carea' id='block_1_2' title="bbox 40 900 1279 4349">
    <p class='ocr_par' dir='ltr' id='par_1_2' title="bbox 92 900 1192 1084">
     <span class='ocr_line' id='line_1_5' title="bbox 94 900 1192 986; baseline 0.007 -24"><span class='ocrx_word' id='word_1_29' title='bbox 94 901 136 964; x_wconf 79' lang='lat' dir='ltr'><strong>sis</strong></span> <span class='ocrx_word' id='word_1_30' title='bbox 155 900 257 977; x_wconf 81' lang='lat' dir='ltr'><strong>inviti,</strong></span> <span class='ocrx_word' id='word_1_31' title='bbox 278 901 425 966; x_wconf 87' lang='lat' dir='ltr'><strong>hostibus</strong></span> <span class='ocrx_word' id='word_1_32' title='bbox 447 901 612 970; x_wconf 74' lang='lat' dir='ltr'><strong>Ecclesiae</strong></span> <span class='ocrx_word' id='word_1_33' title='bbox 633 902 799 971; x_wconf 82' lang='lat' dir='ltr'><strong>Romanae</strong></span> <span class='ocrx_word' id='word_1_34' title='bbox 818 905 1069 986; x_wconf 85' lang='lat' dir='ltr'><strong>suppeditarunt</strong></span> <span class='ocrx_word' id='word_1_35' title='bbox 1087 923 1192 984; x_wconf 89' lang='lat' dir='ltr'><strong>arma,</strong></span> 
     </span>
     <span class='ocr_line' id='line_1_6' title="bbox 92 1002 642 1084; baseline 0 -16"><span class='ocrx_word' id='word_1_36' title='bbox 92 1009 125 1068; x_wconf 90' lang='lat' dir='ltr'><strong>nt</strong></span> <span class='ocrx_word' id='word_1_37' title='bbox 144 1002 297 1068; x_wconf 84' lang='lat' dir='ltr'><strong>adsersus</strong></span> <span class='ocrx_word' id='word_1_38' title='bbox 318 1021 390 1068; x_wconf 88' lang='lat' dir='ltr'><strong>eam</strong></span> <span class='ocrx_word' id='word_1_39' title='bbox 413 1004 642 1084; x_wconf 73' lang='lat' dir='ltr'><strong>irrumperent.</strong></span> 
     </span>
    </p>

    <p class='ocr_par' dir='ltr' id='par_1_3' title="bbox 40 1101 1196 3534">
     <span class='ocr_line' id='line_1_7' title="bbox 40 1101 1192 1188; baseline 0.007 -22"><span class='ocrx_word' id='word_1_40' title='bbox 40 1143 47 1152; x_wconf 90' lang='lat'><strong>·</strong></span> <span class='ocrx_word' id='word_1_41' title='bbox 162 1101 392 1168; x_wconf 81' lang='lat' dir='ltr'><strong>Verumtamen</strong></span> <span class='ocrx_word' id='word_1_42' title='bbox 412 1104 599 1186; x_wconf 78' lang='lat' dir='ltr'><strong>huiusmodi</strong></span> <span class='ocrx_word' id='word_1_43' title='bbox 620 1106 732 1188; x_wconf 86' lang='lat' dir='ltr'><strong>culpas</strong></span> <span class='ocrx_word' id='word_1_44' title='bbox 753 1108 819 1187; x_wconf 85' lang='lat' dir='ltr'><strong>pati</strong></span> <span class='ocrx_word' id='word_1_45' title='bbox 840 1108 873 1171; x_wconf 85' lang='lat' dir='ltr'><strong>in</strong></span> <span class='ocrx_word' id='word_1_46' title='bbox 897 1105 982 1172; x_wconf 81' lang='lat' dir='ltr'><strong>Petri</strong></span> <span class='ocrx_word' id='word_1_47' title='bbox 1004 1123 1192 1174; x_wconf 70' lang='lat' dir='ltr'><strong>successore</strong></span> 
     </span>
     <span class='ocr_line' id='line_1_8' title="bbox 91 1205 1195 1291; baseline 0.006 -25"><span class='ocrx_word' id='word_1_48' title='bbox 91 1205 157 1285; x_wconf 86' lang='lat' dir='ltr'><strong>quis</strong></span> <span class='ocrx_word' id='word_1_49' title='bbox 175 1205 327 1285; x_wconf 80' lang='lat' dir='ltr'><strong>potenti</strong></span> <span class='ocrx_word' id='word_1_50' title='bbox 358 1205 567 1288; x_wconf 79' lang='lat' dir='ltr'><strong>[liquiesce</strong></span> <span class='ocrx_word' id='word_1_51' title='bbox 590 1216 677 1272; x_wconf 87' lang='lat' dir='ltr'><strong>ratas</strong></span> <span class='ocrx_word' id='word_1_52' title='bbox 698 1208 817 1272; x_wconf 88' lang='lat' dir='ltr'><strong>hahere</strong></span> <span class='ocrx_word' id='word_1_53' title='bbox 837 1210 992 1291; x_wconf 82' lang='lat' dir='ltr'><strong>quiverit,</strong></span> <span class='ocrx_word' id='word_1_54' title='bbox 1014 1210 1080 1273; x_wconf 92' lang='lat' dir='ltr'><strong>hnc</strong></span> <span class='ocrx_word' id='word_1_55' title='bbox 1101 1227 1195 1291; x_wconf 89' lang='lat' dir='ltr'><strong>rope·</strong></span> 
     </span>
     <span class='ocr_line' id='line_1_9' title="bbox 92 1307 1195 1392; baseline 0.003 -21"><span class='ocrx_word' id='word_1_56' title='bbox 92 1309 161 1386; x_wconf 91' lang='lat' dir='ltr'><strong>titis,</strong></span> <span class='ocrx_word' id='word_1_57' title='bbox 190 1328 277 1391; x_wconf 83' lang='lat' dir='ltr'><strong>quae</strong></span> <span class='ocrx_word' id='word_1_58' title='bbox 298 1310 434 1392; x_wconf 71' lang='lat' dir='ltr'><strong>vigilius</strong></span> <span class='ocrx_word' id='word_1_59' title='bbox 456 1310 630 1386; x_wconf 83' lang='lat' dir='ltr'><strong>mundavit,</strong></span> <span class='ocrx_word' id='word_1_60' title='bbox 661 1327 745 1391; x_wconf 86' lang='lat' dir='ltr'><strong>qnae</strong></span> <span class='ocrx_word' id='word_1_61' title='bbox 766 1309 832 1390; x_wconf 78' lang='lat' dir='ltr'><strong>cpit</strong></span> <span class='ocrx_word' id='word_1_62' title='bbox 852 1310 883 1372; x_wconf 95' lang='lat' dir='ltr'><strong>in</strong></span> <span class='ocrx_word' id='word_1_63' title='bbox 906 1310 1004 1373; x_wconf 88' lang='lat' dir='ltr'><strong>trium</strong></span> <span class='ocrx_word' id='word_1_64' title='bbox 1026 1307 1195 1391; x_wconf 87' lang='lat' dir='ltr'><strong>Capitnlo-</strong></span> 
     </span>
     <span class='ocr_line' id='line_1_10' title="bbox 93 1409 1195 1494; baseline -0.002 -17"><span class='ocrx_word' id='word_1_65' title='bbox 93 1431 160 1477; x_wconf 92' lang='lat' dir='ltr'><strong>rum</strong></span> <span class='ocrx_word' id='word_1_66' title='bbox 190 1411 407 1494; x_wconf 72' lang='lat' dir='ltr'><strong>quaestions?</strong></span> <span class='ocrx_word' id='word_1_67' title='bbox 428 1411 555 1477; x_wconf 84' lang='lat' dir='ltr'><strong>Horum</strong></span> <span class='ocrx_word' id='word_1_68' title='bbox 587 1419 683 1476; x_wconf 86' lang='lat' dir='ltr'><strong>testes</strong></span> <span class='ocrx_word' id='word_1_69' title='bbox 713 1411 844 1491; x_wconf 90' lang='lat' dir='ltr'><strong>appello</strong></span> <span class='ocrx_word' id='word_1_70' title='bbox 872 1409 1034 1477; x_wconf 89' lang='lat' dir='ltr'><strong>llomsnos</strong></span> <span class='ocrx_word' id='word_1_71' title='bbox 1064 1410 1195 1476; x_wconf 81' lang='lat' dir='ltr'><strong>Pontid-</strong></span> 
     </span>
     <span class='ocr_line' id='line_1_11' title="bbox 91 1509 1192 1597; baseline -0.001 -18"><span class='ocrx_word' id='word_1_72' title='bbox 91 1533 139 1580; x_wconf 89' lang='lat' dir='ltr'><strong>ces</strong></span> <span class='ocrx_word' id='word_1_73' title='bbox 151 1516 251 1597; x_wconf 86' lang='lat' dir='ltr'><strong>ipsius</strong></span> <span class='ocrx_word' id='word_1_74' title='bbox 269 1532 473 1581; x_wconf 85' lang='lat' dir='ltr'><strong>successores</strong></span> <span class='ocrx_word' id='word_1_75' title='bbox 488 1514 654 1596; x_wconf 71' lang='lat' dir='ltr'><strong>Pelagium</strong></span> <span class='ocrx_word' id='word_1_76' title='bbox 671 1513 696 1577; x_wconf 91' lang='grc' dir='ltr'><strong>Ι.</strong></span> <span class='ocrx_word' id='word_1_77' title='bbox 713 1513 879 1593; x_wconf 72' lang='lat' dir='ltr'><strong>Pelagium</strong></span> <span class='ocrx_word' id='word_1_78' title='bbox 896 1509 937 1576; x_wconf 90' lang='lat' dir='ltr'><strong>ll.</strong></span> <span class='ocrx_word' id='word_1_79' title='bbox 951 1531 976 1576; x_wconf 88' lang='lat' dir='ltr'><strong>s.</strong></span> <span class='ocrx_word' id='word_1_80' title='bbox 993 1510 1192 1594; x_wconf 71' lang='lat' dir='ltr'><strong>Gregorium</strong></span> 
     </span>
     <span class='ocr_line' id='line_1_12' title="bbox 92 1614 1196 1698; baseline 0 -18"><span class='ocrx_word' id='word_1_81' title='bbox 92 1615 251 1698; x_wconf 76' lang='lat' dir='ltr'><strong>Magnum.</strong></span> <span class='ocrx_word' id='word_1_82' title='bbox 280 1616 389 1697; x_wconf 89' lang='lat' dir='ltr'><strong>lpsnm</strong></span> <span class='ocrx_word' id='word_1_83' title='bbox 409 1635 543 1698; x_wconf 84' lang='lat' dir='ltr'><strong>quoqne</strong></span> <span class='ocrx_word' id='word_1_84' title='bbox 580 1635 655 1682; x_wconf 88' lang='lat' dir='ltr'><strong>cnm</strong></span> <span class='ocrx_word' id='word_1_85' title='bbox 677 1617 726 1681; x_wconf 88' lang='lat' dir='ltr'><strong>his</strong></span> <span class='ocrx_word' id='word_1_86' title='bbox 748 1614 911 1680; x_wconf 80' lang='lat' dir='ltr'><strong>Victorem</strong></span> <span class='ocrx_word' id='word_1_87' title='bbox 941 1614 1073 1697; x_wconf 88' lang='lat' dir='ltr'><strong>appello</strong></span> <span class='ocrx_word' id='word_1_88' title='bbox 1101 1633 1196 1680; x_wconf 88' lang='lat' dir='ltr'><strong>eoae·</strong></span> 
     </span>
     <span class='ocr_line' id='line_1_13' title="bbox 92 1717 1193 1800; baseline 0.001 -18"><span class='ocrx_word' id='word_1_89' title='bbox 92 1733 162 1782; x_wconf 84' lang='lat' dir='ltr'><strong>snm</strong></span> <span class='ocrx_word' id='word_1_90' title='bbox 182 1726 215 1783; x_wconf 91' lang='lat' dir='ltr'><strong>et</strong></span> <span class='ocrx_word' id='word_1_91' title='bbox 228 1739 271 1783; x_wconf 81' lang='lat' dir='ltr'><strong>ea</strong></span> <span class='ocrx_word' id='word_1_92' title='bbox 286 1718 525 1783; x_wconf 79' lang='lat' dir='ltr'><strong>defendentium</strong></span> <span class='ocrx_word' id='word_1_93' title='bbox 549 1719 608 1783; x_wconf 90' lang='lat' dir='ltr'><strong>tris</strong></span> <span class='ocrx_word' id='word_1_94' title='bbox 631 1717 780 1800; x_wconf 81' lang='lat' dir='ltr'><strong>capitata</strong></span> <span class='ocrx_word' id='word_1_95' title='bbox 797 1735 955 1797; x_wconf 88' lang='lat' dir='ltr'><strong>nnmero;</strong></span> <span class='ocrx_word' id='word_1_96' title='bbox 971 1717 1027 1800; x_wconf 87' lang='lat' dir='ltr'><strong>qui</strong></span> <span class='ocrx_word' id='word_1_97' title='bbox 1050 1720 1081 1783; x_wconf 92' lang='lat' dir='ltr'><strong>iu</strong></span> <span class='ocrx_word' id='word_1_98' title='bbox 1096 1719 1193 1783; x_wconf 89' lang='lat' dir='ltr'><strong>chro-</strong></span> 
     </span>
     <span class='ocr_line' id='line_1_14' title="bbox 91 1819 1194 1904; baseline 0.005 -23"><span class='ocrx_word' id='word_1_99' title='bbox 91 1819 169 1897; x_wconf 89' lang='lat' dir='ltr'><strong>nico,</strong></span> <span class='ocrx_word' id='word_1_100' title='bbox 190 1839 230 1886; x_wconf 88' lang='lat' dir='ltr'><strong>en</strong></span> <span class='ocrx_word' id='word_1_101' title='bbox 253 1821 365 1886; x_wconf 86' lang='lat' dir='ltr'><strong>ordine</strong></span> <span class='ocrx_word' id='word_1_102' title='bbox 394 1839 455 1900; x_wconf 88' lang='lat' dir='ltr'><strong>pro</strong></span> <span class='ocrx_word' id='word_1_103' title='bbox 473 1821 609 1901; x_wconf 69' lang='lat' dir='ltr'><strong>singulis</strong></span> <span class='ocrx_word' id='word_1_104' title='bbox 628 1823 720 1885; x_wconf 90' lang='lat' dir='ltr'><strong>annis</strong></span> <span class='ocrx_word' id='word_1_105' title='bbox 743 1839 924 1898; x_wconf 74' lang='lat' dir='ltr'><strong>recensens,</strong></span> <span class='ocrx_word' id='word_1_106' title='bbox 946 1838 1031 1904; x_wconf 84' lang='lat' dir='ltr'><strong>quae</strong></span> <span class='ocrx_word' id='word_1_107' title='bbox 1054 1829 1132 1886; x_wconf 93' lang='lat' dir='ltr'><strong>tnnc</strong></span> <span class='ocrx_word' id='word_1_108' title='bbox 1151 1821 1194 1886; x_wconf 89' lang='lat' dir='ltr'><strong>da</strong></span> 
     </span>
     <span class='ocr_line' id='line_1_15' title="bbox 91 1919 1193 2006; baseline 0.003 -24"><span class='ocrx_word' id='word_1_109' title='bbox 91 1921 134 1984; x_wconf 90' lang='lat' dir='ltr'><strong>bis</strong></span> <span class='ocrx_word' id='word_1_110' title='bbox 150 1921 369 1985; x_wconf 87' lang='lat' dir='ltr'><strong>acciderunta</strong></span> <span class='ocrx_word' id='word_1_111' title='bbox 387 1919 495 2002; x_wconf 81' lang='lat' dir='ltr'><strong>leilii</strong></span> <span class='ocrx_word' id='word_1_112' title='bbox 511 1920 719 1987; x_wconf 84' lang='lat' dir='ltr'><strong>Pontificatus</strong></span> <span class='ocrx_word' id='word_1_113' title='bbox 736 1923 826 1986; x_wconf 89' lang='lat' dir='ltr'><strong>initio</strong></span> <span class='ocrx_word' id='word_1_114' title='bbox 839 1939 944 2003; x_wconf 83' lang='lat' dir='ltr'><strong>usque</strong></span> <span class='ocrx_word' id='word_1_115' title='bbox 964 1922 1003 1986; x_wconf 92' lang='lat' dir='ltr'><strong>ad</strong></span> <span class='ocrx_word' id='word_1_116' title='bbox 1019 1921 1137 2006; x_wconf 79' lang='lat' dir='ltr'><strong>Synodl</strong></span> <span class='ocrx_word' id='word_1_117' title='bbox 1153 1919 1193 1985; x_wconf 84' lang='lat' dir='ltr'><strong>v.</strong></span> 
     </span>
     <span class='ocr_line' id='line_1_16' title="bbox 91 2021 1195 2106; baseline 0.001 -20"><span class='ocrx_word' id='word_1_118' title='bbox 91 2027 272 2098; x_wconf 88' lang='lat' dir='ltr'><strong>terminum,</strong></span> <span class='ocrx_word' id='word_1_119' title='bbox 288 2021 598 2106; x_wconf 69' lang='lat' dir='ltr'><strong>hujusmodi&#39;l&#39;apas</strong></span> <span class='ocrx_word' id='word_1_120' title='bbox 619 2022 787 2103; x_wconf 75' lang='lat' dir='ltr'><strong>antiloplss</strong></span> <span class='ocrx_word' id='word_1_121' title='bbox 801 2029 835 2086; x_wconf 92' lang='lat' dir='ltr'><strong>et</strong></span> <span class='ocrx_word' id='word_1_122' title='bbox 849 2023 1131 2102; x_wconf 74' lang='lat' dir='ltr'><strong>tergiversationes</strong></span> <span class='ocrx_word' id='word_1_123' title='bbox 1151 2022 1195 2087; x_wconf 91' lang='lat' dir='ltr'><strong>si·</strong></span> 
     </span>
     <span class='ocr_line' id='line_1_17' title="bbox 88 2124 1196 2207; baseline 0 -19"><span class='ocrx_word' id='word_1_124' title='bbox 88 2125 182 2189; x_wconf 84' lang='lat' dir='ltr'><strong>lontio</strong></span> <span class='ocrx_word' id='word_1_125' title='bbox 203 2127 384 2207; x_wconf 87' lang='lat' dir='ltr'><strong>praeteriit.</strong></span> <span class='ocrx_word' id='word_1_126' title='bbox 402 2125 496 2202; x_wconf 82' lang='lat' dir='ltr'><strong>Quae</strong></span> <span class='ocrx_word' id='word_1_127' title='bbox 512 2124 642 2206; x_wconf 85' lang='lat' dir='ltr'><strong>quidem</strong></span> <span class='ocrx_word' id='word_1_128' title='bbox 663 2143 727 2188; x_wconf 92' lang='lat' dir='ltr'><strong>non</strong></span> <span class='ocrx_word' id='word_1_129' title='bbox 744 2124 936 2189; x_wconf 84' lang='lat' dir='ltr'><strong>uidebantur</strong></span> <span class='ocrx_word' id='word_1_130' title='bbox 957 2124 1081 2206; x_wconf 88' lang='lat' dir='ltr'><strong>abipso</strong></span> <span class='ocrx_word' id='word_1_131' title='bbox 1102 2139 1196 2205; x_wconf 85' lang='lat' dir='ltr'><strong>prae·</strong></span> 
     </span>
     <span class='ocr_line' id='line_1_18' title="bbox 90 2226 1195 2310; baseline 0 -22"><span class='ocrx_word' id='word_1_132' title='bbox 90 2227 323 2305; x_wconf 87' lang='lat' dir='ltr'><strong>termittendac,</strong></span> <span class='ocrx_word' id='word_1_133' title='bbox 338 2235 452 2310; x_wconf 89' lang='lat' dir='ltr'><strong>utpote</strong></span> <span class='ocrx_word' id='word_1_134' title='bbox 465 2229 565 2309; x_wconf 88' lang='lat' dir='ltr'><strong>ipsius</strong></span> <span class='ocrx_word' id='word_1_135' title='bbox 578 2226 739 2291; x_wconf 82' lang='lat' dir='ltr'><strong>Pontidcls</strong></span> <span class='ocrx_word' id='word_1_136' title='bbox 755 2226 923 2309; x_wconf 83' lang='lat' dir='ltr'><strong>injuriam,</strong></span> <span class='ocrx_word' id='word_1_137' title='bbox 935 2242 1094 2306; x_wconf 84' lang='lat' dir='ltr'><strong>suamquc</strong></span> <span class='ocrx_word' id='word_1_138' title='bbox 1108 2241 1195 2290; x_wconf 88' lang='lat' dir='ltr'><strong>com·</strong></span> 
     </span>
     <span class='ocr_line' id='line_1_19' title="bbox 92 2327 1196 2414; baseline -0.001 -21"><span class='ocrx_word' id='word_1_139' title='bbox 92 2331 259 2410; x_wconf 80' lang='lat' dir='ltr'><strong>probantes</strong></span> <span class='ocrx_word' id='word_1_140' title='bbox 291 2331 492 2396; x_wconf 89' lang='lat' dir='ltr'><strong>sententiam.</strong></span> <span class='ocrx_word' id='word_1_141' title='bbox 518 2328 629 2394; x_wconf 86' lang='lat' dir='ltr'><strong>Testes</strong></span> <span class='ocrx_word' id='word_1_142' title='bbox 660 2330 789 2411; x_wconf 91' lang='lat' dir='ltr'><strong>appello</strong></span> <span class='ocrx_word' id='word_1_143' title='bbox 810 2327 881 2396; x_wconf 76' lang='lat'><strong>165.</strong></span> <span class='ocrx_word' id='word_1_144' title='bbox 905 2329 1073 2409; x_wconf 90' lang='lat' dir='ltr'><strong>episcopos</strong></span> <span class='ocrx_word' id='word_1_145' title='bbox 1094 2327 1196 2414; x_wconf 71' lang='lat' dir='ltr'><strong>Syno-</strong></span> 
     </span>
     <span class='ocr_line' id='line_1_20' title="bbox 90 2431 1196 2516; baseline 0.001 -22"><span class='ocrx_word' id='word_1_146' title='bbox 90 2431 129 2496; x_wconf 94' lang='lat' dir='ltr'><strong>do</strong></span> <span class='ocrx_word' id='word_1_147' title='bbox 148 2433 311 2498; x_wconf 88' lang='lat' dir='ltr'><strong>adstantes</strong></span> <span class='ocrx_word' id='word_1_148' title='bbox 331 2434 475 2513; x_wconf 80' lang='lat' dir='ltr'><strong>riupnlos</strong></span> <span class='ocrx_word' id='word_1_149' title='bbox 497 2433 693 2516; x_wconf 84' lang='lat' dir='ltr'><strong>quaestionis</strong></span> <span class='ocrx_word' id='word_1_150' title='bbox 714 2433 883 2510; x_wconf 87' lang='lat' dir='ltr'><strong>certiores,</strong></span> <span class='ocrx_word' id='word_1_151' title='bbox 908 2433 1083 2508; x_wconf 88' lang='lat' dir='ltr'><strong>studiosos,</strong></span> <span class='ocrx_word' id='word_1_152' title='bbox 1105 2432 1196 2496; x_wconf 91' lang='lat' dir='ltr'><strong>solll-</strong></span> 
     </span>
     <span class='ocr_line' id='line_1_21' title="bbox 89 2535 1191 2618; baseline 0.002 -20"><span class='ocrx_word' id='word_1_153' title='bbox 89 2536 228 2616; x_wconf 81' lang='lat' dir='ltr'><strong>citosqne</strong></span> <span class='ocrx_word' id='word_1_154' title='bbox 250 2538 282 2599; x_wconf 90' lang='lat' dir='ltr'><strong>in</strong></span> <span class='ocrx_word' id='word_1_155' title='bbox 296 2553 332 2600; x_wconf 86' lang='lat' dir='ltr'><strong>ea</strong></span> <span class='ocrx_word' id='word_1_156' title='bbox 353 2536 551 2618; x_wconf 82' lang='lat' dir='ltr'><strong>expedienda</strong></span> <span class='ocrx_word' id='word_1_157' title='bbox 560 2557 571 2617; x_wconf 69' lang='grc' dir='ltr'><strong><em>ς</em></strong></span> <span class='ocrx_word' id='word_1_158' title='bbox 587 2554 625 2602; x_wconf 89' lang='lat' dir='ltr'><strong>ac</strong></span> <span class='ocrx_word' id='word_1_159' title='bbox 640 2540 727 2616; x_wconf 89' lang='lat' dir='ltr'><strong>ldeo,</strong></span> <span class='ocrx_word' id='word_1_160' title='bbox 742 2539 813 2618; x_wconf 90' lang='lat' dir='ltr'><strong>ipso</strong></span> <span class='ocrx_word' id='word_1_161' title='bbox 827 2535 946 2617; x_wconf 78' lang='lat' dir='ltr'><strong>vigilio</strong></span> <span class='ocrx_word' id='word_1_162' title='bbox 961 2539 1191 2612; x_wconf 87' lang='lat' dir='ltr'><strong>consentiente,</strong></span> 
     </span>
     <span class='ocr_line' id='line_1_22' title="bbox 91 2637 1193 2721; baseline 0.002 -21"><span class='ocrx_word' id='word_1_163' title='bbox 91 2638 227 2718; x_wconf 78' lang='lat' dir='ltr'><strong>legitime</strong></span> <span class='ocrx_word' id='word_1_164' title='bbox 243 2646 467 2719; x_wconf 75' lang='lat' dir='ltr'><strong>congregatos,</strong></span> <span class='ocrx_word' id='word_1_165' title='bbox 484 2645 521 2703; x_wconf 93' lang='lat' dir='ltr'><strong>nt</strong></span> <span class='ocrx_word' id='word_1_166' title='bbox 536 2643 758 2721; x_wconf 72' lang='lat' dir='ltr'><strong>pervestigatis</strong></span> <span class='ocrx_word' id='word_1_167' title='bbox 775 2639 891 2703; x_wconf 77' lang='lat' dir='ltr'><strong>ueteris</strong></span> <span class='ocrx_word' id='word_1_168' title='bbox 908 2637 1073 2704; x_wconf 87' lang='lat' dir='ltr'><strong>Ecclesiae</strong></span> <span class='ocrx_word' id='word_1_169' title='bbox 1086 2639 1193 2704; x_wconf 92' lang='lat' dir='ltr'><strong>archi·</strong></span> 
     </span>
     <span class='ocr_line' id='line_1_23' title="bbox 91 2740 1192 2823; baseline 0.003 -22"><span class='ocrx_word' id='word_1_170' title='bbox 91 2741 145 2803; x_wconf 86' lang='lat' dir='ltr'><strong>viis</strong></span> <span class='ocrx_word' id='word_1_171' title='bbox 165 2741 489 2821; x_wconf 82' lang='lat' dir='ltr'><strong>comprehenderent,</strong></span> <span class='ocrx_word' id='word_1_172' title='bbox 512 2741 611 2823; x_wconf 91' lang='lat' dir='ltr'><strong>ipsius</strong></span> <span class='ocrx_word' id='word_1_173' title='bbox 634 2740 795 2807; x_wconf 82' lang='lat' dir='ltr'><strong>Pontificis</strong></span> <span class='ocrx_word' id='word_1_174' title='bbox 815 2740 1003 2806; x_wconf 79' lang='lat' dir='ltr'><strong>tunicatum</strong></span> <span class='ocrx_word' id='word_1_175' title='bbox 1026 2741 1066 2806; x_wconf 90' lang='lat' dir='ltr'><strong>de</strong></span> <span class='ocrx_word' id='word_1_176' title='bbox 1088 2740 1192 2806; x_wconf 87' lang='lat' dir='ltr'><strong>tribus</strong></span> 
     </span>
     <span class='ocr_line' id='line_1_24' title="bbox 90 2839 1195 2926; baseline 0 -22"><span class='ocrx_word' id='word_1_177' title='bbox 90 2839 242 2922; x_wconf 81' lang='lat' dir='ltr'><strong>Capitulis</strong></span> <span class='ocrx_word' id='word_1_178' title='bbox 257 2843 455 2919; x_wconf 88' lang='lat' dir='ltr'><strong>damnandis,</strong></span> <span class='ocrx_word' id='word_1_179' title='bbox 470 2844 539 2926; x_wconf 75' lang='lat' dir='ltr'><strong>iuri</strong></span> <span class='ocrx_word' id='word_1_180' title='bbox 553 2849 761 2907; x_wconf 84' lang='lat' dir='ltr'><strong>sacrosancto</strong></span> <span class='ocrx_word' id='word_1_181' title='bbox 776 2843 880 2919; x_wconf 92' lang='lat' dir='ltr'><strong>inniti,</strong></span> <span class='ocrx_word' id='word_1_182' title='bbox 896 2843 1013 2923; x_wconf 83' lang='lat' dir='ltr'><strong>quovis</strong></span> <span class='ocrx_word' id='word_1_183' title='bbox 1033 2841 1074 2907; x_wconf 89' lang='lat' dir='ltr'><strong>de</strong></span> <span class='ocrx_word' id='word_1_184' title='bbox 1089 2841 1195 2906; x_wconf 87' lang='lat' dir='ltr'><strong>medio</strong></span> 
     </span>
     <span class='ocr_line' id='line_1_25' title="bbox 90 2943 1194 3029; baseline 0.001 -22"><span class='ocrx_word' id='word_1_185' title='bbox 90 2943 213 3008; x_wconf 83' lang='lat' dir='ltr'><strong>sublato</strong></span> <span class='ocrx_word' id='word_1_186' title='bbox 235 2947 392 3026; x_wconf 87' lang='lat' dir='ltr'><strong>peculiari</strong></span> <span class='ocrx_word' id='word_1_187' title='bbox 417 2947 468 3010; x_wconf 81' lang='lat' dir='ltr'><strong>vel</strong></span> <span class='ocrx_word' id='word_1_188' title='bbox 490 2945 652 3027; x_wconf 89' lang='lat' dir='ltr'><strong>personali</strong></span> <span class='ocrx_word' id='word_1_189' title='bbox 674 2947 814 3026; x_wconf 78' lang='lat' dir='ltr'><strong>negotio.</strong></span> <span class='ocrx_word' id='word_1_190' title='bbox 832 2947 963 3029; x_wconf 80' lang='lat' dir='ltr'><strong>Quique</strong></span> <span class='ocrx_word' id='word_1_191' title='bbox 983 2945 1069 3023; x_wconf 91' lang='lat' dir='ltr'><strong>inde,</strong></span> <span class='ocrx_word' id='word_1_192' title='bbox 1084 2962 1194 3010; x_wconf 81' lang='lat' dir='ltr'><strong>seres·</strong></span> 
     </span>
     <span class='ocr_line' id='line_1_26' title="bbox 89 3047 1193 3134; baseline 0.001 -25"><span class='ocrx_word' id='word_1_193' title='bbox 89 3047 127 3110; x_wconf 89' lang='lat' dir='ltr'><strong>tis</strong></span> <span class='ocrx_word' id='word_1_194' title='bbox 146 3049 177 3111; x_wconf 92' lang='lat' dir='ltr'><strong>ln</strong></span> <span class='ocrx_word' id='word_1_195' title='bbox 205 3049 358 3114; x_wconf 86' lang='lat' dir='ltr'><strong>Jndicato</strong></span> <span class='ocrx_word' id='word_1_196' title='bbox 381 3051 554 3128; x_wconf 81' lang='lat' dir='ltr'><strong>expressis,</strong></span> <span class='ocrx_word' id='word_1_197' title='bbox 582 3050 770 3134; x_wconf 78' lang='lat' dir='ltr'><strong>synodalem</strong></span> <span class='ocrx_word' id='word_1_198' title='bbox 787 3049 916 3114; x_wconf 84' lang='lat' dir='ltr'><strong>admisit</strong></span> <span class='ocrx_word' id='word_1_199' title='bbox 940 3049 1167 3113; x_wconf 83' lang='lat' dir='ltr'><strong>discussionem</strong></span> <span class='ocrx_word' id='word_1_200' title='bbox 1180 3066 1193 3128; x_wconf 89' lang='lat'>;</span> 
     </span>
     <span class='ocr_line' id='line_1_27' title="bbox 89 3151 1193 3232; baseline 0.004 -22"><span class='ocrx_word' id='word_1_201' title='bbox 89 3151 177 3213; x_wconf 89' lang='lat' dir='ltr'><strong>sicuti</strong></span> <span class='ocrx_word' id='word_1_202' title='bbox 199 3153 325 3232; x_wconf 89' lang='lat' dir='ltr'><strong>accepit</strong></span> <span class='ocrx_word' id='word_1_203' title='bbox 350 3154 552 3232; x_wconf 76' lang='lat' dir='ltr'><strong>succinitque</strong></span> <span class='ocrx_word' id='word_1_204' title='bbox 573 3153 802 3226; x_wconf 83' lang='lat' dir='ltr'><strong>definitionem,</strong></span> <span class='ocrx_word' id='word_1_205' title='bbox 823 3152 965 3216; x_wconf 88' lang='lat' dir='ltr'><strong>unanimi</strong></span> <span class='ocrx_word' id='word_1_206' title='bbox 987 3169 1143 3216; x_wconf 87' lang='lat' dir='ltr'><strong>consensu</strong></span> <span class='ocrx_word' id='word_1_207' title='bbox 1159 3167 1193 3214; x_wconf 86' lang='lat' dir='ltr'><strong>o·</strong></span> 
     </span>
     <span class='ocr_line' id='line_1_28' title="bbox 90 3251 1192 3334; baseline 0.005 -23"><span class='ocrx_word' id='word_1_208' title='bbox 90 3252 210 3316; x_wconf 87' lang='lat' dir='ltr'><strong>mnibus</strong></span> <span class='ocrx_word' id='word_1_209' title='bbox 232 3253 292 3316; x_wconf 84' lang='lat' dir='ltr'><strong>tria</strong></span> <span class='ocrx_word' id='word_1_210' title='bbox 315 3251 463 3333; x_wconf 75' lang='lat' dir='ltr'><strong>capitula</strong></span> <span class='ocrx_word' id='word_1_211' title='bbox 485 3253 722 3332; x_wconf 80' lang='lat' dir='ltr'><strong>damnantibus,</strong></span> <span class='ocrx_word' id='word_1_212' title='bbox 738 3253 921 3318; x_wconf 89' lang='lat' dir='ltr'><strong>nullimode</strong></span> <span class='ocrx_word' id='word_1_213' title='bbox 942 3258 1000 3317; x_wconf 90' lang='lat' dir='ltr'><strong>aut</strong></span> <span class='ocrx_word' id='word_1_214' title='bbox 1013 3251 1192 3334; x_wconf 82' lang='lat' dir='ltr'><strong>ignorantia</strong></span> 
     </span>
     <span class='ocr_line' id='line_1_29' title="bbox 90 3351 1195 3436; baseline 0.005 -24"><span class='ocrx_word' id='word_1_215' title='bbox 90 3355 198 3428; x_wconf 87' lang='lat' dir='ltr'><strong>captis,</strong></span> <span class='ocrx_word' id='word_1_216' title='bbox 215 3353 284 3417; x_wconf 80' lang='lat' dir='ltr'><strong>siue</strong></span> <span class='ocrx_word' id='word_1_217' title='bbox 305 3353 518 3435; x_wconf 83' lang='lat' dir='ltr'><strong>praejudicio,</strong></span> <span class='ocrx_word' id='word_1_218' title='bbox 533 3362 592 3418; x_wconf 92' lang='lat' dir='ltr'><strong>aut</strong></span> <span class='ocrx_word' id='word_1_219' title='bbox 613 3359 703 3420; x_wconf 89' lang='lat' dir='ltr'><strong>metu</strong></span> <span class='ocrx_word' id='word_1_220' title='bbox 723 3355 837 3436; x_wconf 86' lang='lat' dir='ltr'><strong>aliquo</strong></span> <span class='ocrx_word' id='word_1_221' title='bbox 858 3353 1017 3436; x_wconf 89' lang='lat' dir='ltr'><strong>impulsis,</strong></span> <span class='ocrx_word' id='word_1_222' title='bbox 1032 3353 1101 3419; x_wconf 81' lang='lat' dir='ltr'><strong>aive</strong></span> <span class='ocrx_word' id='word_1_223' title='bbox 1114 3351 1195 3420; x_wconf 85' lang='lat' dir='ltr'><strong>Cne-</strong></span> 
     </span>
     <span class='ocr_line' id='line_1_30' title="bbox 89 3455 690 3534; baseline 0.005 -19"><span class='ocrx_word' id='word_1_224' title='bbox 89 3455 163 3518; x_wconf 88' lang='lat' dir='ltr'><strong>saris</strong></span> <span class='ocrx_word' id='word_1_225' title='bbox 182 3473 242 3534; x_wconf 92' lang='lat' dir='ltr'><strong>spe</strong></span> <span class='ocrx_word' id='word_1_226' title='bbox 264 3457 389 3520; x_wconf 90' lang='lat' dir='ltr'><strong>allectis</strong></span> <span class='ocrx_word' id='word_1_227' title='bbox 411 3455 690 3521; x_wconf 87' lang='lat' dir='ltr'><strong>remunerationis.</strong></span> 
     </span>
    </p>

    <p class='ocr_par' dir='ltr' id='par_1_4' title="bbox 89 3555 1279 4349">
     <span class='ocr_line' id='line_1_31' title="bbox 165 3555 1195 3639; baseline -0.002 -19"><span class='ocrx_word' id='word_1_228' title='bbox 165 3557 353 3634; x_wconf 81' lang='lat' dir='ltr'><strong>Praeterea,</strong></span> <span class='ocrx_word' id='word_1_229' title='bbox 368 3557 394 3620; x_wconf 92' lang='lat' dir='ltr'><strong>si</strong></span> <span class='ocrx_word' id='word_1_230' title='bbox 409 3556 501 3622; x_wconf 90' lang='lat' dir='ltr'><strong>dietis</strong></span> <span class='ocrx_word' id='word_1_231' title='bbox 514 3555 658 3622; x_wconf 79' lang='lat' dir='ltr'><strong>Facundi</strong></span> <span class='ocrx_word' id='word_1_232' title='bbox 680 3557 752 3639; x_wconf 90' lang='lat' dir='ltr'><strong>quis</strong></span> <span class='ocrx_word' id='word_1_233' title='bbox 773 3556 918 3623; x_wconf 81' lang='lat' dir='ltr'><strong>assentiri</strong></span> <span class='ocrx_word' id='word_1_234' title='bbox 936 3557 1046 3633; x_wconf 87' lang='lat' dir='ltr'><strong>vellet,</strong></span> <span class='ocrx_word' id='word_1_235' title='bbox 1063 3556 1118 3620; x_wconf 92' lang='lat' dir='ltr'><strong>uhi</strong></span> <span class='ocrx_word' id='word_1_236' title='bbox 1142 3573 1195 3619; x_wconf 87' lang='lat' dir='ltr'><strong>ve·</strong></span> 
     </span>
     <span class='ocr_line' id='line_1_32' title="bbox 90 3655 1193 3740; baseline 0.003 -21"><span class='ocrx_word' id='word_1_237' title='bbox 90 3657 253 3723; x_wconf 89' lang='lat' dir='ltr'><strong>hementer</strong></span> <span class='ocrx_word' id='word_1_238' title='bbox 283 3657 469 3722; x_wconf 84' lang='lat' dir='ltr'><strong>Mucianum</strong></span> <span class='ocrx_word' id='word_1_239' title='bbox 492 3660 633 3740; x_wconf 80' lang='lat' dir='ltr'><strong>exagitat</strong></span> <span class='ocrx_word' id='word_1_240' title='bbox 654 3667 688 3722; x_wconf 92' lang='lat' dir='ltr'><strong>et</strong></span> <span class='ocrx_word' id='word_1_241' title='bbox 708 3661 741 3722; x_wconf 92' lang='lat' dir='ltr'><strong>iu</strong></span> <span class='ocrx_word' id='word_1_242' title='bbox 762 3679 802 3723; x_wconf 92' lang='lat' dir='ltr'><strong>eo</strong></span> <span class='ocrx_word' id='word_1_243' title='bbox 824 3659 987 3724; x_wconf 86' lang='lat' dir='ltr'><strong>Romanus</strong></span> <span class='ocrx_word' id='word_1_244' title='bbox 1009 3655 1193 3734; x_wconf 81' lang='lat' dir='ltr'><strong>Pontifices,</strong></span> 
     </span>
     <span class='ocr_line' id='line_1_33' title="bbox 89 3759 1195 3836; baseline 0.003 -15"><span class='ocrx_word' id='word_1_245' title='bbox 89 3759 291 3824; x_wconf 87' lang='lat' dir='ltr'><strong>statuendum</strong></span> <span class='ocrx_word' id='word_1_246' title='bbox 322 3767 417 3836; x_wconf 88' lang='lat' dir='ltr'><strong>esset,</strong></span> <span class='ocrx_word' id='word_1_247' title='bbox 442 3759 667 3825; x_wconf 85' lang='lat' dir='ltr'><strong>l’ontiticalnm</strong></span> <span class='ocrx_word' id='word_1_248' title='bbox 697 3759 893 3835; x_wconf 83' lang='lat' dir='ltr'><strong>Romanum,</strong></span> <span class='ocrx_word' id='word_1_249' title='bbox 916 3763 984 3826; x_wconf 87' lang='lat' dir='ltr'><strong>sive</strong></span> <span class='ocrx_word' id='word_1_250' title='bbox 1014 3759 1195 3825; x_wconf 82' lang='lat' dir='ltr'><strong>Ecclesiam</strong></span> 
     </span>
     <span class='ocr_line' id='line_1_34' title="bbox 90 3845 1279 3941; baseline 0.001 -20"><span class='ocrx_word' id='word_1_251' title='bbox 90 3855 284 3922; x_wconf 76' lang='lat' dir='ltr'><strong>catholicam</strong></span> <span class='ocrx_word' id='word_1_252' title='bbox 313 3860 345 3922; x_wconf 94' lang='lat' dir='ltr'><strong>iu</strong></span> <span class='ocrx_word' id='word_1_253' title='bbox 366 3859 537 3923; x_wconf 86' lang='lat' dir='ltr'><strong>schismate</strong></span> <span class='ocrx_word' id='word_1_254' title='bbox 552 3860 592 3921; x_wconf 85' lang='lat' dir='ltr'><strong>ab</strong></span> <span class='ocrx_word' id='word_1_255' title='bbox 608 3877 646 3922; x_wconf 88' lang='lat' dir='ltr'><strong>eo</strong></span> <span class='ocrx_word' id='word_1_256' title='bbox 669 3845 816 3938; x_wconf 86' lang='lat' dir='ltr'><strong>tempore</strong></span> <span class='ocrx_word' id='word_1_257' title='bbox 837 3876 941 3941; x_wconf 89' lang='lat' dir='ltr'><strong>usquc</strong></span> <span class='ocrx_word' id='word_1_258' title='bbox 962 3861 1027 3924; x_wconf 89' lang='lat' dir='ltr'><strong>hnc</strong></span> <span class='ocrx_word' id='word_1_259' title='bbox 1048 3848 1193 3934; x_wconf 68' lang='lat' dir='ltr'><strong>versaris</strong></span> <span class='ocrx_word' id='word_1_260' title='bbox 1277 3868 1279 3870; x_wconf 80' lang='grc'><strong>’</strong></span> 
     </span>
     <span class='ocr_line' id='line_1_35' title="bbox 89 3959 1194 4041; baseline 0.004 -23"><span class='ocrx_word' id='word_1_261' title='bbox 89 3966 178 4022; x_wconf 80' lang='lat' dir='ltr'><strong>etex</strong></span> <span class='ocrx_word' id='word_1_262' title='bbox 200 3959 349 4035; x_wconf 83' lang='lat' dir='ltr'><strong>adverso,</strong></span> <span class='ocrx_word' id='word_1_263' title='bbox 374 3962 472 4024; x_wconf 91' lang='lat' dir='ltr'><strong>trium</strong></span> <span class='ocrx_word' id='word_1_264' title='bbox 488 3959 716 4041; x_wconf 89' lang='lat' dir='ltr'><strong>Capitnlornm</strong></span> <span class='ocrx_word' id='word_1_265' title='bbox 738 3959 921 4027; x_wconf 79' lang='lat' dir='ltr'><strong>defensores</strong></span> <span class='ocrx_word' id='word_1_266' title='bbox 944 3981 1053 4027; x_wconf 79' lang='lat' dir='ltr'><strong>ueram</strong></span> <span class='ocrx_word' id='word_1_267' title='bbox 1077 3959 1194 4026; x_wconf 89' lang='lat' dir='ltr'><strong>consti·</strong></span> 
     </span>
     <span class='ocr_line' id='line_1_36' title="bbox 90 4059 1196 4142; baseline 0.005 -21"><span class='ocrx_word' id='word_1_268' title='bbox 90 4065 179 4123; x_wconf 87' lang='lat' dir='ltr'><strong>tuere</strong></span> <span class='ocrx_word' id='word_1_269' title='bbox 201 4059 319 4128; x_wconf 84' lang='lat' dir='ltr'><strong>Christi</strong></span> <span class='ocrx_word' id='word_1_270' title='bbox 341 4061 543 4126; x_wconf 83' lang='lat' dir='ltr'><strong>Ecclesiama</strong></span> <span class='ocrx_word' id='word_1_271' title='bbox 566 4059 841 4142; x_wconf 84' lang='lat' dir='ltr'><strong>quemadmodum</strong></span> <span class='ocrx_word' id='word_1_272' title='bbox 863 4064 937 4129; x_wconf 93' lang='lat' dir='ltr'><strong>totis</strong></span> <span class='ocrx_word' id='word_1_273' title='bbox 959 4064 1084 4129; x_wconf 78' lang='lat' dir='ltr'><strong>viribus</strong></span> <span class='ocrx_word' id='word_1_274' title='bbox 1105 4061 1196 4127; x_wconf 89' lang='lat' dir='ltr'><strong>obte-</strong></span> 
     </span>
     <span class='ocr_line' id='line_1_37' title="bbox 90 4158 1197 4241; baseline 0.006 -22"><span class='ocrx_word' id='word_1_275' title='bbox 90 4158 256 4224; x_wconf 85' lang='lat' dir='ltr'><strong>alebantur</strong></span> <span class='ocrx_word' id='word_1_276' title='bbox 272 4168 347 4226; x_wconf 92' lang='lat' dir='ltr'><strong>tunc</strong></span> <span class='ocrx_word' id='word_1_277' title='bbox 368 4159 541 4226; x_wconf 79' lang='lat' dir='ltr'><strong>Facundus</strong></span> <span class='ocrx_word' id='word_1_278' title='bbox 556 4161 622 4241; x_wconf 86' lang='lat' dir='ltr'><strong>ipse</strong></span> <span class='ocrx_word' id='word_1_279' title='bbox 640 4167 673 4225; x_wconf 89' lang='lat' dir='ltr'><strong>et</strong></span> <span class='ocrx_word' id='word_1_280' title='bbox 693 4177 803 4226; x_wconf 90' lang='lat' dir='ltr'><strong>omncs</strong></span> <span class='ocrx_word' id='word_1_281' title='bbox 817 4181 892 4228; x_wconf 93' lang='lat' dir='ltr'><strong>cum</strong></span> <span class='ocrx_word' id='word_1_282' title='bbox 913 4181 953 4230; x_wconf 92' lang='lat' dir='ltr'><strong>co</strong></span> <span class='ocrx_word' id='word_1_283' title='bbox 968 4163 1137 4239; x_wconf 87' lang='lat' dir='ltr'><strong>loederati,</strong></span> <span class='ocrx_word' id='word_1_284' title='bbox 1163 4166 1197 4226; x_wconf 86' lang='lat' dir='ltr'><strong>el</strong></span> 
     </span>
     <span class='ocr_line' id='line_1_38' title="bbox 89 4259 1193 4349; baseline 0.006 -27"><span class='ocrx_word' id='word_1_285' title='bbox 89 4263 344 4331; x_wconf 86' lang='lat' dir='ltr'><strong>anathematizati</strong></span> <span class='ocrx_word' id='word_1_286' title='bbox 364 4263 405 4329; x_wconf 88' lang='lat' dir='ltr'><strong>ab</strong></span> <span class='ocrx_word' id='word_1_287' title='bbox 426 4265 493 4347; x_wconf 90' lang='lat' dir='ltr'><strong>ipsa</strong></span> <span class='ocrx_word' id='word_1_288' title='bbox 522 4265 633 4347; x_wconf 84' lang='lat' dir='ltr'><strong>quinta</strong></span> <span class='ocrx_word' id='word_1_289' title='bbox 655 4259 796 4348; x_wconf 79' lang='lat' dir='ltr'><strong>Synodo.</strong></span> <span class='ocrx_word' id='word_1_290' title='bbox 827 4262 871 4330; x_wconf 84' lang='lat' dir='ltr'><strong>Et</strong></span> <span class='ocrx_word' id='word_1_291' title='bbox 891 4267 965 4349; x_wconf 87' lang='lat' dir='ltr'><strong>quis</strong></span> <span class='ocrx_word' id='word_1_292' title='bbox 986 4267 1048 4334; x_wconf 94' lang='lat' dir='ltr'><strong>hoc</strong></span> <span class='ocrx_word' id='word_1_293' title='bbox 1073 4267 1193 4334; x_wconf 86' lang='lat' dir='ltr'><strong>audeat</strong></span> 
     </span>
    </p>
   </div>
   <div class='ocr_carea' id='block_1_3' title="bbox 0 0 1538 4950">
    <p class='ocr_par' dir='ltr' id='par_1_5' title="bbox 0 0 1538 4950">
     <span class='ocr_line' id='line_1_39' title="bbox 0 0 1538 4950; baseline 0 1"><span class='ocrx_word' id='word_1_294' title='bbox 0 0 1538 4950; x_wconf 95' lang='lat' dir='ltr'><strong> </strong></span> 
     </span>
    </p>
   </div>
  </div>
 </body>
</html>
