3048 4946
356 349 418 422 22l

353 458 571 539 stringeretur
590 453 843 540 Capitulorum3
870 456 1033 540 cumiani
1052 458 1159 534 antea,
1180 455 1338 538 inquiens,
1358 473 1439 538 man

355 556 445 622 Petri
468 558 662 626 Cathedram
683 559 906 634 adscenderet,
928 565 1053 624 semota
1074 557 1259 624 iustiniano
1277 559 1442 622 consentio
1502 621 1503 624 ,

354 675 396 722 ne
418 659 514 733 iacta,
535 660 747 742 spoponderit
767 678 803 726 sc
824 657 1052 729 Pontificatum
1072 658 1239 739 adeptum,
1260 677 1298 724 ca
1313 657 1442 738 capitula

357 759 603 838 damnaturum,
618 761 853 842 acephalorum
867 767 976 838 partes
991 760 1211 840 complexum,
1228 759 1362 824 Consilii
1374 759 1444 822 chal
1502 769 1503 792 ³

356 860 542 925 ccdouensis
563 862 684 926 abolita
705 861 911 927 definitione:
928 883 945 922 s
961 860 1044 928 Nam
1065 859 1188 938 dudan,
1210 859 1293 926 idest
1314 857 1442 939 vigilius,

357 962 463 1041 fnqnit
484 960 670 1039 Facundus,
692 966 808 1028 amerit
821 963 908 1043 quod
931 963 1050 1026 insitus
1070 961 1154 1026 illud
1176 961 1352 1042 protulerit
1370 958 1445 1024 indi·

355 1073 476 1128 catum.
494 1061 561 1128 Nos
576 1072 688 1129 contra
712 1065 943 1144 respondemus
964 1064 1051 1145 quod
1068 1063 1157 1128 nitro
1172 1081 1231 1143 per
1243 1063 1444 1136 ambitionem,

355 1163 590 1244 pollicitatione
605 1163 702 1240 iacta,
724 1165 910 1245 peccaverit
920 1185 932 1246 3
948 1183 1006 1230 uec
1029 1165 1097 1228 ulla
1117 1165 1312 1230 sustinuerit
1327 1173 1446 1228 tornes-

356 1272 401 1342 ta,
424 1264 694 1345 quibuscessisse
714 1266 916 1331 credatur.»

439 1363 491 1428 Ex
514 1366 574 1428 bac
595 1381 698 1445 porro
718 1363 862 1432 Facundi
885 1369 1115 1432 contestatione
1136 1365 1263 1446 gladius
1284 1365 1387 1445 biceps
1404 1381 1446 1428 nc
1502 1365 1503 1434 i

356 1465 405 1528 his
425 1465 565 1531 oilertur
584 1467 624 1530 ad
647 1468 743 1534 unius
764 1475 797 1531 et
817 1469 960 1536 aliorum
987 1466 1177 1534 refutandos
1195 1475 1334 1532 conatus
1352 1467 1447 1529 adscr-

355 1585 412 1630 sus
428 1563 595 1646 vigilium,
610 1585 649 1632 ac
668 1567 767 1640 simpl
788 1575 923 1632 cunctos
938 1568 1093 1634 mendacii
1114 1568 1348 1632 insimulandos
1368 1568 1446 1632 triam

356 1665 583 1746 Capitnlornm
606 1675 771 1748 patronos.
790 1667 968 1734 Facundus
981 1669 1112 1750 quidem
1134 1669 1259 1748 primus
1274 1667 1445 1742 conteritur,

358 1765 513 1850 vigilium
535 1771 723 1838 insimulans
747 1771 787 1836 ds
809 1772 957 1848 simonia,
979 1771 1019 1836 de
1041 1772 1177 1848 haeresi,
1203 1772 1368 1851 animique
1385 1767 1446 1832 leri·
1502 1775 1503 1784 ’

356 1878 440 1950 tate;
456 1889 531 1936 cnut
546 1871 587 1936 ab
610 1872 658 1936 lais
673 1871 863 1936 criminibus
878 1873 1053 1936 immunem
1069 1871 1219 1936 enuntiem
1235 1874 1384 1950 superins
1396 1867 1446 1930 riu·

356 1971 536 2038 dicavimus
555 1991 599 2040 ex
621 1973 886 2053 praeclarissimis
919 1974 1107 2040 testimoniis
1126 1992 1167 2039 ac
1190 1973 1339 2054 penninis
1364 1971 1444 2052 ipsias

356 2072 466 2153 Papae
498 2073 765 2140 obtestationibus
791 2075 947 2140 adversus
978 2075 1060 2138 tales
1090 2072 1269 2140 calumnias
1299 2069 1445 2156 speciatim

265 2203 268 2210 ·
356 2172 390 2238 in
412 2173 529 2238 ultimo
550 2172 735 2240 Constituto
764 2173 869 2250 editis,
891 2184 924 2240 et
948 2173 1111 2240 Ecclesiae
1142 2174 1321 2240 universali
1341 2169 1446 2252 capoti-
1502 2197 1503 2258 j

356 2273 408 2338 tis.
433 2273 584 2340 Aliorum
607 2281 719 2343 autem
738 2274 890 2340 similiter
905 2276 1138 2342 convelluntur
1157 2275 1309 2352 dicteria,
1334 2274 1397 2352 nni,
1417 2277 1446 2338 et
1502 2287 1503 2352 t

357 2373 497 2445 incuntis
518 2374 706 2452 illuderent,
722 2375 941 2456 propriaeque
961 2376 1158 2458 pertinaciae
1176 2379 1340 2444 servirent
1358 2380 1387 2442 in
1399 2373 1444 2440 tls·

357 2474 540 2556 pitulornm
562 2473 771 2554 defensione,
794 2476 905 2540 mitius
927 2493 1002 2556 erga
1026 2473 1178 2558 vigilium
1199 2496 1236 2542 se
1265 2478 1445 2550 exhibentes,

333 2584 395 2670 'et
414 2593 514 2656 super
542 2575 764 2654 lastinianum·
783 2584 814 2640 et
838 2578 1005 2658 episcopos
1034 2578 1207 2644 orientales
1233 2580 1447 2644 committente
1502 2661 1503 2664 Ἴ

358 2676 503 2758 culpam,
520 2684 567 2742 tot
581 2679 814 2742 concinnarunt
839 2679 994 2744 falsitates
1009 2679 1049 2742 de
1070 2680 1221 2758 violenta,
1235 2698 1337 2761 qnam
1354 2677 1447 2744 subii·
1502 2665 1503 2714 t

357 2786 408 2844 sot
431 2777 593 2856 Pontifex,
624 2782 861 2862 persecutione,
888 2789 924 2844 nt
943 2781 985 2844 ab
1009 2799 1048 2846 eo
1069 2782 1281 2846 anathematis
1302 2782 1447 2846 decretu·

358 2885 605 2962 extorquerent.
628 2881 747 2956 Contra
769 2867 851 2962 onas
873 2887 941 2964 ipse
962 2882 1135 2962 Facundus
1156 2883 1288 2960 clamat,
1311 2895 1448 2948 commm-

359 2983 448 3046 titias
467 2985 596 3047 omnino
625 2990 779 3063 reputans
800 2984 958 3066 ejusmodi
989 2985 1199 3048 narrationes.
1231 2983 1273 3048 Et
1292 2987 1342 3050 cic
1359 2979 1446 3062 vigilii
1502 2997 1503 3040 t

360 3081 484 3158 lrostes,
506 3102 545 3148 ac
565 3083 741 3148 definitioni
764 3086 946 3150 resistentes
966 3083 1086 3170 Synodi
1101 3082 1140 3148 V.
1156 3077 1232 3150 cudi
1254 3080 1447 3150 diversimode

358 3185 531 3248 veritatem
553 3185 719 3265 impetant,
735 3203 774 3250 ac
794 3187 965 3250 contrariis
986 3187 1085 3252 armis
1099 3186 1333 3268 digladientur,
1350 3193 1445 3250 mutuo

360 3283 527 3350 feriuntur
548 3294 581 3350 et
602 3295 750 3365 pereunt.
1140 3355 1143 3362 ,

443 3384 584 3464 Octavo,
616 3389 743 3452 Auctor
771 3389 927 3468 epistolae
946 3389 1124 3469 legatariis,
1149 3388 1226 3453 dicit
1247 3387 1391 3454 diensem
1409 3401 1447 3448 ee
1502 3425 1503 3464 ,

362 3495 516 3571 torosque
537 3491 705 3570 episcopos
725 3490 899 3586 orientales
920 3508 995 3554 cnm
1016 3489 1200 3556 iustiniano
1221 3492 1387 3556 intendisse
1403 3502 1448 3568 pet

362 3592 463 3656 trium
485 3590 711 3673 Cupiuslorurn
733 3592 901 3657 anathema
924 3592 964 3655 ad
985 3592 1180 3656 solutionem
1200 3592 1320 3675 Synodi
1341 3591 1445 3660 chene

360 3691 522 3760 wsionensis.
557 3691 592 3756 ld
616 3699 724 3758 autem
754 3711 888 3773 prorsus
911 3693 1028 3756 iolcum
1059 3702 1116 3758 cst.
1142 3693 1191 3758 Ex
1221 3694 1362 3773 penninis
1380 3690 1445 3754 enin

365 3794 565 3859 documentis
586 3813 684 3876 supra
707 3794 821 3858 relatis
840 3803 976 3872 constat,
993 3814 1098 3876 nequa
1118 3796 1149 3858 in
1163 3793 1327 3870 tunicato,
1343 3790 1446 3856 meede

365 3896 439 3961 inde
461 3897 492 3958 iu
512 3895 642 3982 synodo
663 3897 883 3970 oecumenica,
900 3897 953 3960 cni
976 3881 1114 3962 manime
1137 3915 1328 3976 praecorum
1348 3887 1445 3958 entisti

259 3994 261 3998 ’
365 4008 435 4062 tnm
457 4015 533 4076 pare
552 3995 685 4072 adstitit,
709 3996 794 4060 isaud
819 4016 960 4076 unquam
983 3998 1068 4064 istud
1092 3997 1243 4072 voluisse,
1266 4015 1324 4060 nec
1341 3995 1377 4058 ad
1397 3993 1443 4054 loc
1502 3975 1503 4000 ¹

365 4101 421 4160 cos
450 4097 657 4172 convenisse,
687 4096 759 4159 tldci
787 4096 921 4162 Consilii
956 4099 1216 4164 chalcedonensis
1246 4098 1443 4178 derogaturos

365 4196 493 4280 Quippe
514 4215 588 4264 cnm
605 4196 721 4279 vigilio
742 4199 918 4266 concordes
939 4199 1079 4266 Orientis
1101 4208 1133 4266 et
1146 4199 1328 4266 Occidentis
1345 4195 1444 4277 cpisco-
