3028 4942
344 489 399 552 sed
422 506 478 552 uos
498 489 657 571 simplices
679 490 821 554 hominos
843 509 905 553 nou
927 507 1019 572 posse
1034 489 1224 571 intelligere,
1240 505 1323 570 quae
1338 488 1438 553 dicun·

344 599 412 654 tur:
434 598 478 668 ets,
500 609 567 672 quo
586 610 681 656 sensu
703 593 734 654 in
756 593 868 656 bonam
893 599 1014 671 partem
1037 594 1137 671 accipi
1159 591 1296 654 dcbeaul
1320 609 1440 671 persua·

344 693 422 756 dere
442 701 579 758 conatur
599 693 789 776 (Didymus).
812 693 882 758 Hoc
901 693 1072 758 dumtaxat
1098 695 1138 757 de
1168 692 1250 756 Filio
1277 702 1308 756 et
1329 691 1440 771 Spiritu

344 792 471 858 Sancto.
495 793 645 858 Ceterum
664 796 697 855 iu
717 794 787 856 aliis
802 794 1016 874 dogmatibus,
1033 805 1064 857 et
1080 794 1237 858 Eusebius
1252 803 1283 856 et
1295 792 1441 873 Didymus

343 895 542 975 apertissime
562 899 594 960 iu
614 894 761 976 Origenis
781 899 858 960 scita
881 898 1080 977 concedunt;
1103 906 1133 959 el
1154 897 1239 976 quod
1267 913 1375 957 omnes
1396 913 1441 956 ec·

345 997 463 1060 clasiae
484 998 669 1079 reprobant,
692 1000 849 1061 catholice
870 1007 902 1060 et
923 1001 973 1077 pie
994 1000 1117 1063 dicium
1138 1019 1206 1064 csse
1232 998 1439 1061 detendunt.»

424 1097 468 1162 Ei
487 1100 650 1180 quomodo
673 1099 859 1180 Pamphilus
883 1108 914 1162 et
936 1099 1096 1174 Eusebius
1117 1110 1149 1165 el
1170 1098 1325 1182 Didymus
1345 1099 1395 1178 pie
1414 1103 1443 1160 et

344 1198 502 1263 catholice
517 1201 614 1274 dicta,
637 1198 785 1280 Origeuis
800 1199 947 1279 dogmata
970 1201 1139 1262 admittere
1154 1217 1192 1264 ae
1213 1201 1307 1262 iateri
1330 1198 1442 1279 potuis·

344 1307 433 1377 sent,
455 1303 482 1364 si
504 1301 535 1363 iu
557 1299 744 1384 huiusmodi
775 1301 953 1381 impietates
973 1302 1013 1364 de
1034 1300 1211 1376 Trinitate,
1235 1303 1275 1362 de
1296 1299 1441 1380 reprobo

345 1419 419 1466 rum
435 1403 544 1482 poenis
566 1405 596 1466 iu
612 1403 716 1466 altero
731 1404 855 1478 seculo,
874 1404 913 1466 de
928 1404 1207 1485 metempsychosi,
1223 1404 1263 1466 de
1283 1402 1442 1465 animabus

344 1523 363 1566 e
384 1505 477 1570 coelo
497 1505 646 1586 delapsis,
669 1506 708 1568 do
729 1513 843 1569 natura
860 1507 1025 1570 bominum
1047 1515 1080 1568 ei
1099 1506 1288 1586 angelornm
1312 1505 1442 1568 vicissim

346 1607 498 1674 mutanda
519 1617 551 1670 et
572 1607 611 1671 de
632 1608 747 1671 ceteris
777 1608 874 1690 hujus
896 1609 1039 1688 generis,
1071 1608 1180 1687 lapsus
1202 1606 1315 1670 inisset
1336 1604 1442 1686 Orige-

347 1705 434 1772 nes?
455 1707 486 1772 Si
508 1708 566 1789 ipsi
587 1709 617 1770 iu
638 1707 786 1788 Origenis
817 1711 981 1790 opiniones
1003 1709 1200 1788 apertissime
1221 1707 1442 1781 concesserint,

347 1810 495 1890 protecto
510 1809 650 1875 absurda
670 1812 785 1877 similia
807 1811 968 1890 complexi
984 1810 1126 1872 inissent.
1143 1808 1185 1872 Et
1208 1810 1270 1874 hoc
1291 1807 1442 1891 Hierony·

346 1927 401 1974 mo
415 1911 616 1989 probandum
631 1921 714 1986 erat,
736 1919 833 1991 alque
857 1930 898 1974 ex
922 1911 1012 1973 libris
1030 1910 1251 1990 praelatorum
1276 1917 1443 1974 auctorum

346 2011 526 2093 adaequata
559 2012 750 2092 proferenda
781 2014 982 2089 testimonia,
1005 2013 1122 2092 quibus
1145 2013 1223 2076 tales
1247 2030 1379 2076 errores
1405 2010 1440 2074 ab

344 2113 420 2196 ipsis
440 2121 587 2194 acceptos
607 2121 705 2194 atque
727 2122 812 2179 ralos
835 2115 931 2178 luisse
952 2123 1123 2178 constaret.
1145 2113 1268 2179 Verum
1291 2113 1355 2178 boc
1375 2131 1443 2194 pro·

346 2215 424 2278 batn
445 2216 521 2278 satis
542 2216 681 2279 arduum
698 2223 755 2279 esi.

425 2313 552 2379 Etenim
567 2333 639 2382 cnm
657 2317 812 2400 Didymus
827 2337 867 2381 ex
884 2317 1070 2402 Hieronymi
1084 2319 1277 2382 auctoritate
1293 2317 1380 2383 baud
1397 2333 1444 2378 ne·

344 2423 409 2496 get,
435 2417 606 2498 Origenem
630 2418 825 2483 Periurchon
845 2431 1011 2484 auctorem
1034 2440 1114 2498 esse,
1138 2439 1204 2483 aon
1223 2419 1379 2499 scriptum
1398 2438 1444 2481 ae·

343 2535 441 2597 pam,
461 2519 514 2581 sed
541 2541 665 2584 sensum
687 2522 852 2586 scribentis
872 2523 1059 2596 adimarum
1074 2523 1236 2603 quomodo
1261 2521 1332 2586 fieri
1347 2528 1445 2603 potest

345 2621 449 2701 ipsum
466 2619 638 2709 Didymutn
657 2643 711 2688 eos
732 2625 832 2688 libros
846 2634 1038 2701 scrutatum,
1061 2642 1166 2704 aequo
1180 2629 1287 2688 auimo
1304 2626 1445 2688 tolleres·
1508 2639 1509 2708 y

346 2742 382 2788 se
403 2743 444 2786 ex
464 2723 611 2806 Origeuis
633 2745 690 2790 ore
712 2727 940 2807 blasphemium
963 2729 1071 2808 (quam
1094 2725 1310 2808 Hieronymus
1331 2729 1398 2808 ipsa
1417 2729 1445 2788 el

345 2823 544 2905 Theophilus
564 2829 593 2889 ei
615 2828 802 2908 inscribunt)
826 2827 948 2892 Filiam
968 2831 1089 2893 scilieet
1108 2829 1214 2908 quoad
1238 2828 1369 2892 Patrem
1388 2843 1446 2890 cerr

343 2923 570 3007 {mapinmicm
582 2928 756 3008 ueriiaiamy
768 2949 825 2994 seu
836 2931 919 3011 quod
926 2927 1031 2993 Filius
1040 2929 1130 2994 cobis
1140 2938 1341 3011 comparatas
1350 2929 1394 2993 sit
1403 2945 1447 2990 ce-

344 3024 439 3100 ritas,
463 3027 556 3092 Patri
575 3031 730 3105 conlatus,
753 3030 969 3095 menducium:
992 3041 1025 3096 el
1045 3051 1160 3098 rursus
1173 3040 1328 3114 quantum
1351 3031 1447 3114 differt
1508 3053 1509 3066 ¹

345 3128 471 3192 Paulus
491 3140 519 3193 st
538 3130 652 3195 Petrus
672 3154 693 3196 a
713 3131 887 3211 Sulcatorc,
909 3143 997 3198 tacto
1023 3131 1171 3200 Salvator
1193 3134 1301 3198 minor
1320 3145 1367 3199 cei
1390 3134 1446 3199 Po·

345 3231 418 3297 ire'?
439 3231 511 3308 Qua
534 3236 656 3298 ralione
680 3239 824 3300 assentiri
854 3237 996 3316 potuerit
1018 3235 1172 3320 Didymus
1195 3237 1252 3300 bos
1275 3238 1445 3318 transigens

344 3353 520 3411 sermones,
542 3337 620 3415 quin
641 3336 811 3402 falsitatem
833 3338 1123 3417 comprehenderit,
1141 3355 1180 3401 ac
1194 3333 1447 3419 blasphemiam?

347 3437 404 3500 ille
427 3439 507 3517 ipse,
530 3455 625 3517 quem
648 3439 724 3501 dicit
745 3438 960 3521 Hieronymus
991 3439 1149 3504 catholice
1168 3441 1302 3506 sensisse
1322 3441 1447 3518 indug-

347 3550 433 3602 matc
453 3538 493 3599 dc
515 3536 671 3602 Trinitate
682 3561 693 3619 3
716 3548 748 3603 et
763 3540 856 3615 adeo,
879 3549 916 3604 ut
936 3559 977 3603 ex
999 3559 1102 3622 usqua
1117 3541 1212 3604 modo
1225 3541 1447 3623 superstitibus

349 3643 447 3721 ipsius
469 3642 559 3704 libris
582 3642 670 3706 clare
690 3643 753 3705 boc
773 3649 974 3725 compertum
995 3641 1063 3708 sit?
1092 3641 1125 3706 lu
1149 3642 1246 3707 Libro
1266 3661 1406 3724 namque
1425 3638 1447 3702 1.

347 3762 374 3804 c.
400 3740 468 3805 XV.
494 3743 539 3806 De
561 3742 717 3808 Trinitale
738 3744 862 3824 iuquit:
881 3743 1001 3808 «Sicut
1023 3763 1155 3824 maguus
1177 3752 1225 3808 esi
1245 3745 1355 3822 Pater,
1378 3761 1447 3809 cum

345 3845 386 3904 ob
401 3845 476 3919 alia,
500 3853 568 3909 tum
584 3846 679 3908 etiam
700 3847 775 3926 quia
797 3847 887 3908 novit
903 3842 1021 3908 Filium
1031 3849 1099 3926 3'ita
1124 3845 1226 3910 Filius
1240 3866 1374 3929 qnoque
1388 3863 1449 3908 ma·

346 3961 428 4023 graus
450 3954 497 4008 est
519 3965 559 4010 ex
580 3965 619 4009 eo
640 3948 748 4021 etiam,
772 3946 857 4026 quod
880 3953 1051 4025 cognoscat
1066 3946 1215 4013 Patrem:
1238 3947 1447 4027 similiterque

344 4044 485 4124 Spiritus
500 4044 644 4110 Sanctus.
661 4066 678 4104 a
695 4046 774 4110 ltem
789 4049 820 4108 in
836 4044 932 4109 Libro
948 4045 987 4109 ll.
1005 4065 1033 4110 c.
1051 4045 1104 4111 Vl.
1121 4069 1137 4108 «
1152 4047 1354 4125 Quum-vero
1370 4045 1449 4112 Scri·

344 4152 441 4227 ptura
463 4165 567 4226 neque
581 4148 718 4228 Spiritus
739 4147 844 4212 Sancti
866 4149 991 4212 initium
1005 4168 1074 4214 esse
1095 4150 1192 4226 dicat,
1213 4151 1269 4214 sad
1290 4151 1382 4215 illum
1397 4167 1445 4213 ce·

345 4247 450 4312 lebret
472 4257 508 4312 ut
527 4247 681 4332 Spiritum
719 4250 777 4318 Dei
798 4260 830 4316 el
851 4270 891 4316 ex
914 4247 982 4317 Dec
1009 4261 1041 4316 et
1061 4251 1205 4322 divinum
1228 4261 1261 4320 et
1280 4261 1445 4332 sanctuni
