2994 4938
329 469 415 528 ctera
437 461 532 526 fidem
552 468 586 528 et
615 460 785 528 duodecim
806 463 949 546 capitula
977 464 1077 530 sancti
1098 461 1213 549 Cyrilli
1245 462 1422 540 lenierunt,

329 565 458 630 abunde
471 582 562 646 posse
582 563 754 630 sufficere:
770 565 890 646 quippe
910 566 988 630 dum
1009 569 1043 631 iu
1056 564 1241 631 Constituto
1261 575 1367 630 uestro
1383 581 1424 628 su·

329 666 441 746 perias
460 665 625 745 designato
646 665 748 746 poscit
765 665 937 746 diligenter
957 668 1103 747 agnosci,
1125 671 1200 748 quie
1222 667 1254 730 in
1274 669 1340 749 ipsa
1365 665 1426 729 dei·

329 766 449 828 uitione
472 764 556 839 fidei,
579 783 676 846 quem
697 768 796 828 sancti
818 765 1078 832 chalcedonensis
1102 766 1235 832 Concilii
1263 767 1427 832 secerdote

246 875 257 896 ⁶
328 868 507 931 secuudum
529 868 759 946 praecedentes
781 885 852 932 eem
876 875 940 932 tres
960 870 1041 934 alius
1061 877 1186 933 sanctas
1206 868 1349 952 Synodue
1367 886 1428 947 pro·

330 968 492 1043 tulerunt,
508 985 570 1062 non
582 967 704 1048 aliquid
720 970 1005 1044 mutareruut‚sed
1019 968 1189 1034 laudantes
1202 972 1320 1047 omnle,
1332 985 1428 1050 quaet

250 1123 254 1132 .
327 1067 551 1149 superioribus
565 1079 637 1133 acte
657 1078 745 1146 suut,
766 1075 877 1134 saneta
891 1069 1076 1134 defiuitione
1094 1089 1154 1134 sue
1172 1079 1330 1152 perpetuo
1348 1069 1428 1132 rollo·

328 1189 366 1236 re
387 1171 610 1236 firmaverunt.

410 1270 562 1334 «Tamen
583 1271 610 1334 el
632 1276 704 1352 post
725 1271 806 1335 haec
826 1271 943 1354 aliquis
960 1271 1058 1354 (quod
1080 1291 1143 1336 nou
1164 1271 1338 1348 eredimus)
1357 1269 1431 1334 dulei·

328 1380 401 1438 tere
424 1373 579 1448 voluerit,
603 1372 775 1435 hortemur
790 1382 827 1437 ut
847 1391 923 1436 cum
945 1382 1020 1438 tuae
1043 1374 1254 1438 fraternitatis
1275 1373 1430 1436 ordinatio

327 1473 429 1538 need
445 1490 502 1538 nos
524 1476 633 1538 venire
649 1473 789 1550 festinet,
804 1484 965 1554 quatenus
979 1474 1087 1540 lucide
1106 1475 1324 1538 admonitione
1337 1487 1433 1550 cogno

327 1582 408 1650 auat,
424 1575 542 1650 omnia,
559 1593 643 1654 quae
658 1576 864 1640 decessorum
880 1587 1080 1650 nostrorum,
1095 1585 1128 1641 et
1141 1576 1355 1638 antelaturum
1369 1589 1432 1654 que·

329 1679 409 1740 tuor
423 1673 627 1759 synodorum
648 1685 723 1741 suut
737 1678 777 1742 de
792 1695 854 1742 unu
871 1677 982 1740 cedam
998 1678 1060 1742 lide
1077 1685 1150 1742 aete
1168 1678 1353 1756 scriptaque
1371 1681 1432 1735 ten·

327 1776 484 1857 poribus,
507 1795 524 1839 a
548 1779 637 1842 uoltis
669 1779 903 1842 iuviolabiliter
924 1779 1022 1844 luisse
1052 1787 1194 1843 serrata.
1223 1775 1297 1854 Que
1328 1776 1431 1838 ratione

326 1875 502 1960 percepta,
529 1879 677 1956 subiato,
706 1879 790 1945 elcut
811 1887 960 1961 oportet,
983 1880 1022 1944 de
1043 1879 1314 1944 christianissimis
1337 1875 1431 1939 eniuie

327 1979 492 2057 scandalo,
509 1997 572 2060 pua
595 1978 662 2044 Deo
677 1980 794 2059 placite
817 1983 848 2044 in
870 1981 941 2062 ejus
964 1979 1107 2046 Ecclesia
1134 1981 1257 2044 illibata
1282 1979 1428 2058 perduret

327 2078 400 2145 Eoo
420 2099 553 2162 quoque
584 2081 818 2146 fraternitatem
841 2090 930 2145 tuam
954 2082 1117 2144 credimus
1142 2077 1384 2152 adhortandam,
1400 2090 1430 2136 ue
1491 2101 1492 2160 p

322 2179 469 2248 ‚ulterius
490 2184 733 2268 praedictorum
755 2182 879 2248 Rustici
894 2189 927 2246 el
947 2181 1124 2250 sebastiam
1143 2189 1204 2245 eut
1224 2182 1370 2255 illorum,
1388 2175 1431 2256 uni
1491 2183 1492 2240 l

325 2301 448 2365 prauae
463 2303 579 2348 eorum
595 2285 865 2366 praesumptionis
886 2284 1069 2364 probantur
1081 2303 1151 2348 esse
1173 2284 1357 2364 participet,
1369 2279 1431 2342 acri·

326 2392 381 2465 pte
401 2385 576 2466 suscipiete
609 2385 663 2450 sed
686 2393 719 2450 et
740 2387 909 2450 universos
930 2386 968 2448 ud
993 2393 1082 2449 tuum
1105 2386 1304 2466 pertinentes
1323 2381 1431 2445 ordior·

329 2487 448 2548 tioucm
469 2504 688 2563 commoneas,
710 2504 748 2550 ue
772 2486 822 2549 aei
846 2488 905 2565 ipsi
926 2504 943 2547 a
966 2487 1139 2567 praedictis
1162 2484 1310 2564 relegant
1329 2475 1430 2562 aliquid

327 2585 545 2667 destinatum3
562 2588 612 2650 vel
636 2587 767 2652 laleiteti
784 2605 899 2652 eorum
922 2589 1061 2652 ulterius
1082 2587 1226 2650 animum
1240 2603 1322 2650 suae
1336 2580 1431 2646 credo

326 2684 427 2750 litatis
448 2687 700 2752 accommodent.
722 2685 809 2752 Deus
826 2697 856 2752 te
869 2690 1066 2754 incolumem
1081 2687 1254 2760 custodiat,
1280 2686 1376 2747 irater
1392 2695 1432 2740 ce·

327 2788 463 2852 rissirue.
487 2788 567 2852 liuta
589 2787 659 2852 XV.
673 2787 837 2858 Kalendae
859 2789 980 2869 duritie
1002 2787 1133 2872 lmperii
1158 2786 1279 2851 domiui
1300 2782 1431 2850 Juatiuie·
1490 2839 1491 2870 Ξ

328 2889 361 2952 ni
383 2891 531 2970 perpetui
554 2889 694 2972 Augusti
716 2908 767 2953 eu.
787 2887 838 2958 24.
861 2899 922 2956 etc.
945 2911 963 2950 s
1490 2883 1491 2902 ³

407 2988 476 3054 Nec
509 2992 616 3056 adhuc
647 2995 784 3056 cessavit
809 2991 917 3073 vigilii
945 2989 1135 3056 sollicitudo
1165 2988 1324 3054 aduersus
1350 2985 1429 3048 taleas

327 3086 470 3156 Iudicati
497 3092 777 3173 interpretationes
799 3112 840 3158 ex
866 3094 1007 3158 duorum
1030 3093 1240 3156 diaconorum
1262 3089 1376 3154 studio.
1399 3082 1431 3146 Et

327 3192 355 3254 ei
376 3193 461 3254 euim
482 3193 532 3256 isti
554 3193 698 3275 nudique
719 3193 902 3270 calumniis,
930 3211 1112 3273 eorumque
1134 3189 1345 3254 ireuduleato
1363 3185 1431 3250 eale·

326 3309 382 3356 mo
405 3292 511 3373 Papae
530 3313 642 3360 seusus
671 3303 895 3376 perverterent
918 3297 949 3360 in
971 3293 1115 3358 Romani·
1138 3291 1347 3356 Pontificatus
1373 3305 1432 3368 pro·

329 3391 449 3458 hrum:
472 3413 531 3458 nac
552 3395 686 3475 ipsemet
711 3403 817 3460 lamen
839 3395 990 3460 Pontilex
1011 3395 1131 3458 destitit
1151 3411 1169 3456 a
1192 3393 1368 3474 proposito,
1387 3401 1432 3448 nee
1489 3411 1490 3500 p

328 3494 435 3559 multo
457 3497 561 3559 miuus
582 3495 743 3573 destruit,
774 3515 858 3577 quaa
879 3505 972 3560 antee
995 3494 1192 3560 aedificaret.
1223 3493 1316 3559 Sicut
1337 3489 1432 3554 Petrus

327 3592 510 3675 Apostolus
529 3594 639 3660 tideles
660 3613 867 3676 summopere
890 3595 1051 3671 monebat,
1074 3613 1113 3658 ne
1132 3595 1171 3656 iis
1190 3591 1429 3675 acquiescerent,

330 3696 387 3774 qui
402 3696 526 3760 divinas
547 3693 731 3776 Scripturas
746 3696 964 3777 depravabant
988 3698 1018 3758 iu
1034 3695 1199 3776 propriam
1216 3695 1429 3776 perditionem,

325 3813 434 3878 nequo
453 3798 485 3861 in
506 3797 723 3878 insipientium
744 3817 890 3862 errorem
915 3798 1086 3864 traductis
1107 3813 1165 3860 eua
1188 3796 1340 3862 firmitate
1359 3787 1429 3854 erci-

328 3897 463 3962 derunt:
488 3899 531 3962 ite
556 3896 691 3978 vigilius
714 3897 896 3980 Principem
919 3897 1155 3978 Apostolorum
1177 3896 1332 3969 imitatus,
1348 3911 1365 3954 a
1379 3889 1431 3951 llo·

325 3999 401 4064 elici
425 4006 459 4062 et
485 3997 663 4064 Sebastiuui
698 3999 826 4079 scriptis
856 3997 1029 4062 amovebat
1057 3997 1284 4076 episcoporum
1307 3993 1431 4056 estune:

329 4117 432 4181 quum
452 4101 631 4166 ecltiemetie
653 4100 833 4166 iueeutorcs
855 4103 886 4164 ln
907 4100 1073 4181 propriam
1091 4106 1123 4164 el
1137 4099 1278 4161 alierum
1299 4089 1430 4177 perditio

328 4217 401 4278 nem
424 4202 523 4282 ipsius
545 4198 708 4271 Pontidcie
731 4209 869 4270 montem
891 4203 923 4268 in
944 4199 1098 4266 iudicato
1119 4196 1332 4274 mauiieetaen,
1352 4185 1430 4270 impie
1488 4191 1489 4222 ¹
