3066 4950
216 351 410 454 ,sss

430 454 479 520 dc
500 453 641 530 interim,
658 460 693 518 ut
709 469 794 533 quae
814 451 982 536 praetatus
1002 467 1090 528 som,
1105 457 1175 516 rata
1198 451 1387 534 humantur,
1406 450 1444 513 ir·

350 560 409 626 otis
430 557 694 638 comprobentur.
710 553 825 620 Victor
852 556 1040 620 tununensis
1056 555 1087 616 iu
1100 552 1262 620 Cbronico
1276 553 1341 617 sits
1357 550 1446 635 «Spi-

350 659 459 724 rerius
481 657 646 721 Romanus
667 655 768 720 exilio
790 655 951 736 mittitur3
976 664 1009 720 et
1030 674 1091 737 pro
1112 675 1151 720 eo
1174 653 1310 736 vigilius
1330 653 1446 720 ordina·

351 767 427 824 tur=
450 777 468 822 a
490 777 556 838 quo
577 755 747 820 Theodora
780 765 957 821 memorate
988 765 1138 838 auguste,
1162 758 1352 838 prinsquam
1372 751 1446 818 ordi·

347 867 495 936 curetur,
511 859 643 922 occuito
659 857 876 940 chirographo
903 860 1028 936 clicuit,
1044 868 1080 924 ut
1093 857 1177 938 Papa
1192 859 1329 922 effectus
1344 856 1374 918 in
1388 871 1447 936 per·

348 961 515 1026 secutione
535 959 653 1040 Spoodi
674 959 935 1026 chalcedonensis
952 963 1014 1028 tria
1029 961 1172 1043 capituia
1187 958 1445 1024 condemnaret·

428 1059 549 1124 Temen
570 1079 644 1125 cunr
665 1061 1153 1144 Constantinopolim-pergeret
1167 1058 1306 1142 Vipiiios
1329 1077 1386 1141 per
1405 1058 1448 1120 lit·

348 1169 436 1226 teras
450 1161 490 1225 sd
508 1161 656 1226 biennum
678 1163 781 1240 dotas,
799 1165 896 1227 trium
912 1162 1140 1245 Capituiornm
1156 1163 1393 1226 demersionem
1406 1179 1447 1224 re-

347 1263 531 1345 probcodit,
553 1263 702 1327 eumdem
717 1263 866 1329 biennum
883 1275 916 1328 et
929 1267 1035 1330 socios
1049 1283 1067 1329 a
1082 1265 1312 1330 communione
1331 1279 1449 1342 susem

313 1435 318 1443 ,
346 1365 393 1429 dit
412 1366 498 1429 circa
520 1383 572 1428 au.
591 1363 661 1437 5st.
679 1365 720 1433 Et
741 1374 813 1445 post
834 1384 957 1430 menses
981 1365 1127 1447 quinque
1147 1364 1343 1430 Theodorae
1362 1379 1449 1444 aupu·

346 1473 416 1530 stoc
439 1475 568 1546 rogatu,
592 1465 720 1528 cosdem
741 1467 782 1528 ud
804 1468 1064 1530 communionem
1088 1467 1230 1530 restituit
1250 1465 1353 1546 Papa.

430 1563 510 1630 item
532 1567 562 1629 in
584 1562 765 1630 Coiietiooc
789 1563 861 1630 vlt.
886 1567 982 1648 juxto
1006 1567 1186 1644 preeiatam
1206 1566 1380 1631 editionem
1399 1563 1448 1628 seb

346 1683 397 1732 nu.
419 1664 469 1734 23-
493 1667 618 1747 imperii
644 1666 828 1744 iustiniani,
852 1667 972 1731 dicitnr
999 1669 1129 1749 jurasse
1161 1665 1247 1747 Papa
1271 1663 1447 1746 Vigffiosis

347 1769 525 1850 praeseutia
541 1765 704 1832 Theodori
717 1768 858 1849 episcopi
880 1767 1058 1836 Caesareae
1077 1787 1124 1832 se:
1143 1785 1239 1832 runo
1253 1768 1377 1842 auimo,
1397 1781 1449 1827 noa
1512 1797 1513 1800 ι

346 1869 527 1944 voluntate,
545 1869 606 1933 buc
623 1869 720 1945 veile,
737 1869 800 1936 boc
819 1871 944 1948 conari,
961 1873 1004 1934 ito
1025 1887 1124 1951 spero
1140 1878 1302 1951 quanto·
1316 1885 1446 1948 possen,

348 1976 387 2034 ut
403 1972 461 2034 ista
479 1974 539 2034 tria
552 1969 715 2052 capitote,
731 1971 814 2036 idest
826 1969 1018 2038 Theodorus
1033 1981 1280 2054 mopsuestenus
1293 1989 1369 2036 cnm
1381 1967 1447 2035 scri·
1512 1971 1513 2008 i

347 2072 413 2154 ptis
431 2071 511 2149 suis,
526 2079 559 2136 et
582 2071 738 2152 Epistola,
754 2090 841 2154 quae
860 2073 980 2138 dicitur
1000 2070 1089 2148 ibae,
1105 2080 1137 2138 et
1154 2071 1344 2154 Conscripta
1358 2069 1449 2134 Tbeu·

348 2172 454 2237 doreti
477 2183 588 2238 contra
611 2174 829 2238 orthodoxum
844 2173 938 2240 tidem
959 2181 1119 2239 utcontra
1140 2174 1314 2238 duodecim
1329 2171 1448 2253 Capitu-

347 2274 379 2336 ia
399 2293 426 2337 s.
450 2272 564 2358 Cpriiii
586 2273 683 2350 dicta,
705 2275 960 2340 condemnemur
980 2283 1012 2340 et
1032 2276 1350 2341 anathematizentur
1368 2282 1446 2340 etc.»

427 2374 577 2440 Attamen
592 2378 676 2440 circe
692 2393 811 2440 sunum
825 2374 876 2442 25.
893 2377 1034 2458 imperii,
1056 2378 1088 2440 iu
1101 2377 1166 2442 aiio
1178 2377 1315 2442 decreto
1328 2391 1448 2441 excom·

226 2507 227 2510 ι
347 2477 573 2542 mnnicdtioois
603 2479 760 2544 adversus
781 2476 991 2543 Theodorum
1013 2479 1192 2546 Caesareae
1219 2477 1446 2560 Cappadociae,

346 2579 439 2658 quasi
468 2580 633 2661 perjurus⁸
654 2578 739 2661 Peps
761 2580 873 2644 eedem
894 2581 1045 2662 Capituia
1073 2580 1227 2646 defendit.
1247 2578 1294 2644 Et
1313 2579 1357 2645 ob
1377 2580 1447 2642 bruc

345 2675 573 2758 Cepituiorom
589 2679 819 2757 defossionem,
838 2681 957 2746 ibidem
980 2683 1101 2746 dicitur
1121 2680 1234 2764 plures
1254 2698 1369 2762 passus
1387 2696 1447 2744 csso

345 2779 558 2844 contumelias
579 2789 611 2844 et
633 2781 830 2846 vexationes.
854 2780 1076 2859 Quamobrem
1092 2783 1180 2848 circu
1203 2781 1290 2846 istud
1302 2779 1447 2846 interrui-

344 2881 415 2948 lum
436 2881 499 2946 aiio
525 2883 662 2963 epistola
683 2883 817 2950 Ciericis
844 2883 957 2948 itoiiae
979 2883 1145 2965 iuscripta.
1166 2901 1205 2948 ac
1228 2885 1347 2966 legetis
1369 2882 1444 2948 ires·

344 3000 460 3047 corum
486 2983 798 3066 Constantinopolim
828 2979 1101 3068 proficiscentium
1122 2986 1198 3052 duta
1218 2994 1285 3066 cst;
1306 2985 1362 3050 ubi
1382 2981 1450 3063 ispi·

346 3093 401 3150 tor
421 3083 558 3166 Vipiiius
580 3088 732 3152 violentis
753 3095 845 3152 ectus
868 3088 991 3152 venisse
1013 3089 1045 3153 io
1068 3087 1188 3154 Urbem
1210 3089 1345 3170 regiam,
1360 3094 1393 3152 st
1409 3084 1446 3148 ibi

344 3194 477 3251 coactns
491 3187 718 3271 subscripsisse
734 3190 832 3254 trium
845 3187 1072 3270 Capitulorum
1092 3189 1302 3266 damnationi,
1315 3190 1446 3271 primunr

343 3297 456 3351 contra
487 3288 677 3368 obtestatus,
698 3290 879 3371 deindeque
900 3291 1087 3356 coercuisse
1099 3311 1113 3370 3
1134 3307 1173 3356 ac
1194 3290 1294 3372 panio
1315 3297 1387 3372 post
1404 3305 1447 3352 ro·
1512 3343 1513 3382 p

344 3394 499 3454 tractasse
519 3391 607 3470 quod
628 3393 823 3457 conciverat.
1512 3415 1513 3506 p

425 3487 506 3552 item
528 3492 614 3555 circa
641 3509 693 3555 sn.
716 3493 767 3559 st.
793 3493 968 3560 iustiniani
987 3494 1128 3575 imperii,
1154 3495 1312 3576 probante
1332 3490 1442 3572 vigilio
1512 3519 1513 3526 ι

340 3585 461 3672 Synodi
482 3590 710 3658 adunationem
740 3585 826 3661 eirea
854 3596 966 3660 eadem
994 3595 1158 3677 Capituia,
1184 3603 1290 3662 stsute
1309 3592 1441 3678 synodo.

338 3688 485 3769 eiusdem
508 3689 718 3774 Imperutoris
739 3704 967 3778 praesumptae
989 3697 1119 3762 litterae
1140 3703 1379 3778 repraesentant
1399 3689 1444 3753 Vi·

339 3788 455 3870 pilium
476 3788 583 3857 denuo
603 3796 635 3858 iu
659 3799 855 3861 contrariam
878 3804 1003 3878 partem
1026 3797 1283 3878 tantummono
1303 3792 1442 3874 cipitata
1512 3821 1513 3876 p

338 3888 587 3957 defendentem:
604 3915 621 3954 u
640 3892 805 3961 contrarie
825 3906 929 3960 cutem
949 3900 1057 3980 socios
1069 3905 1113 3962 est
1132 3918 1210 3962 ruer
1230 3894 1397 3968 coturnati,
1410 3912 1441 3954 θ’
1512 3889 1513 3904 ³

337 3990 520 4072 descedens,
540 4013 620 4076 quoe
641 3992 780 4061 Nestorii
801 4008 830 4062 et
852 3996 1003 4062 Tbcodorr'
1024 4017 1174 4080 sequaces
1193 3998 1330 4080 sopiunt.
1354 3996 1442 4061 Pras·

337 4099 420 4158 terso
439 4090 504 4176 ipse
524 4094 718 4178 semetipsum
747 4097 889 4164 aetenum
915 4097 1092 4165 Gotitoir'coe
1114 4098 1272 4164 Eccisrr'oe
1288 4096 1375 4182 serti,
1395 4097 1439 4158 dc·

335 4193 465 4273 [sudeus
481 4197 717 4279 praedictorum
743 4197 961 4284 captiuorum
982 4200 1170 4284 impietatem
1188 4210 1251 4270 etc.
1273 4221 1290 4262 s
