3042 4940
328 320 613 506 fflmsomooum
628 443 646 490 a
662 429 776 490 eontra
792 424 827 502 ii,
849 425 907 506 qui
927 424 1046 508 injuste
1065 421 1274 486 damnationis
1287 420 1363 502 passi
1374 419 1426 483 ine

331 534 406 590 rant
416 525 576 608 judicium
593 524 766 591 Flavianus
780 535 812 592 et
825 525 965 592 loannes
988 525 1250 611 chrysostomus,
1267 532 1336 604 post
1355 541 1424 588 une

332 633 399 692 tom
418 629 459 690 ab
480 629 547 708 ipsa
568 625 714 692 Eoelesia
736 627 876 692 restituti
897 636 995 692 eto.»

412 727 473 794 Sed
495 737 528 792 et
548 730 610 792 hoo
638 729 776 810 amplius
798 729 949 794 firmator
969 738 1002 794 et
1032 728 1219 792 illustratur
1238 725 1281 788 alt
1301 726 1361 804 ipat
1378 722 1424 788 ln·

333 829 460 894 atiniani
481 827 686 894 Conlessinne
698 852 710 910 3
742 833 798 896 ulti
818 849 919 913 prope
941 832 1037 894 linem
1059 833 1096 894 iis
1118 827 1289 908 respondet
1309 827 1425 906 putanti·
1495 837 1496 900 ζ

333 931 407 1008 hus,
431 950 494 995 non
518 942 673 1012 oportere
694 931 902 997 Theodorum
925 941 996 1014 post
1017 939 1155 995 mortem
1176 927 1426 1002 amthematirari,

331 1031 498 1113 inquiens:
513 1053 529 1092 e
546 1032 578 1097 Si
598 1052 675 1096 vero
696 1035 826 1114 quidam
843 1035 966 1110 dieunt,
983 1051 1046 1096 non
1067 1040 1221 1113 oportere
1245 1029 1427 1094 Theodorum
1495 1007 1496 1040 ¹

333 1141 407 1214 post
435 1141 573 1198 mortem
601 1136 887 1211 anathematizare,
921 1138 1023 1199 seiani
1043 1137 1099 1214 qni
1130 1135 1228 1198 taleas
1251 1133 1427 1196 haeretieun

333 1233 523 1311 detendunt,
545 1235 634 1315 qnod
663 1237 766 1299 omnia
789 1236 972 1300 haereticus
1001 1254 1107 1315 usque
1127 1235 1168 1298 sd
1196 1235 1292 1298 fiuent
1316 1235 1389 1294 ritas
1403 1233 1428 1292 in

333 1352 395 1399 auo
416 1352 532 1398 errore
563 1353 765 1414 permanens,
791 1336 879 1418 juste
911 1345 1072 1416 perpetuo
1106 1334 1302 1412 anathemati
1330 1339 1429 1411 etpost

332 1443 471 1518 mortem
493 1436 676 1518 subjicitur.
694 1436 735 1500 Et
757 1438 818 1502 hoe
839 1438 870 1499 lo
893 1437 1002 1500 moltis
1025 1437 1243 1500 haeretioiaet
1263 1434 1427 1515 antiquiori·

332 1535 395 1598 bus
416 1544 447 1597 et
469 1537 674 1614 propioribus
706 1536 827 1600 laetum
850 1547 909 1612 est,
934 1537 995 1599 hoo
1026 1549 1074 1600 est
1096 1535 1278 1610 Valentino,
1301 1532 1427 1602 Basilide,

333 1633 513 1711 Marcione,
539 1635 705 1710 Cerintho,
740 1636 943 1712 lllaniolaaeo,
977 1636 1137 1701 Eunomio
1158 1645 1191 1700 et
1222 1635 1356 1700 linense.
1375 1630 1429 1695 llot
1495 1681 1496 1728 t

333 1743 443 1800 antem
466 1736 551 1800 idem
572 1745 605 1798 et
625 1739 657 1800 iu
678 1734 850 1800 Theodoro
880 1737 1003 1802 laetum
1023 1745 1083 1813 est,
1106 1738 1191 1800 etin
1213 1738 1278 1798 rita
1299 1741 1426 1799 scemata

336 1845 370 1902 et
385 1844 457 1916 post
486 1847 622 1900 mortem
645 1840 915 1903 anathematizato
943 1856 962 1902 a
987 1840 1105 1902 sanctia
1126 1837 1277 1902 Patribus
1286 1857 1299 1917 3
1323 1835 1428 1917 pallas,

332 1937 361 2000 si
383 1937 516 2002 eredere
537 1939 702 2004 noluerint
725 1952 761 2004 ut
783 1941 936 2004 haeretiei
958 1940 1029 2021 ejus
1050 1940 1249 2016 defensores,
1267 1939 1318 2002 vel
1336 1938 1428 2018 inpiae

334 2033 513 2117 Epistulae,
535 2057 633 2118 qnam
647 2040 713 2120 ipsi
735 2039 923 2116 detendunt,
946 2041 1117 2104 credam»

414 2135 614 2204 lastinianus
630 2140 753 2221 itaque,
769 2159 844 2205 eum
859 2141 955 2224 plura
970 2141 1159 2206 disseruerit
1171 2140 1212 2204 de
1226 2139 1367 2224 synodali
1376 2155 1430 2201 san

333 2241 440 2306 stione
459 2240 615 2306 adversus
636 2242 696 2304 tria
717 2239 879 2322 Capitale,
896 2252 1025 2322 praeter
1047 2243 1141 2315 illud,
1157 2244 1246 2323 quod
1267 2260 1326 2306 neo
1343 2249 1427 2312 antea,

334 2360 394 2406 neo
406 2341 637 2422 tunetlrigeuis
649 2345 868 2423 quaestionem
880 2344 965 2409 dieat
977 2345 1127 2425 agitatam
1141 2345 1251 2420 luisse,
1264 2347 1337 2409 item
1347 2344 1374 2404 in
1383 2341 1429 2402 lot

332 2443 408 2507 loon
429 2445 605 2522 praeteriit.
628 2441 781 2508 Ceterum
801 2445 827 2507 si
851 2443 1031 2522 imperetur
1053 2453 1141 2508 tanto
1171 2444 1294 2522 studio,
1315 2444 1427 2518 relnque

334 2543 508 2608 obrutione
529 2543 707 2608 laborasset
727 2543 759 2607 in
779 2543 926 2624 Origenis
948 2545 1075 2626 prolsni
1095 2546 1138 2609 ets
1158 2553 1376 2626 praesumptos
1391 2559 1429 2602 er

333 2663 427 2709 rores
447 2645 723 2721 condemnatione,
745 2647 774 2708 ei
796 2647 948 2726 inscripto
969 2646 1009 2708 de
1029 2647 1090 2709 irae
1112 2666 1148 2709 re
1169 2643 1336 2720 Tractato,
1350 2659 1427 2724 quen

336 2743 377 2808 ad
395 2745 561 2827 episcopos
582 2744 708 2810 dissitos
731 2747 851 2809 misisse
866 2746 996 2822 dieitur,
1014 2755 1050 2810 ut
1064 2748 1260 2812 anathemati
1280 2743 1432 2810 semeriis·

334 2855 408 2910 rent
426 2844 586 2926 Oripeuis,
619 2845 891 2926 quemadmodum
923 2848 1138 2926 praetendunt
1169 2849 1262 2912 citati
1284 2843 1429 2910 Facundos

339 2955 373 3012 et
392 2945 577 3022 Liberatus,
599 2947 688 3009 nulla
712 2966 846 3027 prorsus
877 2949 999 3012 ratione
1021 2949 1052 3010 iu
1074 2949 1134 3012 trae
1155 2967 1213 3014 sua
1236 2945 1429 3013 eserenon.

334 3057 408 3130 post
421 3046 583 3112 Theodori
599 3049 813 3126 mopsuesteni
829 3049 1073 3137 indicationem,
1095 3049 1152 3110 ltoo
1166 3047 1250 3111 idem
1270 3060 1299 3112 et
1310 3046 1344 3110 a'o
1356 3043 1430 3108 ate

336 3149 412 3212 doro
432 3151 555 3231 furtum
569 3157 627 3224 eat,
647 3159 675 3212 et
695 3148 731 3213 s'n
752 3148 820 3213 nitu
835 3159 1032 3214 eorummet
1048 3160 1120 3230 post
1133 3159 1263 3214 mortem
1276 3148 1431 3213 omittat·

333 3246 447 3327 tisoto,
468 3251 570 3314 nulla·
590 3268 725 3330 prorsus
747 3253 873 3314 ratione
894 3262 965 3316 erot
986 3252 1016 3314 ei
1048 3251 1329 3331 praetermittenda
1348 3250 1430 3311 altera
1495 3239 1496 3306 l

334 3351 508 3418 obtestatio
528 3351 685 3414 adsersus
716 3349 906 3430 Origenem,
929 3351 1074 3414 addendo
1104 3350 1240 3428 scilieet,
1271 3362 1299 3415 et
1316 3349 1388 3412 idem
1404 3342 1430 3406 ἑκ

336 3449 469 3532 Oripene
497 3453 620 3532 [ortum
640 3460 699 3525 ert,
720 3460 748 3514 et
768 3449 805 3514 io
825 3449 893 3514 nitu
915 3461 1063 3516 ueonauto
1083 3461 1202 3532 etpost
1227 3461 1353 3514 murtam
1369 3465 1429 3510 oar·

334 3551 534 3616 tlemotizato
558 3571 580 3614 o
601 3550 719 3616 eunetis
744 3551 907 3616 Patribus.
930 3551 1146 3617 Nihilominus
1170 3551 1330 3632 origenis,
1353 3561 1430 3629 quan
1495 3543 1496 3550 ’

334 3653 404 3718 sire
427 3651 506 3717 velis
531 3660 607 3718 tnno
633 3653 664 3715 in
684 3655 751 3734 ipsa
773 3653 902 3740 Synndo
922 3654 1047 3736 quinta,
1067 3655 1135 3716 sire
1156 3655 1269 3734 paucis
1289 3651 1369 3714 annu
1388 3663 1429 3708 ao

335 3757 379 3828 te,
400 3753 448 3816 uti
464 3750 585 3819 dieitur
598 3753 630 3814 in
641 3749 796 3818 Traetatn
812 3755 879 3835 ipso
894 3757 1042 3830 instante,
1057 3753 1258 3830 damnatum,
1273 3767 1377 3815 nomen
1389 3761 1429 3824 pt·

333 3857 420 3918 uitus
444 3857 598 3936 transegit
614 3853 807 3934 Imperator,
831 3859 922 3936 qnasi
939 3873 1115 3938 numquam
1137 3873 1176 3918 eo
1198 3873 1300 3934 usqne
1314 3849 1428 3915 audisset
1495 3919 1496 3922 Ἴ

335 3953 376 4018 de
398 3962 489 4018 tauto
513 3957 585 4019 viro
607 3955 866 4036 disputationem.
900 3954 1133 4037 llujuseemodi
1155 3973 1256 4035 porro
1283 3943 1426 4017 iustiniani

336 4054 514 4134 silentium,
537 4073 575 4119 ae
596 4057 709 4120 aetatis
731 4055 938 4133 incertitudo,
963 4075 1025 4137 qna
1049 4057 1129 4120 lnaee
1151 4055 1233 4119 laeta
1256 4062 1337 4128 suot,
1357 4053 1426 4113 serta
1495 4049 1496 4060 ¹

333 4156 508 4235 qnamdam
534 4159 683 4242 ingerunt
703 4159 916 4240 suspicionem
946 4159 985 4222 de
1006 4157 1105 4240 hujus
1126 4156 1295 4224 Tractatus
1314 4151 1424 4218 antheo·
1495 4175 1496 4248 ι

333 4255 463 4324 licitate.
