3048 4946
315 493 470 559 melianus
485 495 546 559 tria
561 495 723 577 Capitale,
740 513 779 560 ec
794 495 1063 582 posteailrmerit
1077 512 1136 576 per
1148 491 1342 566 indicatum
1362 501 1440 556 sta·

315 594 373 660 tim
393 612 432 659 ac
453 593 763 678 constatinopolim
781 599 879 675 venit,
900 597 1018 664 litteris
1041 597 1113 662 ideo
1135 596 1219 659 datis
1233 593 1374 659 umens
1402 597 1438 656 in

315 693 435 758 borum
456 693 683 777 Capitnlornm
705 699 921 773 damnatione,
943 707 976 763 et
997 696 1167 764 universae
1189 695 1438 760 committendis

315 792 491 858 Ecclesiae.
513 794 582 862 Nnc
603 799 699 862 aliter
719 817 852 881 quoque
875 800 994 864 mirum
1015 796 1158 878 quodie
1174 795 1286 858 iisdem
1308 795 1436 858 litteris

315 895 356 958 de
378 894 472 960 ilatio
486 899 637 980 episcopo
658 909 783 979 narrat,
799 904 886 965 bunc
906 901 1059 965 nimirum
1082 899 1155 963 ideo
1168 917 1202 961 se
1222 895 1435 960 subtraxisse

315 1013 335 1060 a
357 998 585 1064 communione
604 999 756 1079 Hennae,
778 1021 853 1068 cnm
873 1020 938 1067 uon
967 1001 1101 1066 duxerit
1122 999 1237 1063 talium
1260 997 1434 1062 terendam

316 1116 386 1161 esse
417 1102 723 1179 praevaricatorum
744 1103 1016 1168 communionem.
1038 1100 1193 1166 Attamen
1212 1101 1244 1164 in
1264 1097 1434 1162 Chronico

317 1195 457 1264 Victoris
489 1204 688 1279 tununensis,
711 1206 766 1284 qui
788 1211 821 1268 et
841 1221 878 1266 ea
900 1200 1052 1283 Capitale
1076 1197 1283 1276 dolendebat,
1304 1198 1433 1279 legitur

316 1297 429 1366 listins
444 1306 581 1368 omnino
600 1306 797 1372 consensisse
817 1301 1046 1385 Gepitnlornm
1067 1302 1265 1366 damnationi
1287 1319 1348 1383 pcr
1366 1297 1432 1364 Ju-

316 1403 459 1468 dicatum
479 1409 658 1487 expositae.

397 1501 505 1582 Nono,
527 1506 568 1571 de
589 1509 849 1587 patriarcbarnm
865 1515 964 1590 atque
977 1507 1205 1588 episcoporum
1219 1503 1428 1569 orientalium
1519 1527 1520 1544 ¹

318 1604 524 1684 reluctantia,
539 1616 598 1671 ant
610 1608 890 1688 obtestationibus,
905 1609 974 1674 sire
990 1606 1324 1688 tergiversationibus,
1344 1621 1428 1685 onas

319 1699 493 1770 Facundus
513 1708 627 1772 scribit
647 1709 722 1774 illos
748 1709 915 1774 admisisse
935 1709 1127 1789 priusquam
1148 1703 1345 1769 damnationi
1366 1701 1426 1768 ca·

317 1806 497 1883 pilatorum
512 1809 718 1887 accederent,
731 1810 828 1876 aienti
842 1811 883 1876 dc
898 1811 991 1874 minis
1009 1819 1044 1882 et
1059 1809 1230 1882 violentiis,
1246 1823 1329 1888 quas
1346 1801 1427 1884 passi

321 1907 429 1971 iurent
450 1917 489 1974 nt
508 1911 714 1977 subscribere
733 1921 950 1994 cogerentur:
974 1913 1054 1976 baec
1075 1911 1182 1974 omnia
1202 1929 1222 1972 a
1239 1907 1370 1987 Pelagio
1385 1903 1425 1968 ll.

319 2009 471 2074 ridemur
492 2012 625 2078 excludi
645 2015 721 2077 eatis
751 2015 923 2095 perepicuo
943 2012 976 2076 in
1006 2013 1125 2077 litteris
1146 2011 1185 2074 ad
1210 2007 1314 2072 liliam
1336 2005 1428 2087 eqni·

316 2108 472 2190 lejcnsem
494 2113 578 2176 etad
600 2111 716 2178 lstrine
729 2115 908 2195 episcopos.
933 2112 981 2177 lbi
1003 2115 1087 2178 enim
1105 2111 1268 2191 Pelagius,
1289 2125 1350 2172 seu
1371 2124 1425 2188 po·

317 2211 381 2275 tine
393 2211 623 2293 capitulorum
639 2216 768 2297 petroni
789 2224 951 2295 asserunt,
967 2213 1123 2296 vigilium
1139 2225 1172 2278 ot
1186 2213 1357 2293 episcopos
1375 2226 1426 2272 oc·

317 2309 492 2378 cidenteles
522 2315 564 2378 ab
584 2314 675 2380 initio
695 2317 856 2381 obstitisse
885 2315 1020 2378 illorum
1043 2313 1275 2394 capitulorum
1297 2309 1426 2374 nnatbe-

318 2414 409 2489 nnati,
432 2433 640 2497 nequaqnam
662 2435 742 2482 sero
762 2418 939 2483 orientales
960 2417 1135 2481 antistites:
1158 2415 1216 2496 qui
1237 2420 1353 2495 utpote
1370 2411 1427 2474 lie·

318 2531 403 2594 puae
418 2533 553 2596 graecae
574 2527 607 2584 et
621 2520 770 2586 codicum
792 2539 1002 2601 graecorum,
1020 2518 1106 2582 unde
1127 2514 1277 2597 quando
1290 2513 1425 2595 agitabe-

318 2624 387 2692 tnr,
409 2619 516 2697 periti,
532 2623 642 2685 statim
658 2631 822 2688 noverunt
842 2621 1070 2703 Capituloruru
1093 2621 1304 2699 impietatem,
1325 2631 1424 2694 uque

317 2718 643 2786 anathematizarunt.
659 2723 814 2788 Proiecto
828 2725 869 2799 ei,
879 2725 935 2804 oui
951 2722 1082 2803 Pelagio
1095 2721 1299 2800 scripserunt
1310 2717 1424 2797 eptem·

315 2818 351 2897 pi
371 2819 403 2883 in
425 2821 543 2886 borum
565 2823 795 2902 capitulorum
823 2825 1054 2898 detonsionem,
1076 2823 1242 2886 norieeent
1260 2814 1422 2900 praesules

317 2919 494 2986 orientales
516 2941 675 2990 unacum
696 2925 951 2992 occidentalibus
972 2923 1133 2990 abstitisse
1154 2921 1233 2984 bnic
1252 2915 1422 2982 damuatio·
1520 2933 1521 2944 ³

317 3020 362 3096 ni,
379 3035 443 3084 non
458 3024 637 3090 omisissent
653 3023 817 3092 l'ontiilcis
831 3025 1081 3091 considerationi
1095 3023 1241 3102 obiicere
1263 3015 1421 3098 tmjnsnn
1520 3031 1521 3114 l

319 3119 350 3182 di
372 3122 580 3190 orientalium
606 3126 848 3202 reluctantium,
870 3135 930 3191 aut
952 3127 1029 3201 rim,
1044 3133 1104 3190 ant
1126 3125 1249 3186 minues
1272 3115 1418 3197 aquibus

319 3230 425 3286 umen
456 3225 685 3292 abstinuerunt
703 3225 806 3304 Elias,
841 3227 1019 3308 lstrineqne
1049 3224 1205 3290 antistites
1227 3213 1415 3285 recensendis

318 3325 438 3403 quippe
454 3326 586 3392 falsitati
598 3331 843 3411 superstructis.
868 3327 1079 3410 Quapropter
1093 3335 1125 3392 et
1146 3325 1220 3388 binc
1235 3328 1324 3404 patet
1343 3317 1415 3400 eins·

318 3425 390 3489 dem
413 3424 557 3494 Facundi
578 3432 797 3496 commentitia
816 3432 972 3498 narratio.

399 3524 545 3606 Decimo,
574 3538 608 3595 et
627 3541 775 3598 nostrum
805 3535 927 3598 excitat
951 3541 1133 3613 stuporem,
1154 3527 1243 3611 qnod
1256 3527 1347 3591 ,idem
1367 3517 1415 3582 F·-

318 3629 444 3692 nundus
464 3631 496 3692 in
516 3632 615 3698 citato
642 3631 742 3700 Libro
763 3631 819 3698 tr.
842 3655 871 3698 c.
894 3633 950 3699 tv.
973 3633 1157 3700 Iustiniana
1170 3631 1270 3696 oilert
1288 3619 1415 3692 conside·

319 3730 457 3794 randum
472 3733 512 3796 de
526 3732 656 3812 Menan,
672 3735 730 3817 qui
751 3739 877 3818 pomus
897 3737 1094 3800 damnationi
1116 3733 1251 3800 emansit
1266 3721 1415 3811 capitolo·

317 3846 405 3907 rum,
427 3835 551 3914 quiquo
570 3836 738 3918 episcopos
758 3837 840 3902 alios
860 3839 968 3919 coepit
986 3836 1193 3904 subscribere
1204 3853 1215 3912 ς
1238 3840 1273 3896 et
1291 3831 1360 3893 ideo
1377 3821 1414 3886 el·

317 3929 390 3993 dem
413 3931 605 4012 imperatori
626 3938 758 4004 locutus
777 3939 907 4006 subdit:
931 3937 997 4015 oet
1027 3936 1206 4018 (episcopi)
1236 3933 1267 3998 si
1285 3952 1306 3996 n
1322 3935 1411 3992 nostrl

313 4028 431 4110 pietate
450 4046 663 4116 quaeruntur,
687 4049 841 4120 poterunt
867 4047 897 4104 et
916 4041 1004 4121 opud
1023 4059 1077 4102 ons
1107 4033 1227 4102 sensis
1247 4026 1411 4098 aarum·

319 4128 376 4194 bns
396 4135 551 4200 crustati.
566 4137 616 4205 dc
637 4141 764 4204 interim
786 4160 847 4224 por
867 4143 950 4206 banc
970 4153 1004 4206 et
1024 4139 1123 4221 bnjus
1144 4136 1270 4219 moeris
1288 4125 1406 4197 locutio·

318 4251 388 4314 Μ»
403 4235 523 4316 quibua
542 4259 620 4309 suos
634 4241 736 4344 libros
756 4246 906 4328 inspersit
921 4241 1107 4323 Facundus,
1127 4242 1256 4312 sidunt
1274 4227 1406 4308 luttitt't·
