<?xml version="1.0" encoding="UTF-8"?>
<!DOCTYPE html PUBLIC "-//W3C//DTD XHTML 1.0 Transitional//EN"
    "http://www.w3.org/TR/xhtml1/DTD/xhtml1-transitional.dtd">
<html xmlns="http://www.w3.org/1999/xhtml" xml:lang="en" lang="en">
 <head>
  <title>
</title>
<meta http-equiv="Content-Type" content="text/html;charset=utf-8" />
  <meta name='ocr-system' content='tesseract 3.04.00' />
  <meta name='ocr-capabilities' content='ocr_page ocr_carea ocr_par ocr_line ocrx_word'/>
</head>
<body>
  <div class='ocr_page' id='page_1' title='image "./insgregoriinyss01vincgoog/insgregoriinyss01vincgoog_0690.png"; bbox 0 0 3066 4950; ppageno 0'>
   <div class='ocr_carea' id='block_1_1' title="bbox 100 491 1222 2197">
    <p class='ocr_par' dir='ltr' id='par_1_1' title="bbox 100 491 1222 2197">
     <span class='ocr_line' id='line_1_1' title="bbox 106 491 1218 579; baseline 0 -17"><span class='ocrx_word' id='word_1_1' title='bbox 106 499 194 579; x_wconf 80' lang='lat' dir='ltr'><strong>ginta</strong></span> <span class='ocrx_word' id='word_1_2' title='bbox 208 497 276 563; x_wconf 88' lang='lat' dir='ltr'><strong>dna</strong></span> <span class='ocrx_word' id='word_1_3' title='bbox 296 498 402 573; x_wconf 88' lang='lat' dir='ltr'><strong>erant,</strong></span> <span class='ocrx_word' id='word_1_4' title='bbox 418 499 531 578; x_wconf 87' lang='lat' dir='ltr'><strong>paucis</strong></span> <span class='ocrx_word' id='word_1_5' title='bbox 551 493 601 559; x_wconf 84' lang='lat' dir='ltr'><strong>nu</strong></span> <span class='ocrx_word' id='word_1_6' title='bbox 616 491 751 577; x_wconf 83' lang='lat' dir='ltr'><strong>adjectis</strong></span> <span class='ocrx_word' id='word_1_7' title='bbox 766 495 1030 576; x_wconf 87' lang='lat' dir='ltr'><strong>particularibus.</strong></span> <span class='ocrx_word' id='word_1_8' title='bbox 1048 493 1138 560; x_wconf 90' lang='lat' dir='ltr'><strong>llaec</strong></span> <span class='ocrx_word' id='word_1_9' title='bbox 1158 497 1218 562; x_wconf 91' lang='lat' dir='ltr'><strong>dn·</strong></span> 
     </span>
     <span class='ocr_line' id='line_1_2' title="bbox 103 595 1217 679; baseline -0.003 -17"><span class='ocrx_word' id='word_1_10' title='bbox 103 599 206 679; x_wconf 86' lang='lat' dir='ltr'><strong>plicas</strong></span> <span class='ocrx_word' id='word_1_11' title='bbox 220 596 393 662; x_wconf 88' lang='lat' dir='ltr'><strong>sententias</strong></span> <span class='ocrx_word' id='word_1_12' title='bbox 412 596 607 677; x_wconf 84' lang='lat' dir='ltr'><strong>includunt;</strong></span> <span class='ocrx_word' id='word_1_13' title='bbox 625 603 656 659; x_wconf 91' lang='lat' dir='ltr'><strong>et</strong></span> <span class='ocrx_word' id='word_1_14' title='bbox 671 613 735 659; x_wconf 91' lang='lat' dir='ltr'><strong>nan</strong></span> <span class='ocrx_word' id='word_1_15' title='bbox 749 596 855 659; x_wconf 90' lang='lat' dir='ltr'><strong>solnm</strong></span> <span class='ocrx_word' id='word_1_16' title='bbox 870 597 1030 677; x_wconf 79' lang='lat' dir='ltr'><strong>duplices,</strong></span> <span class='ocrx_word' id='word_1_17' title='bbox 1045 595 1101 661; x_wconf 83' lang='lat' dir='ltr'><strong>sed</strong></span> <span class='ocrx_word' id='word_1_18' title='bbox 1117 597 1217 660; x_wconf 90' lang='lat' dir='ltr'><strong>etiam</strong></span> 
     </span>
     <span class='ocr_line' id='line_1_3' title="bbox 103 693 1215 780; baseline 0.001 -19"><span class='ocrx_word' id='word_1_19' title='bbox 103 703 331 780; x_wconf 69' lang='lat' dir='ltr'><strong>repugnantes.</strong></span> <span class='ocrx_word' id='word_1_20' title='bbox 352 693 530 761; x_wconf 82' lang='lat' dir='ltr'><strong>Sententiae</strong></span> <span class='ocrx_word' id='word_1_21' title='bbox 552 715 631 760; x_wconf 81' lang='lat' dir='ltr'><strong>vera</strong></span> <span class='ocrx_word' id='word_1_22' title='bbox 652 698 709 761; x_wconf 86' lang='lat' dir='ltr'><strong>iras</strong></span> <span class='ocrx_word' id='word_1_23' title='bbox 724 715 787 760; x_wconf 89' lang='lat' dir='ltr'><strong>nan</strong></span> <span class='ocrx_word' id='word_1_24' title='bbox 808 699 1007 778; x_wconf 70' lang='lat' dir='ltr'><strong>argumentis</strong></span> <span class='ocrx_word' id='word_1_25' title='bbox 1027 717 1087 764; x_wconf 92' lang='lat' dir='ltr'><strong>nec</strong></span> <span class='ocrx_word' id='word_1_26' title='bbox 1108 699 1215 763; x_wconf 83' lang='lat' dir='ltr'><strong>verbis</strong></span> 
     </span>
     <span class='ocr_line' id='line_1_4' title="bbox 102 797 1221 879; baseline -0.004 -12"><span class='ocrx_word' id='word_1_27' title='bbox 102 801 224 867; x_wconf 86' lang='lat' dir='ltr'><strong>Sacrae</strong></span> <span class='ocrx_word' id='word_1_28' title='bbox 251 801 440 879; x_wconf 73' lang='lat' dir='ltr'><strong>scripturae</strong></span> <span class='ocrx_word' id='word_1_29' title='bbox 472 798 695 877; x_wconf 78' lang='lat' dir='ltr'><strong>confirmasii3</strong></span> <span class='ocrx_word' id='word_1_30' title='bbox 725 800 779 862; x_wconf 84' lang='lat' dir='ltr'><strong>sed</strong></span> <span class='ocrx_word' id='word_1_31' title='bbox 806 797 993 862; x_wconf 68' lang='lat' dir='ltr'><strong>testimoniis</strong></span> <span class='ocrx_word' id='word_1_32' title='bbox 1023 807 1221 875; x_wconf 69' lang='lat' dir='ltr'><strong>contumel</strong></span> 
     </span>
     <span class='ocr_line' id='line_1_5' title="bbox 100 899 1219 983; baseline -0.004 -15"><span class='ocrx_word' id='word_1_33' title='bbox 100 905 247 982; x_wconf 77' lang='lat' dir='ltr'><strong>scriptor</strong></span> <span class='ocrx_word' id='word_1_34' title='bbox 266 902 407 983; x_wconf 86' lang='lat' dir='ltr'><strong>putarit,</strong></span> <span class='ocrx_word' id='word_1_35' title='bbox 428 900 592 964; x_wconf 69' lang='lat' dir='ltr'><strong>aurinum</strong></span> <span class='ocrx_word' id='word_1_36' title='bbox 616 899 762 974; x_wconf 82' lang='lat' dir='ltr'><strong>Petrum,</strong></span> <span class='ocrx_word' id='word_1_37' title='bbox 788 919 924 983; x_wconf 82' lang='lat' dir='ltr'><strong>quaram</strong></span> <span class='ocrx_word' id='word_1_38' title='bbox 944 901 1013 964; x_wconf 88' lang='lat' dir='ltr'><strong>aliu</strong></span> <span class='ocrx_word' id='word_1_39' title='bbox 1033 901 1219 965; x_wconf 71' lang='lat' dir='ltr'><strong>actitantium</strong></span> 
     </span>
     <span class='ocr_line' id='line_1_6' title="bbox 101 1000 1219 1085; baseline -0.001 -18"><span class='ocrx_word' id='word_1_40' title='bbox 101 1001 277 1080; x_wconf 71' lang='lat' dir='ltr'><strong>Ecclesiae,</strong></span> <span class='ocrx_word' id='word_1_41' title='bbox 299 1002 368 1066; x_wconf 86' lang='lat' dir='ltr'><strong>alia</strong></span> <span class='ocrx_word' id='word_1_42' title='bbox 398 1000 597 1066; x_wconf 83' lang='lat' dir='ltr'><strong>contrariam</strong></span> <span class='ocrx_word' id='word_1_43' title='bbox 617 1001 830 1066; x_wconf 75' lang='lat' dir='ltr'><strong>continebant.</strong></span> <span class='ocrx_word' id='word_1_44' title='bbox 857 1001 1066 1068; x_wconf 82' lang='lat' dir='ltr'><strong>Contrarium</strong></span> <span class='ocrx_word' id='word_1_45' title='bbox 1086 1003 1219 1085; x_wconf 81' lang='lat' dir='ltr'><strong>quidem</strong></span> 
     </span>
     <span class='ocr_line' id='line_1_7' title="bbox 101 1103 1222 1184; baseline 0 -15"><span class='ocrx_word' id='word_1_46' title='bbox 101 1107 239 1184; x_wconf 88' lang='lat' dir='ltr'><strong>antiqua</strong></span> <span class='ocrx_word' id='word_1_47' title='bbox 262 1105 444 1168; x_wconf 86' lang='lat' dir='ltr'><strong>testimonia</strong></span> <span class='ocrx_word' id='word_1_48' title='bbox 462 1111 493 1167; x_wconf 93' lang='lat' dir='ltr'><strong>et</strong></span> <span class='ocrx_word' id='word_1_49' title='bbox 515 1103 726 1183; x_wconf 88' lang='lat' dir='ltr'><strong>antiquarum</strong></span> <span class='ocrx_word' id='word_1_50' title='bbox 749 1104 918 1167; x_wconf 85' lang='lat' dir='ltr'><strong>bominum</strong></span> <span class='ocrx_word' id='word_1_51' title='bbox 939 1121 1003 1166; x_wconf 88' lang='lat' dir='ltr'><strong>nan</strong></span> <span class='ocrx_word' id='word_1_52' title='bbox 1018 1105 1159 1168; x_wconf 91' lang='lat' dir='ltr'><strong>multum</strong></span> <span class='ocrx_word' id='word_1_53' title='bbox 1181 1104 1222 1169; x_wconf 89' lang='lat' dir='ltr'><strong>de</strong></span> 
     </span>
     <span class='ocr_line' id='line_1_8' title="bbox 100 1205 1218 1285; baseline 0 -16"><span class='ocrx_word' id='word_1_54' title='bbox 100 1213 193 1269; x_wconf 86' lang='lat' dir='ltr'><strong>certa</strong></span> <span class='ocrx_word' id='word_1_55' title='bbox 207 1205 363 1269; x_wconf 87' lang='lat' dir='ltr'><strong>sententia</strong></span> <span class='ocrx_word' id='word_1_56' title='bbox 378 1206 597 1268; x_wconf 82' lang='lat' dir='ltr'><strong>laborantium</strong></span> <span class='ocrx_word' id='word_1_57' title='bbox 612 1213 836 1280; x_wconf 86' lang='lat' dir='ltr'><strong>assernerunt,</strong></span> <span class='ocrx_word' id='word_1_58' title='bbox 853 1222 995 1285; x_wconf 87' lang='lat' dir='ltr'><strong>qnorum</strong></span> <span class='ocrx_word' id='word_1_59' title='bbox 1022 1207 1132 1285; x_wconf 85' lang='lat' dir='ltr'><strong>aitqua</strong></span> <span class='ocrx_word' id='word_1_60' title='bbox 1155 1223 1218 1269; x_wconf 94' lang='lat' dir='ltr'><strong>nan</strong></span> 
     </span>
     <span class='ocr_line' id='line_1_9' title="bbox 100 1306 1220 1388; baseline -0.002 -17"><span class='ocrx_word' id='word_1_61' title='bbox 100 1308 246 1388; x_wconf 77' lang='lat' dir='ltr'><strong>amplexi</strong></span> <span class='ocrx_word' id='word_1_62' title='bbox 269 1314 363 1370; x_wconf 83' lang='lat' dir='ltr'><strong>eunt:</strong></span> <span class='ocrx_word' id='word_1_63' title='bbox 378 1306 434 1370; x_wconf 86' lang='lat' dir='ltr'><strong>aed</strong></span> <span class='ocrx_word' id='word_1_64' title='bbox 458 1313 565 1370; x_wconf 71' lang='lat' dir='ltr'><strong>umen</strong></span> <span class='ocrx_word' id='word_1_65' title='bbox 585 1307 627 1381; x_wconf 93' lang='lat' dir='ltr'><strong>ei,</strong></span> <span class='ocrx_word' id='word_1_66' title='bbox 644 1307 700 1386; x_wconf 91' lang='lat' dir='ltr'><strong>qui</strong></span> <span class='ocrx_word' id='word_1_67' title='bbox 722 1306 803 1370; x_wconf 87' lang='lat' dir='ltr'><strong>baec</strong></span> <span class='ocrx_word' id='word_1_68' title='bbox 824 1307 969 1386; x_wconf 78' lang='lat' dir='ltr'><strong>collegit,</strong></span> <span class='ocrx_word' id='word_1_69' title='bbox 987 1309 1138 1386; x_wconf 85' lang='lat' dir='ltr'><strong>amplecti</strong></span> <span class='ocrx_word' id='word_1_70' title='bbox 1161 1308 1220 1372; x_wconf 84' lang='lat' dir='ltr'><strong>risi</strong></span> 
     </span>
     <span class='ocr_line' id='line_1_10' title="bbox 102 1407 1219 1488; baseline -0.001 -16"><span class='ocrx_word' id='word_1_71' title='bbox 102 1416 193 1472; x_wconf 85' lang='lat' dir='ltr'><strong>snut.</strong></span> <span class='ocrx_word' id='word_1_72' title='bbox 217 1407 477 1472; x_wconf 83' lang='lat' dir='ltr'><strong>Ecclesiasticam</strong></span> <span class='ocrx_word' id='word_1_73' title='bbox 510 1421 590 1470; x_wconf 86' lang='lat' dir='ltr'><strong>reru</strong></span> <span class='ocrx_word' id='word_1_74' title='bbox 611 1409 793 1488; x_wconf 75' lang='lat' dir='ltr'><strong>opinionem</strong></span> <span class='ocrx_word' id='word_1_75' title='bbox 823 1407 1015 1471; x_wconf 82' lang='lat' dir='ltr'><strong>caniirrnnnt</strong></span> <span class='ocrx_word' id='word_1_76' title='bbox 1037 1407 1219 1472; x_wconf 89' lang='lat' dir='ltr'><strong>testimonia</strong></span> 
     </span>
     <span class='ocr_line' id='line_1_11' title="bbox 104 1505 1221 1589; baseline -0.001 -17"><span class='ocrx_word' id='word_1_77' title='bbox 104 1508 268 1582; x_wconf 73' lang='lat' dir='ltr'><strong>utrarum,</strong></span> <span class='ocrx_word' id='word_1_78' title='bbox 300 1507 357 1588; x_wconf 92' lang='lat' dir='ltr'><strong>qui</strong></span> <span class='ocrx_word' id='word_1_79' title='bbox 381 1525 456 1571; x_wconf 82' lang='lat' dir='ltr'><strong>sera</strong></span> <span class='ocrx_word' id='word_1_80' title='bbox 478 1513 659 1571; x_wconf 85' lang='lat' dir='ltr'><strong>senserunt.</strong></span> <span class='ocrx_word' id='word_1_81' title='bbox 691 1505 781 1570; x_wconf 88' lang='lat' dir='ltr'><strong>llaec</strong></span> <span class='ocrx_word' id='word_1_82' title='bbox 802 1516 910 1572; x_wconf 89' lang='lat' dir='ltr'><strong>antem</strong></span> <span class='ocrx_word' id='word_1_83' title='bbox 942 1515 1019 1572; x_wconf 88' lang='lat' dir='ltr'><strong>snut</strong></span> <span class='ocrx_word' id='word_1_84' title='bbox 1039 1508 1157 1589; x_wconf 90' lang='lat' dir='ltr'><strong>capita,</strong></span> <span class='ocrx_word' id='word_1_85' title='bbox 1179 1507 1221 1571; x_wconf 89' lang='lat' dir='ltr'><strong>de</strong></span> 
     </span>
     <span class='ocr_line' id='line_1_12' title="bbox 101 1607 1221 1691; baseline -0.003 -16"><span class='ocrx_word' id='word_1_86' title='bbox 101 1609 225 1691; x_wconf 84' lang='lat' dir='ltr'><strong>quibua</strong></span> <span class='ocrx_word' id='word_1_87' title='bbox 246 1625 305 1690; x_wconf 89' lang='lat' dir='ltr'><strong>per</strong></span> <span class='ocrx_word' id='word_1_88' title='bbox 328 1610 508 1672; x_wconf 88' lang='lat' dir='ltr'><strong>testimonia</strong></span> <span class='ocrx_word' id='word_1_89' title='bbox 530 1607 654 1690; x_wconf 80' lang='lat' dir='ltr'><strong>duplex</strong></span> <span class='ocrx_word' id='word_1_90' title='bbox 674 1616 709 1672; x_wconf 90' lang='lat' dir='ltr'><strong>et</strong></span> <span class='ocrx_word' id='word_1_91' title='bbox 737 1611 899 1673; x_wconf 86' lang='lat' dir='ltr'><strong>contraria</strong></span> <span class='ocrx_word' id='word_1_92' title='bbox 921 1611 1077 1673; x_wconf 88' lang='lat' dir='ltr'><strong>sententia</strong></span> <span class='ocrx_word' id='word_1_93' title='bbox 1101 1627 1221 1690; x_wconf 92' lang='lat' dir='ltr'><strong>prapa-</strong></span> 
     </span>
     <span class='ocr_line' id='line_1_13' title="bbox 102 1708 1219 1792; baseline 0.001 -19"><span class='ocrx_word' id='word_1_94' title='bbox 102 1711 236 1775; x_wconf 82' lang='lat' dir='ltr'><strong>nitur.»</strong></span> <span class='ocrx_word' id='word_1_95' title='bbox 256 1708 291 1773; x_wconf 93' lang='lat' dir='ltr'><strong>la</strong></span> <span class='ocrx_word' id='word_1_96' title='bbox 314 1711 362 1774; x_wconf 90' lang='lat' dir='ltr'><strong>bts</strong></span> <span class='ocrx_word' id='word_1_97' title='bbox 377 1727 477 1790; x_wconf 90' lang='lat' dir='ltr'><strong>parra</strong></span> <span class='ocrx_word' id='word_1_98' title='bbox 493 1711 653 1788; x_wconf 78' lang='lat' dir='ltr'><strong>capitibus</strong></span> <span class='ocrx_word' id='word_1_99' title='bbox 675 1711 771 1791; x_wconf 88' lang='lat' dir='ltr'><strong>plura</strong></span> <span class='ocrx_word' id='word_1_100' title='bbox 786 1720 874 1787; x_wconf 89' lang='lat' dir='ltr'><strong>snat,</strong></span> <span class='ocrx_word' id='word_1_101' title='bbox 891 1711 931 1775; x_wconf 91' lang='lat' dir='ltr'><strong>de</strong></span> <span class='ocrx_word' id='word_1_102' title='bbox 951 1711 1071 1792; x_wconf 86' lang='lat' dir='ltr'><strong>quibus</strong></span> <span class='ocrx_word' id='word_1_103' title='bbox 1087 1719 1219 1776; x_wconf 86' lang='lat' dir='ltr'><strong>canten-</strong></span> 
     </span>
     <span class='ocr_line' id='line_1_14' title="bbox 103 1809 1221 1896; baseline 0.002 -21"><span class='ocrx_word' id='word_1_104' title='bbox 103 1812 225 1877; x_wconf 90' lang='lat' dir='ltr'><strong>debant</strong></span> <span class='ocrx_word' id='word_1_105' title='bbox 239 1821 316 1877; x_wconf 89' lang='lat' dir='ltr'><strong>tnnc</strong></span> <span class='ocrx_word' id='word_1_106' title='bbox 335 1813 469 1876; x_wconf 86' lang='lat' dir='ltr'><strong>sensisse</strong></span> <span class='ocrx_word' id='word_1_107' title='bbox 483 1809 669 1892; x_wconf 81' lang='lat' dir='ltr'><strong>origenem,</strong></span> <span class='ocrx_word' id='word_1_108' title='bbox 690 1813 785 1895; x_wconf 76' lang='lat' dir='ltr'><strong>iuxta</strong></span> <span class='ocrx_word' id='word_1_109' title='bbox 801 1813 882 1878; x_wconf 86' lang='lat' dir='ltr'><strong>alias</strong></span> <span class='ocrx_word' id='word_1_110' title='bbox 904 1813 1108 1889; x_wconf 81' lang='lat' dir='ltr'><strong>affirmative,</strong></span> <span class='ocrx_word' id='word_1_111' title='bbox 1122 1815 1221 1896; x_wconf 84' lang='lat' dir='ltr'><strong>juria</strong></span> 
     </span>
     <span class='ocr_line' id='line_1_15' title="bbox 100 1913 1222 1994; baseline -0.001 -15"><span class='ocrx_word' id='word_1_112' title='bbox 100 1914 185 1979; x_wconf 87' lang='lat' dir='ltr'><strong>alias</strong></span> <span class='ocrx_word' id='word_1_113' title='bbox 206 1915 364 1994; x_wconf 78' lang='lat' dir='ltr'><strong>negative.</strong></span> <span class='ocrx_word' id='word_1_114' title='bbox 382 1913 444 1977; x_wconf 82' lang='lat' dir='ltr'><strong>Ex.</strong></span> <span class='ocrx_word' id='word_1_115' title='bbox 467 1929 496 1993; x_wconf 89' lang='lat' dir='ltr'><strong>g.</strong></span> <span class='ocrx_word' id='word_1_116' title='bbox 520 1913 559 1976; x_wconf 92' lang='lat' dir='ltr'><strong>de</strong></span> <span class='ocrx_word' id='word_1_117' title='bbox 576 1914 830 1990; x_wconf 84' lang='lat' dir='ltr'><strong>rerurrectione,</strong></span> <span class='ocrx_word' id='word_1_118' title='bbox 852 1914 892 1976; x_wconf 91' lang='lat' dir='ltr'><strong>du</strong></span> <span class='ocrx_word' id='word_1_119' title='bbox 913 1915 1039 1978; x_wconf 83' lang='lat' dir='ltr'><strong>animae</strong></span> <span class='ocrx_word' id='word_1_120' title='bbox 1060 1915 1222 1978; x_wconf 84' lang='lat' dir='ltr'><strong>humanae</strong></span> 
     </span>
     <span class='ocr_line' id='line_1_16' title="bbox 104 2013 1221 2096; baseline -0.004 -15"><span class='ocrx_word' id='word_1_121' title='bbox 104 2017 285 2090; x_wconf 83' lang='lat' dir='ltr'><strong>creatione,</strong></span> <span class='ocrx_word' id='word_1_122' title='bbox 307 2015 346 2078; x_wconf 87' lang='lat' dir='ltr'><strong>de</strong></span> <span class='ocrx_word' id='word_1_123' title='bbox 376 2013 593 2095; x_wconf 87' lang='lat' dir='ltr'><strong>reprobarum</strong></span> <span class='ocrx_word' id='word_1_124' title='bbox 615 2014 737 2096; x_wconf 87' lang='lat' dir='ltr'><strong>paenis,</strong></span> <span class='ocrx_word' id='word_1_125' title='bbox 768 2015 808 2076; x_wconf 92' lang='lat' dir='ltr'><strong>de</strong></span> <span class='ocrx_word' id='word_1_126' title='bbox 828 2015 949 2094; x_wconf 88' lang='lat' dir='ltr'><strong>angelis</strong></span> <span class='ocrx_word' id='word_1_127' title='bbox 982 2015 1158 2078; x_wconf 82' lang='lat' dir='ltr'><strong>rebellibus</strong></span> <span class='ocrx_word' id='word_1_128' title='bbox 1188 2016 1221 2077; x_wconf 89' lang='lat' dir='ltr'><strong>in</strong></span> 
     </span>
     <span class='ocr_line' id='line_1_17' title="bbox 104 2113 1221 2197; baseline -0.001 -16"><span class='ocrx_word' id='word_1_129' title='bbox 104 2118 230 2181; x_wconf 88' lang='lat' dir='ltr'><strong>animas</strong></span> <span class='ocrx_word' id='word_1_130' title='bbox 250 2117 418 2180; x_wconf 85' lang='lat' dir='ltr'><strong>bominum</strong></span> <span class='ocrx_word' id='word_1_131' title='bbox 439 2117 604 2180; x_wconf 76' lang='lat' dir='ltr'><strong>conversis</strong></span> <span class='ocrx_word' id='word_1_132' title='bbox 625 2125 686 2180; x_wconf 89' lang='lat' dir='ltr'><strong>etc.</strong></span> <span class='ocrx_word' id='word_1_133' title='bbox 708 2113 830 2180; x_wconf 83' lang='lat' dir='ltr'><strong>Deinde</strong></span> <span class='ocrx_word' id='word_1_134' title='bbox 851 2119 882 2179; x_wconf 94' lang='lat' dir='ltr'><strong>in</strong></span> <span class='ocrx_word' id='word_1_135' title='bbox 903 2117 974 2180; x_wconf 87' lang='lat' dir='ltr'><strong>aliis</strong></span> <span class='ocrx_word' id='word_1_136' title='bbox 995 2114 1045 2182; x_wconf 88' lang='lat'><strong>18.</strong></span> <span class='ocrx_word' id='word_1_137' title='bbox 1061 2115 1221 2197; x_wconf 79' lang='lat' dir='ltr'><strong>capitibus</strong></span> 
     </span>
    </p>
   </div>
   <div class='ocr_carea' id='block_1_2' title="bbox 6 2217 1223 2300">
    <p class='ocr_par' dir='ltr' id='par_1_2' title="bbox 6 2217 1223 2300">
     <span class='ocr_line' id='line_1_18' title="bbox 6 2217 1223 2300; baseline -0.001 -17"><span class='ocrx_word' id='word_1_138' title='bbox 6 2235 10 2242; x_wconf 88' lang='grc'>’</span> <span class='ocrx_word' id='word_1_139' title='bbox 106 2226 255 2284; x_wconf 82' lang='lat' dir='ltr'><strong>recenset</strong></span> <span class='ocrx_word' id='word_1_140' title='bbox 269 2220 451 2299; x_wconf 89' lang='lat' dir='ltr'><strong>priscarum</strong></span> <span class='ocrx_word' id='word_1_141' title='bbox 468 2226 598 2300; x_wconf 89' lang='lat' dir='ltr'><strong>patrum</strong></span> <span class='ocrx_word' id='word_1_142' title='bbox 621 2221 806 2296; x_wconf 84' lang='lat' dir='ltr'><strong>sententias,</strong></span> <span class='ocrx_word' id='word_1_143' title='bbox 837 2217 1007 2299; x_wconf 87' lang='lat' dir='ltr'><strong>inquibus</strong></span> <span class='ocrx_word' id='word_1_144' title='bbox 1034 2224 1124 2281; x_wconf 91' lang='lat' dir='ltr'><strong>notat</strong></span> <span class='ocrx_word' id='word_1_145' title='bbox 1149 2217 1223 2300; x_wconf 87' lang='lat' dir='ltr'><strong>plu·</strong></span> 
     </span>
    </p>
   </div>
   <div class='ocr_carea' id='block_1_3' title="bbox 104 2318 1221 2503">
    <p class='ocr_par' dir='ltr' id='par_1_3' title="bbox 104 2318 1221 2503">
     <span class='ocr_line' id='line_1_19' title="bbox 104 2318 1130 2401; baseline -0.002 -17"><span class='ocrx_word' id='word_1_146' title='bbox 104 2339 158 2386; x_wconf 88' lang='lat' dir='ltr'><strong>rea</strong></span> <span class='ocrx_word' id='word_1_147' title='bbox 180 2318 277 2386; x_wconf 85' lang='lat' dir='ltr'><strong>aeide</strong></span> <span class='ocrx_word' id='word_1_148' title='bbox 296 2321 465 2384; x_wconf 86' lang='lat' dir='ltr'><strong>celebrare</strong></span> <span class='ocrx_word' id='word_1_149' title='bbox 484 2320 675 2401; x_wconf 78' lang='lat' dir='ltr'><strong>origenem,</strong></span> <span class='ocrx_word' id='word_1_150' title='bbox 697 2338 736 2385; x_wconf 90' lang='lat' dir='ltr'><strong>ac</strong></span> <span class='ocrx_word' id='word_1_151' title='bbox 756 2320 931 2384; x_wconf 89' lang='lat' dir='ltr'><strong>nonnullas</strong></span> <span class='ocrx_word' id='word_1_152' title='bbox 952 2320 1130 2384; x_wconf 83' lang='lat' dir='ltr'><strong>aduersari.</strong></span> 
     </span>
     <span class='ocr_line' id='line_1_20' title="bbox 187 2418 1221 2503; baseline 0.007 -19"><span class='ocrx_word' id='word_1_153' title='bbox 187 2421 240 2484; x_wconf 75' lang='lat' dir='ltr'><strong>Ab</strong></span> <span class='ocrx_word' id='word_1_154' title='bbox 260 2422 321 2484; x_wconf 86' lang='lat' dir='ltr'><strong>isac</strong></span> <span class='ocrx_word' id='word_1_155' title='bbox 335 2418 457 2488; x_wconf 85' lang='lat' dir='ltr'><strong>Gabari</strong></span> <span class='ocrx_word' id='word_1_156' title='bbox 474 2421 637 2486; x_wconf 85' lang='lat' dir='ltr'><strong>tritheitae</strong></span> <span class='ocrx_word' id='word_1_157' title='bbox 657 2423 858 2503; x_wconf 84' lang='lat' dir='ltr'><strong>expositione</strong></span> <span class='ocrx_word' id='word_1_158' title='bbox 877 2429 965 2502; x_wconf 92' lang='lat' dir='ltr'><strong>patet</strong></span> <span class='ocrx_word' id='word_1_159' title='bbox 985 2421 1062 2503; x_wconf 88' lang='lat' dir='ltr'><strong>qnid</strong></span> <span class='ocrx_word' id='word_1_160' title='bbox 1078 2420 1118 2484; x_wconf 89' lang='lat' dir='ltr'><strong>ab</strong></span> <span class='ocrx_word' id='word_1_161' title='bbox 1138 2441 1221 2491; x_wconf 83' lang='lat' dir='ltr'><strong>aava</strong></span> 
     </span>
    </p>
   </div>
   <div class='ocr_carea' id='block_1_4' title="bbox 106 2522 1224 2708">
    <p class='ocr_par' dir='ltr' id='par_1_4' title="bbox 106 2522 1224 2708">
     <span class='ocr_line' id='line_1_21' title="bbox 106 2522 1221 2610; baseline 0.003 -21"><span class='ocrx_word' id='word_1_162' title='bbox 106 2523 281 2589; x_wconf 84' lang='lat' dir='ltr'><strong>lastiniani</strong></span> <span class='ocrx_word' id='word_1_163' title='bbox 301 2530 335 2589; x_wconf 91' lang='lat' dir='ltr'><strong>et</strong></span> <span class='ocrx_word' id='word_1_164' title='bbox 362 2532 436 2587; x_wconf 87' lang='lat' dir='ltr'><strong>ante</strong></span> <span class='ocrx_word' id='word_1_165' title='bbox 461 2523 626 2610; x_wconf 75' lang='lat' dir='ltr'><strong>Synadnm</strong></span> <span class='ocrx_word' id='word_1_166' title='bbox 649 2522 688 2588; x_wconf 80' lang='lat' dir='ltr'><strong>V.</strong></span> <span class='ocrx_word' id='word_1_167' title='bbox 715 2526 906 2606; x_wconf 80' lang='lat' dir='ltr'><strong>praesertim</strong></span> <span class='ocrx_word' id='word_1_168' title='bbox 930 2527 1015 2590; x_wconf 88' lang='lat' dir='ltr'><strong>inter</strong></span> <span class='ocrx_word' id='word_1_169' title='bbox 1042 2528 1221 2592; x_wconf 83' lang='lat' dir='ltr'><strong>haereticas</strong></span> 
     </span>
     <span class='ocr_line' id='line_1_22' title="bbox 106 2624 1224 2708; baseline 0.001 -19"><span class='ocrx_word' id='word_1_170' title='bbox 106 2625 304 2690; x_wconf 81' lang='lat' dir='ltr'><strong>haesitantes</strong></span> <span class='ocrx_word' id='word_1_171' title='bbox 335 2624 535 2706; x_wconf 88' lang='lat' dir='ltr'><strong>disputatum</strong></span> <span class='ocrx_word' id='word_1_172' title='bbox 565 2629 606 2690; x_wconf 84' lang='lat' dir='ltr'><strong>sii</strong></span> <span class='ocrx_word' id='word_1_173' title='bbox 632 2625 672 2690; x_wconf 89' lang='lat' dir='ltr'><strong>da</strong></span> <span class='ocrx_word' id='word_1_174' title='bbox 691 2627 841 2708; x_wconf 87' lang='lat' dir='ltr'><strong>Origcnis</strong></span> <span class='ocrx_word' id='word_1_175' title='bbox 876 2629 1033 2692; x_wconf 90' lang='lat' dir='ltr'><strong>doctrina.</strong></span> <span class='ocrx_word' id='word_1_176' title='bbox 1055 2625 1117 2692; x_wconf 89' lang='lat' dir='ltr'><strong>Ubi</strong></span> <span class='ocrx_word' id='word_1_177' title='bbox 1137 2629 1224 2693; x_wconf 89' lang='lat' dir='ltr'><strong>scili·</strong></span> 
     </span>
    </p>
   </div>
   <div class='ocr_carea' id='block_1_5' title="bbox 103 2727 1222 3823">
    <p class='ocr_par' dir='ltr' id='par_1_5' title="bbox 103 2727 1222 3823">
     <span class='ocr_line' id='line_1_23' title="bbox 106 2727 1221 2810; baseline 0.004 -20"><span class='ocrx_word' id='word_1_178' title='bbox 106 2735 161 2790; x_wconf 91' lang='lat' dir='ltr'><strong>cet</strong></span> <span class='ocrx_word' id='word_1_179' title='bbox 175 2727 278 2789; x_wconf 87' lang='lat' dir='ltr'><strong>sicuti</strong></span> <span class='ocrx_word' id='word_1_180' title='bbox 301 2727 410 2790; x_wconf 82' lang='lat' dir='ltr'><strong>sarias</strong></span> <span class='ocrx_word' id='word_1_181' title='bbox 434 2735 467 2790; x_wconf 93' lang='lat' dir='ltr'><strong>ut</strong></span> <span class='ocrx_word' id='word_1_182' title='bbox 486 2729 652 2808; x_wconf 85' lang='lat' dir='ltr'><strong>appositas</strong></span> <span class='ocrx_word' id='word_1_183' title='bbox 676 2745 790 2793; x_wconf 88' lang='lat' dir='ltr'><strong>aeneus</strong></span> <span class='ocrx_word' id='word_1_184' title='bbox 810 2747 828 2793; x_wconf 92' lang='lat' dir='ltr'><strong>a</strong></span> <span class='ocrx_word' id='word_1_185' title='bbox 850 2730 995 2809; x_wconf 84' lang='lat' dir='ltr'><strong>genuinis</strong></span> <span class='ocrx_word' id='word_1_186' title='bbox 1009 2736 1042 2793; x_wconf 90' lang='lat' dir='ltr'><strong>et</strong></span> <span class='ocrx_word' id='word_1_187' title='bbox 1055 2730 1174 2810; x_wconf 89' lang='lat' dir='ltr'><strong>spuriis</strong></span> <span class='ocrx_word' id='word_1_188' title='bbox 1188 2747 1221 2794; x_wconf 90' lang='lat' dir='ltr'><strong>e·</strong></span> 
     </span>
     <span class='ocr_line' id='line_1_24' title="bbox 104 2828 1220 2911; baseline 0.002 -19"><span class='ocrx_word' id='word_1_189' title='bbox 104 2829 235 2910; x_wconf 82' lang='lat' dir='ltr'><strong>jusdem</strong></span> <span class='ocrx_word' id='word_1_190' title='bbox 256 2829 385 2910; x_wconf 88' lang='lat' dir='ltr'><strong>scriptis</strong></span> <span class='ocrx_word' id='word_1_191' title='bbox 406 2828 615 2894; x_wconf 84' lang='lat' dir='ltr'><strong>deduxerant</strong></span> <span class='ocrx_word' id='word_1_192' title='bbox 635 2830 862 2894; x_wconf 88' lang='lat' dir='ltr'><strong>contendentes</strong></span> <span class='ocrx_word' id='word_1_193' title='bbox 874 2850 886 2910; x_wconf 70' lang='grc' dir='ltr'>ς</span> <span class='ocrx_word' id='word_1_194' title='bbox 907 2832 951 2894; x_wconf 91' lang='lat' dir='ltr'><strong>ita</strong></span> <span class='ocrx_word' id='word_1_195' title='bbox 974 2849 1034 2911; x_wconf 93' lang='lat' dir='ltr'><strong>pra</strong></span> <span class='ocrx_word' id='word_1_196' title='bbox 1055 2838 1087 2896; x_wconf 93' lang='lat' dir='ltr'><strong>et</strong></span> <span class='ocrx_word' id='word_1_197' title='bbox 1108 2841 1220 2897; x_wconf 88' lang='lat' dir='ltr'><strong>cantra</strong></span> 
     </span>
     <span class='ocr_line' id='line_1_25' title="bbox 105 2928 1221 3012; baseline 0.001 -19"><span class='ocrx_word' id='word_1_198' title='bbox 105 2928 282 3010; x_wconf 85' lang='lat' dir='ltr'><strong>Origenem</strong></span> <span class='ocrx_word' id='word_1_199' title='bbox 296 2937 410 2994; x_wconf 86' lang='lat' dir='ltr'><strong>mutua</strong></span> <span class='ocrx_word' id='word_1_200' title='bbox 425 2931 603 2993; x_wconf 85' lang='lat' dir='ltr'><strong>certamina</strong></span> <span class='ocrx_word' id='word_1_201' title='bbox 616 2932 863 2995; x_wconf 85' lang='lat' dir='ltr'><strong>sustinuerunt:</strong></span> <span class='ocrx_word' id='word_1_202' title='bbox 884 2930 1158 3012; x_wconf 81' lang='lat' dir='ltr'><strong>quemadmodum</strong></span> <span class='ocrx_word' id='word_1_203' title='bbox 1174 2934 1221 2994; x_wconf 90' lang='lat' dir='ltr'><strong>di-</strong></span> 
     </span>
     <span class='ocr_line' id='line_1_26' title="bbox 106 3031 1221 3116; baseline 0 -20"><span class='ocrx_word' id='word_1_204' title='bbox 106 3033 150 3096; x_wconf 90' lang='lat' dir='ltr'><strong>cit</strong></span> <span class='ocrx_word' id='word_1_205' title='bbox 171 3031 317 3116; x_wconf 80' lang='lat' dir='ltr'><strong>Cprillns</strong></span> <span class='ocrx_word' id='word_1_206' title='bbox 337 3031 378 3095; x_wconf 92' lang='lat' dir='ltr'><strong>de</strong></span> <span class='ocrx_word' id='word_1_207' title='bbox 396 3031 561 3096; x_wconf 89' lang='lat' dir='ltr'><strong>nonnullis</strong></span> <span class='ocrx_word' id='word_1_208' title='bbox 592 3031 759 3095; x_wconf 85' lang='lat' dir='ltr'><strong>monachis</strong></span> <span class='ocrx_word' id='word_1_209' title='bbox 790 3031 1078 3112; x_wconf 87' lang='lat' dir='ltr'><strong>palaestinensibns</strong></span> <span class='ocrx_word' id='word_1_210' title='bbox 1090 3053 1102 3114; x_wconf 67' lang='grc' dir='ltr'><strong><em>ς</em></strong></span> <span class='ocrx_word' id='word_1_211' title='bbox 1124 3033 1180 3114; x_wconf 94' lang='lat' dir='ltr'><strong>qni</strong></span> <span class='ocrx_word' id='word_1_212' title='bbox 1202 3050 1221 3096; x_wconf 90' lang='lat' dir='ltr'><strong>a</strong></span> 
     </span>
     <span class='ocr_line' id='line_1_27' title="bbox 106 3130 1220 3214; baseline 0.002 -19"><span class='ocrx_word' id='word_1_213' title='bbox 106 3130 332 3198; x_wconf 76' lang='lat' dir='ltr'><strong>detentoribus</strong></span> <span class='ocrx_word' id='word_1_214' title='bbox 344 3133 494 3213; x_wconf 88' lang='lat' dir='ltr'><strong>Origanis</strong></span> <span class='ocrx_word' id='word_1_215' title='bbox 513 3133 675 3213; x_wconf 84' lang='lat' dir='ltr'><strong>expulsis</strong></span> <span class='ocrx_word' id='word_1_216' title='bbox 699 3133 914 3211; x_wconf 85' lang='lat' dir='ltr'><strong>monasteriis,</strong></span> <span class='ocrx_word' id='word_1_217' title='bbox 930 3133 969 3195; x_wconf 91' lang='lat' dir='ltr'><strong>ad</strong></span> <span class='ocrx_word' id='word_1_218' title='bbox 986 3132 1220 3214; x_wconf 81' lang='lat' dir='ltr'><strong>Ephraeminm</strong></span> 
     </span>
     <span class='ocr_line' id='line_1_28' title="bbox 103 3231 1220 3315; baseline -0.001 -16"><span class='ocrx_word' id='word_1_219' title='bbox 103 3235 334 3300; x_wconf 84' lang='lat' dir='ltr'><strong>antiaclsannm</strong></span> <span class='ocrx_word' id='word_1_220' title='bbox 355 3236 545 3315; x_wconf 86' lang='lat' dir='ltr'><strong>episcopum</strong></span> <span class='ocrx_word' id='word_1_221' title='bbox 570 3233 801 3314; x_wconf 86' lang='lat' dir='ltr'><strong>cuningernnt.</strong></span> <span class='ocrx_word' id='word_1_222' title='bbox 817 3231 896 3310; x_wconf 86' lang='lat' dir='ltr'><strong>Qut,</strong></span> <span class='ocrx_word' id='word_1_223' title='bbox 913 3252 988 3297; x_wconf 88' lang='lat' dir='ltr'><strong>eum</strong></span> <span class='ocrx_word' id='word_1_224' title='bbox 1010 3236 1114 3314; x_wconf 87' lang='lat' dir='ltr'><strong>ipsum</strong></span> <span class='ocrx_word' id='word_1_225' title='bbox 1127 3243 1220 3300; x_wconf 88' lang='lat' dir='ltr'><strong>antea</strong></span> 
     </span>
     <span class='ocr_line' id='line_1_29' title="bbox 104 3333 1222 3418; baseline -0.001 -17"><span class='ocrx_word' id='word_1_226' title='bbox 104 3353 237 3401; x_wconf 88' lang='lat' dir='ltr'><strong>errares</strong></span> <span class='ocrx_word' id='word_1_227' title='bbox 252 3333 403 3417; x_wconf 85' lang='lat' dir='ltr'><strong>Origcais</strong></span> <span class='ocrx_word' id='word_1_228' title='bbox 420 3336 472 3401; x_wconf 88' lang='lat' dir='ltr'><strong>rel</strong></span> <span class='ocrx_word' id='word_1_229' title='bbox 494 3335 570 3401; x_wconf 91' lang='lat' dir='ltr'><strong>libri</strong></span> <span class='ocrx_word' id='word_1_230' title='bbox 586 3353 641 3400; x_wconf 88' lang='lat' dir='ltr'><strong>eas</strong></span> <span class='ocrx_word' id='word_1_231' title='bbox 662 3335 824 3417; x_wconf 88' lang='lat' dir='ltr'><strong>capientes</strong></span> <span class='ocrx_word' id='word_1_232' title='bbox 838 3336 990 3411; x_wconf 89' lang='lat' dir='ltr'><strong>laterent,</strong></span> <span class='ocrx_word' id='word_1_233' title='bbox 1007 3337 1168 3418; x_wconf 77' lang='lat' dir='ltr'><strong>Antipatri</strong></span> <span class='ocrx_word' id='word_1_234' title='bbox 1182 3339 1222 3400; x_wconf 90' lang='lat' dir='ltr'><strong>li·</strong></span> 
     </span>
     <span class='ocr_line' id='line_1_30' title="bbox 103 3434 1219 3521; baseline -0.001 -19"><span class='ocrx_word' id='word_1_235' title='bbox 103 3437 194 3502; x_wconf 68' lang='lat' dir='ltr'><strong>Bella</strong></span> <span class='ocrx_word' id='word_1_236' title='bbox 216 3437 320 3501; x_wconf 91' lang='lat' dir='ltr'><strong>eidem</strong></span> <span class='ocrx_word' id='word_1_237' title='bbox 345 3445 510 3518; x_wconf 87' lang='lat' dir='ltr'><strong>porrecta,</strong></span> <span class='ocrx_word' id='word_1_238' title='bbox 526 3437 661 3518; x_wconf 88' lang='lat' dir='ltr'><strong>publica</strong></span> <span class='ocrx_word' id='word_1_239' title='bbox 680 3434 841 3519; x_wconf 72' lang='lat' dir='ltr'><strong>synodica</strong></span> <span class='ocrx_word' id='word_1_240' title='bbox 855 3436 1051 3499; x_wconf 85' lang='lat' dir='ltr'><strong>anathemati</strong></span> <span class='ocrx_word' id='word_1_241' title='bbox 1072 3438 1219 3521; x_wconf 83' lang='lat' dir='ltr'><strong>subjecit.</strong></span> 
     </span>
     <span class='ocr_line' id='line_1_31' title="bbox 103 3535 1220 3621; baseline 0 -17"><span class='ocrx_word' id='word_1_242' title='bbox 103 3537 149 3604; x_wconf 78' lang='lat' dir='ltr'><strong>lta</strong></span> <span class='ocrx_word' id='word_1_243' title='bbox 168 3539 247 3621; x_wconf 90' lang='lat' dir='ltr'><strong>qnid</strong></span> <span class='ocrx_word' id='word_1_244' title='bbox 270 3538 457 3620; x_wconf 85' lang='lat' dir='ltr'><strong>sel-qnales</strong></span> <span class='ocrx_word' id='word_1_245' title='bbox 478 3537 628 3618; x_wconf 89' lang='lat' dir='ltr'><strong>Origenis</strong></span> <span class='ocrx_word' id='word_1_246' title='bbox 641 3535 744 3602; x_wconf 86' lang='lat' dir='ltr'><strong>libras</strong></span> <span class='ocrx_word' id='word_1_247' title='bbox 765 3537 913 3601; x_wconf 86' lang='lat' dir='ltr'><strong>monachi</strong></span> <span class='ocrx_word' id='word_1_248' title='bbox 935 3546 1156 3617; x_wconf 78' lang='lat' dir='ltr'><strong>porrexerunt</strong></span> <span class='ocrx_word' id='word_1_249' title='bbox 1179 3539 1220 3604; x_wconf 85' lang='lat' dir='ltr'><strong>E·</strong></span> 
     </span>
     <span class='ocr_line' id='line_1_32' title="bbox 103 3637 1221 3722; baseline -0.002 -18"><span class='ocrx_word' id='word_1_250' title='bbox 103 3639 275 3722; x_wconf 82' lang='lat' dir='ltr'><strong>phraemio</strong></span> <span class='ocrx_word' id='word_1_251' title='bbox 289 3637 515 3703; x_wconf 79' lang='lat' dir='ltr'><strong>damnandas?</strong></span> <span class='ocrx_word' id='word_1_252' title='bbox 530 3637 730 3714; x_wconf 85' lang='lat' dir='ltr'><strong>Nonamnla</strong></span> <span class='ocrx_word' id='word_1_253' title='bbox 745 3639 907 3720; x_wconf 87' lang='lat' dir='ltr'><strong>protecta,</strong></span> <span class='ocrx_word' id='word_1_254' title='bbox 923 3655 1009 3720; x_wconf 90' lang='lat' dir='ltr'><strong>qnae</strong></span> <span class='ocrx_word' id='word_1_255' title='bbox 1022 3639 1150 3718; x_wconf 89' lang='lat' dir='ltr'><strong>scripsit</strong></span> <span class='ocrx_word' id='word_1_256' title='bbox 1165 3659 1221 3702; x_wconf 85' lang='lat' dir='ltr'><strong>ra·</strong></span> 
     </span>
     <span class='ocr_line' id='line_1_33' title="bbox 103 3737 1220 3823; baseline 0.001 -20"><span class='ocrx_word' id='word_1_257' title='bbox 103 3741 229 3806; x_wconf 89' lang='lat' dir='ltr'><strong>lumina</strong></span> <span class='ocrx_word' id='word_1_258' title='bbox 244 3741 403 3822; x_wconf 86' lang='lat' dir='ltr'><strong>Origenes</strong></span> <span class='ocrx_word' id='word_1_259' title='bbox 421 3758 503 3823; x_wconf 90' lang='lat' dir='ltr'><strong>pena</strong></span> <span class='ocrx_word' id='word_1_260' title='bbox 522 3740 658 3819; x_wconf 83' lang='lat' dir='ltr'><strong>infinita,</strong></span> <span class='ocrx_word' id='word_1_261' title='bbox 674 3741 866 3805; x_wconf 89' lang='lat' dir='ltr'><strong>abtulerunt</strong></span> <span class='ocrx_word' id='word_1_262' title='bbox 880 3737 1041 3821; x_wconf 84' lang='lat' dir='ltr'><strong>Episcopo</strong></span> <span class='ocrx_word' id='word_1_263' title='bbox 1057 3741 1220 3804; x_wconf 85' lang='lat' dir='ltr'><strong>antioche·</strong></span> 
     </span>
    </p>
   </div>
   <div class='ocr_carea' id='block_1_6' title="bbox 107 3840 1331 3926">
    <p class='ocr_par' dir='ltr' id='par_1_6' title="bbox 107 3840 1331 3926">
     <span class='ocr_line' id='line_1_34' title="bbox 107 3840 1331 3926; baseline -0.002 -20"><span class='ocrx_word' id='word_1_264' title='bbox 107 3859 171 3906; x_wconf 85' lang='lat' dir='ltr'><strong>na:</strong></span> <span class='ocrx_word' id='word_1_265' title='bbox 204 3859 320 3907; x_wconf 82' lang='lat' dir='ltr'><strong>rernm</strong></span> <span class='ocrx_word' id='word_1_266' title='bbox 341 3841 424 3906; x_wconf 91' lang='lat' dir='ltr'><strong>illud</strong></span> <span class='ocrx_word' id='word_1_267' title='bbox 446 3848 613 3926; x_wconf 75' lang='lat' dir='ltr'><strong>syntagma</strong></span> <span class='ocrx_word' id='word_1_268' title='bbox 642 3840 916 3922; x_wconf 79' lang='lat' dir='ltr'><strong>blasphemiarum</strong></span> <span class='ocrx_word' id='word_1_269' title='bbox 938 3849 971 3905; x_wconf 90' lang='lat' dir='ltr'><strong>et</strong></span> <span class='ocrx_word' id='word_1_270' title='bbox 992 3841 1177 3905; x_wconf 87' lang='lat' dir='ltr'><strong>tabularum</strong></span> <span class='ocrx_word' id='word_1_271' title='bbox 1198 3859 1217 3904; x_wconf 89' lang='lat' dir='ltr'><strong>a</strong></span> <span class='ocrx_word' id='word_1_272' title='bbox 1324 3865 1331 3876; x_wconf 92' lang='lat'><strong>·</strong></span> 
     </span>
    </p>
   </div>
   <div class='ocr_carea' id='block_1_7' title="bbox 103 3940 1219 4330">
    <p class='ocr_par' dir='ltr' id='par_1_7' title="bbox 103 3940 1219 4330">
     <span class='ocr_line' id='line_1_35' title="bbox 105 3940 1219 4024; baseline -0.002 -18"><span class='ocrx_word' id='word_1_273' title='bbox 105 3943 279 4010; x_wconf 75' lang='lat' dir='ltr'><strong>malevolis</strong></span> <span class='ocrx_word' id='word_1_274' title='bbox 298 3949 488 4024; x_wconf 86' lang='lat' dir='ltr'><strong>congestum</strong></span> <span class='ocrx_word' id='word_1_275' title='bbox 509 3945 541 4006; x_wconf 92' lang='lat' dir='ltr'><strong>in</strong></span> <span class='ocrx_word' id='word_1_276' title='bbox 559 3941 709 4023; x_wconf 84' lang='lat' dir='ltr'><strong>Origenis</strong></span> <span class='ocrx_word' id='word_1_277' title='bbox 729 3943 839 4006; x_wconf 90' lang='lat' dir='ltr'><strong>adium</strong></span> <span class='ocrx_word' id='word_1_278' title='bbox 850 3961 861 4020; x_wconf 88' lang='lat'>;</span> <span class='ocrx_word' id='word_1_279' title='bbox 878 3943 917 4007; x_wconf 90' lang='lat' dir='ltr'><strong>de</strong></span> <span class='ocrx_word' id='word_1_280' title='bbox 938 3961 1005 4024; x_wconf 91' lang='lat' dir='ltr'><strong>qna</strong></span> <span class='ocrx_word' id='word_1_281' title='bbox 1026 3961 1052 4005; x_wconf 90' lang='lat' dir='ltr'><strong>s.</strong></span> <span class='ocrx_word' id='word_1_282' title='bbox 1070 3940 1219 4022; x_wconf 84' lang='lat' dir='ltr'><strong>Pamphi·</strong></span> 
     </span>
     <span class='ocr_line' id='line_1_36' title="bbox 103 4042 1219 4132; baseline 0.001 -26"><span class='ocrx_word' id='word_1_283' title='bbox 103 4044 159 4132; x_wconf 78' lang='lat' dir='ltr'><strong>lus</strong></span> <span class='ocrx_word' id='word_1_284' title='bbox 179 4047 212 4110; x_wconf 91' lang='lat' dir='ltr'><strong>in</strong></span> <span class='ocrx_word' id='word_1_285' title='bbox 233 4045 448 4126; x_wconf 77' lang='lat' dir='ltr'><strong>Apolagetica</strong></span> <span class='ocrx_word' id='word_1_286' title='bbox 470 4045 629 4125; x_wconf 89' lang='lat' dir='ltr'><strong>loquitur.</strong></span> <span class='ocrx_word' id='word_1_287' title='bbox 652 4042 816 4124; x_wconf 88' lang='lat' dir='ltr'><strong>Quodque</strong></span> <span class='ocrx_word' id='word_1_288' title='bbox 835 4043 877 4107; x_wconf 90' lang='lat' dir='ltr'><strong>ab</strong></span> <span class='ocrx_word' id='word_1_289' title='bbox 898 4045 998 4124; x_wconf 88' lang='lat' dir='ltr'><strong>ipsius</strong></span> <span class='ocrx_word' id='word_1_290' title='bbox 1013 4062 1095 4108; x_wconf 84' lang='lat' dir='ltr'><strong>aeva</strong></span> <span class='ocrx_word' id='word_1_291' title='bbox 1115 4045 1219 4108; x_wconf 89' lang='lat' dir='ltr'><strong>eccle·</strong></span> 
     </span>
     <span class='ocr_line' id='line_1_37' title="bbox 103 4145 1217 4228; baseline 0.001 -19"><span class='ocrx_word' id='word_1_292' title='bbox 103 4149 168 4210; x_wconf 83' lang='lat' dir='ltr'><strong>aias</strong></span> <span class='ocrx_word' id='word_1_293' title='bbox 188 4147 369 4228; x_wconf 79' lang='lat' dir='ltr'><strong>pervadens</strong></span> <span class='ocrx_word' id='word_1_294' title='bbox 388 4145 532 4211; x_wconf 87' lang='lat' dir='ltr'><strong>Orientis</strong></span> <span class='ocrx_word' id='word_1_295' title='bbox 552 4147 592 4210; x_wconf 91' lang='lat' dir='ltr'><strong>ad</strong></span> <span class='ocrx_word' id='word_1_296' title='bbox 625 4163 738 4209; x_wconf 89' lang='lat' dir='ltr'><strong>manns</strong></span> <span class='ocrx_word' id='word_1_297' title='bbox 761 4147 890 4210; x_wconf 84' lang='lat' dir='ltr'><strong>devenit</strong></span> <span class='ocrx_word' id='word_1_298' title='bbox 909 4165 935 4209; x_wconf 86' lang='lat' dir='ltr'><strong>r.</strong></span> <span class='ocrx_word' id='word_1_299' title='bbox 958 4145 1116 4210; x_wconf 85' lang='lat' dir='ltr'><strong>Methodii</strong></span> <span class='ocrx_word' id='word_1_300' title='bbox 1128 4165 1139 4225; x_wconf 82' lang='lat'>3</span> <span class='ocrx_word' id='word_1_301' title='bbox 1162 4150 1217 4227; x_wconf 91' lang='lat' dir='ltr'><strong>qui</strong></span> 
     </span>
     <span class='ocr_line' id='line_1_38' title="bbox 107 4247 1218 4330; baseline -0.001 -18"><span class='ocrx_word' id='word_1_302' title='bbox 107 4265 172 4313; x_wconf 85' lang='lat' dir='ltr'><strong>nan</strong></span> <span class='ocrx_word' id='word_1_303' title='bbox 201 4249 279 4314; x_wconf 85' lang='lat' dir='ltr'><strong>satis</strong></span> <span class='ocrx_word' id='word_1_304' title='bbox 298 4249 470 4330; x_wconf 88' lang='lat' dir='ltr'><strong>praridns,</strong></span> <span class='ocrx_word' id='word_1_305' title='bbox 501 4247 616 4314; x_wconf 86' lang='lat' dir='ltr'><strong>tatiana</strong></span> <span class='ocrx_word' id='word_1_306' title='bbox 647 4249 849 4330; x_wconf 87' lang='lat' dir='ltr'><strong>impietatum</strong></span> <span class='ocrx_word' id='word_1_307' title='bbox 881 4265 996 4315; x_wconf 79' lang='lat' dir='ltr'><strong>resera</strong></span> <span class='ocrx_word' id='word_1_308' title='bbox 1019 4250 1218 4315; x_wconf 82' lang='lat' dir='ltr'><strong>adsertorem</strong></span> 
     </span>
    </p>
   </div>
   <div class='ocr_carea' id='block_1_8' title="bbox 0 0 1538 4950">
    <p class='ocr_par' dir='ltr' id='par_1_8' title="bbox 0 0 1538 4950">
     <span class='ocr_line' id='line_1_39' title="bbox 0 0 1538 4950; baseline 0 0"><span class='ocrx_word' id='word_1_309' title='bbox 0 0 1538 4950; x_wconf 95' lang='lat' dir='ltr'><strong> </strong></span> 
     </span>
    </p>
   </div>
  </div>
 </body>
</html>
