2982 4934
36 487 271 568 praestiturum,
292 503 389 567 qnam
403 486 429 550 st
455 493 486 550 te
498 485 688 552 intemerata
708 483 850 548 ιοιίιιιι
870 481 959 548 iliius
980 482 1134 546 honoras·

37 605 109 664 aem,
129 587 223 652 simui
259 595 294 652 ιιι
316 587 394 649 milri
427 585 677 652 benedictionem
699 584 790 667 quusi
811 583 851 646 de
882 592 936 647 tua
956 583 1022 664 jam
1045 591 1134 650 reste

38 707 284 770 praecerperem,
306 697 343 753 ut
360 688 485 771 jactare
503 688 620 769 possim
636 685 814 751 vestimenti
831 685 877 748 tui
899 703 950 748 me
970 703 1039 748 esse
1060 703 1133 765 par·

40 795 166 872 ticipem,
181 792 253 872 qui,
268 791 408 874 propitio
429 789 509 869 ileo,
532 789 677 856 iuturam
697 805 776 852 usus
798 786 845 850 tui
867 786 1018 860 tonicam,
1039 787 1132 867 quusi

38 894 147 969 luisset,
170 893 350 956 induerem.

102 993 261 1055 «Addidit
274 999 381 1056 autem
393 989 548 1058 Dominus
560 991 643 1055 hano
654 991 789 1070 gratiam
801 988 840 1052 de
852 990 1040 1052 muneribus
1050 999 1083 1054 ct
1095 991 1134 1054 li·

40 1095 102 1158 teris
117 1095 191 1170 iuis,
205 1103 242 1156 ιιι
252 1093 292 1158 sd
309 1113 363 1158 cos
380 1094 580 1174 potissimum
595 1091 662 1156 dies
676 1091 766 1154 uobis
783 1091 884 1154 irater
899 1091 1002 1154 victor
1017 1107 1134 1156 occur·

39 1204 131 1275 reret;
151 1194 271 1275 quihus
291 1192 438 1260 Sanctam
460 1192 568 1269 iiiam,
600 1189 803 1254 Hierusalem
825 1200 896 1270 post
917 1191 1060 1271 quinque
1080 1190 1134 1254 ln·

37 1305 90 1360 ιιιι
110 1304 317 1372 remeantem,
339 1295 547 1374 excepimusp
569 1293 728 1374 adquam
752 1293 878 1356 taudem
901 1293 1070 1355 ioeminam
1086 1293 1132 1372 isi

40 1397 191 1460 foeminam
214 1398 279 1460 dici
292 1397 370 1460 iicet
391 1405 454 1458 tam
478 1395 616 1459 viriliter
636 1392 863 1469 christianam)
885 1393 1039 1473 quidhoc
1059 1392 1134 1457 ioco

40 1495 155 1574 inciam,
180 1507 270 1560 vetat
289 1497 407 1562 lastidii
427 1494 638 1580 intolerabilis
659 1502 764 1557 metus
785 1492 1003 1556 voluminibus
1025 1492 1133 1558 adiano

43 1599 151 1662 nitere.
170 1598 233 1664 Sed
250 1615 406 1681 personne
426 1597 574 1680 digniter,
591 1597 688 1659 immo
709 1593 768 1658 det
789 1597 890 1674 pratia
907 1595 1071 1675 postolare
1088 1597 1133 1660 vi·

43 1699 127 1774 detur,
141 1711 178 1765 ut
198 1700 539 1765 commemorationem
556 1704 662 1760 ιιιιιι
682 1698 806 1758 animae
826 1713 1047 1775 praegressus,
1069 1714 1132 1761 uon

43 1803 135 1880 raptim
155 1803 318 1874 omittam,
333 1802 388 1864 sed
409 1800 574 1880 paulisper
593 1797 633 1860 ad
655 1815 725 1860 eam
749 1796 803 1858 tibi
825 1796 1017 1859 narrandam
1041 1797 1132 1863 reiut

41 1903 215 1982 maipauies,
231 1903 260 1966 si
281 1902 422 1983 aliquem
444 1901 476 1963 in
497 1899 609 1964 littore
628 1899 738 1962 iocum
759 1897 965 1978 speciabilem
989 1899 1130 1976 rideant,

43 2019 88 2064 ιιι
106 2003 411 2083 praetervehuntur,
432 2001 487 2064 sed
509 2001 681 2064 contractis
701 1999 873 2080 paululum
891 2001 982 2076 reiis,
1004 2009 1061 2066 aui
1083 2021 1134 2066 re-

43 2101 118 2181 uipio
137 2103 308 2184 pendente,
330 2109 465 2183 preeunt
485 2099 598 2164 oculos
619 2100 761 2164 intuendi
783 2115 885 2162 mors.
921 2093 924 2108 '

105 2204 176 2268 elta
191 2204 349 2268 sermonis
365 2204 426 2266 met
438 2221 570 2266 cursum
585 2202 808 2280 detorqueam,
821 2219 888 2281 quo
902 2201 997 2266 etiarn
1013 2202 1134 2268 illustri

43 2301 79 2364 iii
97 2307 270 2368 etmateria
294 2314 324 2368 et
338 2304 521 2384 eloquentia
544 2304 629 2366 libro
653 2307 710 2366 tud
733 2303 833 2365 ricem
853 2302 997 2383 aliquam
1020 2305 1131 2370 ridear

42 2403 170 2482 reddere,
185 2407 212 2470 si
235 2405 407 2470 foeminam
422 2404 575 2468 interiore
590 2422 671 2468 sexu
686 2403 860 2467 virtutibus
876 2402 1019 2482 Martini,
1035 2405 1132 2486 cort<

42 2513 80 2567 sto
97 2508 283 2571 militantem
306 2523 493 2587 prosequar.
518 2503 611 2582 Quae
631 2503 816 2568 consulibus
832 2506 900 2568 aris
922 2507 1048 2583 nobilis,
1076 2525 1133 2570 no·

41 2604 214 2674 iiiioremse
236 2617 422 2689 contempto
433 2624 615 2687 corporeae
629 2604 801 2670 nobilitatis
816 2605 912 2670 dedit.
932 2604 1057 2688 Opiuor
1076 2625 1136 2673 eu·

43 2713 92 2770 ten
110 2717 141 2772 et
160 2710 222 2774 hoo
243 2709 283 2772 ad
304 2709 475 2773 cumulum
495 2707 620 2770 divinae
636 2708 758 2787 gratiae
778 2709 939 2788 periinere
952 2708 1039 2790 qood
1061 2727 1133 2772 ran·

43 2807 166 2872 etitaiem
188 2807 382 2872 laudandam
404 2809 444 2869 de
464 2807 615 2869 laudibus
645 2807 770 2885 generis
789 2807 982 2886 praedicare
1012 2810 1133 2874 ordiar.

42 2905 90 2970 Sei
110 2910 190 2974 ioue
209 2908 357 2973 ordinem
378 2925 473 2970 nona
492 2907 661 2970 rethoricis
682 2906 832 2969 institutis
855 2909 954 2987 anapia
976 2925 1073 2989 quam
1094 2910 1135 2974 da

44 3011 215 3090 evangelicis
238 3009 395 3089 exemplis
417 3009 582 3088 usurpari,
602 3007 804 3072 doctissimus
819 3004 924 3072 Lucas
945 3010 1022 3073 milri
1044 3012 1134 3074 testis

44 3118 96 3187 est;
115 3114 167 3191 qui
189 3109 352 3192 Baptistae
380 3110 462 3173 beati
492 3109 644 3172 meritum
665 3107 705 3170 ab
726 3109 858 3188 originis
878 3110 1027 3176 claritate
1047 3111 1135 3176 dete·

44 3211 110 3274 ruit
141 3211 181 3278 lit
207 3231 249 3276 ue
280 3221 402 3276 tautum
437 3211 590 3274 historiae
620 3227 694 3274 euru
729 3226 996 3277 commemorasse
1026 3213 1136 3278 existi·

45 3328 98 3376 uas
112 3322 169 3378 etc.

111 3413 361 3492 «Quamobrem
382 3431 444 3478 uon
462 3415 644 3479 ridebimur
657 3415 758 3476 atiena
779 3416 897 3495 potius,
909 3431 1006 3495 quam
1028 3421 1136 3479 nostra

48 3513 84 3574 eti
108 3517 236 3596 regula,
267 3527 428 3580 terrenam
450 3533 581 3598 quoque
603 3516 799 3580 nobilitatem
821 3517 852 3578 in
871 3515 1054 3596 supradicta
1076 3514 1135 3582 [lei

48 3609 149 3679 iamuia
170 3618 403 3699 praedicantes,
424 3636 487 3696 qua
511 3618 716 3698 perspicuum
739 3615 773 3678 iit
795 3616 824 3678 id
846 3633 978 3696 quoque
999 3615 1038 3677 ad
1061 3633 1136 3695 ope·

51 3713 84 3774 ris
100 3718 146 3780 sui
165 3719 302 3798 pieriam
323 3716 494 3782 ilominum
510 3718 703 3796 eontulisse;
725 3735 791 3798 quo
814 3717 911 3795 magis
926 3713 1137 3780 couiuudere·

53 3821 97 3877 tur
113 3819 167 3882 iste
187 3819 339 3896 muudus,
361 3821 417 3900 qui
444 3819 560 3883 talibus
582 3819 684 3883 titulis
702 3819 881 3898 gloriatur.
899 3813 941 3881 Ui
961 3836 1028 3896 quo
1050 3819 1138 3880 veui·

55 3923 91 3978 ιιι
109 3919 268 3988 homiuum
283 3921 322 3984 ad
344 3930 563 4000 contemptam
586 3921 644 3984 ilci
666 3921 783 3995 utitur,
800 3919 858 3981 isia
882 3919 988 3997 potius
1001 3917 1042 3981 ad
1062 3935 1138 3981 cou-

53 4020 187 4096 temptum
208 4024 319 4086 muudi
341 4031 500 4086 uteretur.
524 4021 679 4086 Simulat
699 4019 804 4101 major
822 4017 974 4083 salutaris
995 4019 1135 4099 exempli

54 4120 227 4192 proderetur
239 4127 416 4190 auotoritas
442 4123 645 4188 humiliandis
660 4121 876 4202 superborum
891 4119 1006 4197 oculis,
1020 4119 1137 4184 mulier

55 4216 167 4286 tetriore
185 4225 288 4304 prada
302 4224 341 4288 ad
363 4224 552 4290 humilitatis
572 4224 696 4288 cultum
719 4222 761 4287 ob
782 4236 925 4285 amorem
941 4218 1058 4286 Christi
1080 4219 1134 4283 de·
