3042 4940
311 415 375 486 126

321 519 458 586 tortasse
479 522 660 589 nesciebant
680 521 980 605 Vipilins,b1ennaa
1000 525 1167 606 ceterique
1188 523 1343 607 episcopi)
1362 541 1422 588 eus·

319 637 384 702 que
405 622 577 688 imtruere.
600 622 737 705 insuper
755 643 790 688 se
809 626 973 708 scripsisse
994 626 1107 690 asserit
1120 626 1160 689 ad
1175 624 1329 689 bleranam
1349 633 1379 686 et
1391 623 1424 686 ad

321 723 489 802 episcopus
517 725 550 788 ln
577 723 665 790 Urbe
688 726 790 803 sitos,
813 735 850 789 nt
876 726 1027 790 damnent
1054 725 1240 807 Origenem.
1263 723 1425 792 Nihilomi-

315 841 378 888 nus
396 825 428 886 in
449 825 510 889 ilas
532 826 630 909 hujus
655 824 822 906 Epistolne
843 829 1032 909 priusquam
1055 825 1201 904 Mennas,
1221 834 1282 893 ant
1304 826 1428 908 vigilius

220 962 223 968 ι
316 923 438 1004 allique
459 926 624 1005 praesules
638 926 883 1005 responderent,
906 930 973 1008 lpse
993 929 1084 993 solas
1106 945 1168 992 con
1184 946 1337 994 summus
1357 927 1429 991 Pon·

319 1022 399 1089 tiie'a
420 1025 564 1091 decernit
584 1028 766 1102 anathema,
788 1027 945 1107 iuquiens.

399 1123 489 1189 «llis
502 1127 604 1206 igilur
623 1145 658 1192 sa
673 1128 875 1205 habentibus,
899 1129 1057 1209 lactisque
1074 1129 1222 1194 omnibus
1237 1129 1349 1210 palam
1367 1125 1431 1191 On·-

320 1227 408 1306 gcnis
428 1225 645 1308 blasphemiis,
666 1229 968 1293 anathematismum
996 1231 1027 1292 in
1049 1229 1143 1293 illum
1164 1231 1210 1294 sic
1231 1229 1303 1292 lieri
1326 1244 1431 1293 conve·

319 1327 368 1391 nit
369 1370 468 1390 .....
481 1326 553 1392 »Et
574 1329 729 1411 expositis
753 1346 870 1393 novem
892 1330 1040 1394 articulis
1060 1331 1285 1406 damnationis,
1309 1329 1432 1394 desinit:

322 1426 534 1493 «Anatha-a
552 1426 698 1510 Origeni,
728 1435 783 1513 qni
806 1436 839 1494 et
859 1429 1082 1508 Adamantius,
1107 1432 1164 1511 qul
1192 1430 1273 1494 baec
1292 1427 1434 1510 exposcit

320 1544 385 1591 nna
400 1545 475 1593 cnm
487 1527 610 1594 neiama
621 1537 720 1610 atquc
735 1530 926 1606 execrabili,
940 1530 1140 1610 scelestaque
1153 1530 1224 1612 ejus
1237 1531 1397 1604 doctrina,
1407 1533 1434 1591 el

322 1630 438 1706 cnivis,
459 1631 516 1710 qni
537 1648 575 1694 ea
594 1634 711 1696 sentiat
730 1640 789 1696 aut
810 1631 971 1708 delendas,
1002 1638 1062 1696 ant
1081 1632 1153 1697 nilo
1174 1630 1272 1696 modo
1308 1647 1433 1712 pmrsm

323 1747 534 1810 quocumque
555 1738 700 1811 tempora
724 1731 808 1795 tueri
831 1741 1058 1811 praesumat.»

402 1829 445 1894 Et
466 1839 548 1911 quot
579 1831 720 1913 episcopi
741 1829 1015 1913 Constantinopoli
1046 1839 1124 1897 tnnc
1143 1831 1304 1912 degebant
1327 1830 1436 1911 absum

322 1930 456 2010 praevia
476 1931 735 1996 convocatione?
755 1929 896 2014 Ecquid
918 1933 1056 2012 deniqne
1078 1933 1258 2012 putandum
1280 1932 1326 1996 de
1346 1931 1435 1998 tusa·

324 2031 432 2108 mano,
455 2032 524 2112 qui,
545 2031 691 2096 inaudito
711 2033 912 2114 episcopatu,
941 2052 1001 2098 seu
1022 2035 1212 2114 prinsquam
1233 2033 1294 2114 ipsi
1319 2051 1377 2115 per
1393 2032 1437 2094 lit·

323 2139 411 2197 teras
431 2130 674 2213 responderent,
696 2133 804 2197 laicali
819 2139 976 2214 potestate
997 2135 1141 2199 munitus
1161 2135 1323 2214 episcopis
1345 2133 1437 2215 praeit

323 2233 479 2309 indicens,
492 2233 608 2298 nemini
624 2233 671 2298 ias
686 2252 755 2298 csse
767 2233 939 2316 origenem
961 2234 1151 2312 defendere,
1166 2236 1342 2316 propositis
1357 2251 1436 2316 prae·

324 2339 415 2397 terea
436 2332 587 2412 capitulis
607 2333 650 2394 ab
671 2333 740 2414 ipsc
760 2335 899 2411 dictatis,
922 2335 1040 2415 quibus
1066 2334 1219 2415 episcopi,
1242 2333 1440 2414 patriarchae

325 2438 360 2498 et
379 2429 518 2512 vigilius
541 2431 626 2513 Papa
649 2433 817 2497 bumilitcr
836 2435 1039 2499 subscribere
1059 2432 1276 2498 tenerentur?

404 2531 558 2600 Ceterum
579 2550 673 2597 nemo
694 2536 898 2616 nescitqaali
919 2533 997 2615 er'ga
1018 2537 1238 2616 episcopatum
1260 2533 1436 2598 reverentia

330 2633 363 2698 in
384 2633 543 2698 similibus
557 2635 799 2715 quaestiouibus
818 2653 853 2702 ae
874 2634 1191 2718 geratinstinianus,
1213 2636 1318 2716 probe
1338 2635 1437 2696 divina

327 2737 477 2801 humanis
507 2739 673 2816 praestare
691 2737 806 2812 sciens,
828 2739 875 2802 uti
907 2739 1047 2818 piissime
1064 2734 1250 2801 >manifestat
1269 2737 1303 2800 in
1328 2733 1440 2802 Novel-

329 2837 364 2902 lu
378 2835 429 2905 ta.
446 2835 489 2902 Et
507 2846 693 2920 propterea,
708 2839 735 2902 ai
748 2846 860 2903 contra
876 2838 1062 2919 bnjnsmodi
1074 2840 1105 2902 in
1120 2835 1277 2902 Tractatn
1291 2837 1441 2902 adsersus

332 2938 505 3020 Origenem
526 2937 709 3004 Iustiniana
729 2939 897 3020 inscriptas
924 2939 1117 3016 locutiones,
1138 2939 1337 3020 objiciantur
1357 2941 1440 3010 istae,

328 3039 447 3119 quibus
468 3041 576 3104 utitur
596 3041 628 3103 in
641 3039 777 3120 epistola
799 3039 838 3102 ad
855 3039 1054 3121 Eutycbinm
1069 3045 1262 3118 ceterosque
1283 3040 1443 3119 episcopos

330 3157 393 3222 pro
412 3137 532 3223 synodi
548 3138 587 3203 V.
611 3141 853 3215 convocatione,
871 3140 948 3204 illae
970 3155 1046 3202 sane
1067 3141 1206 3220 imperes
1233 3141 1443 3219 reperientur.

329 3241 381 3305 Ad
403 3238 603 3325 Eutycbium
624 3258 765 3322 namque
785 3241 873 3317 dieii,
902 3239 1046 3304 studium
1070 3239 1169 3303 luisse
1189 3257 1319 3321 semper
1340 3239 1443 3302 ortbo·

329 3341 423 3408 doxis
444 3343 694 3425 imperatoribus
715 3340 865 3406 Patribus
886 3342 952 3405 suls
974 3357 1034 3422 pro
1056 3348 1200 3420 tempore
1220 3347 1355 3403 eanrtm
1375 3339 1443 3399 laas-

330 3455 418 3506 resea
433 3461 494 3524 per
512 3440 676 3522 relips‘oa'oa
695 3437 850 3520 episcopos
869 3448 1049 3520 amputare.
1063 3481 1072 3500 .
1085 3483 1092 3499 .
1104 3437 1218 3502 Puta-ca
1238 3434 1355 3510 cusai,
1373 3449 1444 3518 pact

329 3540 368 3606 ia
386 3560 576 3624 unoquoque
600 3539 743 3608 &acilia
756 3537 907 3622 judicatu
926 3547 1014 3616 aaut,
1044 3531 1164 3619 lapibus
1183 3536 1253 3602 auia
1273 3536 1446 3600 carram

328 3650 418 3708 reat.
439 3643 552 3709 Postea
574 3643 664 3721 dicit,
678 3642 714 3706 ob
727 3639 940 3723 quaestionem
960 3639 1061 3705 trium
1078 3639 1298 3722 capitulorum
1319 3638 1446 3702 istoru·

252 3829 254 3834 Ι
301 3801 305 3807 .
330 3765 421 3828 posse
438 3743 609 3827 episcopos,
631 3763 671 3809 ac
690 3750 862 3827 propterca
882 3761 933 3807 eoa
953 3759 1077 3807 cocossc
1097 3740 1135 3806 iu
1156 3740 1266 3806 Urbem
1279 3747 1316 3802 at
1332 3739 1447 3818 profu·

225 3917 229 3922 ,
254 3831 280 3843 ”
331 3855 403 3912 reat
417 3845 580 3929 iudicium
599 3861 704 3910 auam.
736 3845 892 3911 Similiter
911 3846 943 3908 in
963 3844 1081 3908 litteris
1110 3844 1268 3908 adsersus
1293 3839 1446 3921 quosdam

330 3950 433 4015 trium
456 3945 683 4030 Cepitnlomm
698 3951 968 4027 propugnatores,
991 3944 1142 4022 miretur,
1158 3942 1246 4026 qnod
1262 3955 1443 4010 conanum,

332 4049 390 4114 scd
405 4051 635 4115 uniuersorum
655 4047 820 4114 Ecclesiae
844 4041 904 4107 liei
926 4047 1104 4111 antistitum
1123 4045 1280 4127 indicium
1295 4041 1389 4104 nihili
1404 4039 1444 4101 ia·
1512 4095 1513 4126 ,

329 4150 482 4217 ciendum
501 4149 696 4216 existiment.
728 4145 771 4211 Et
790 4145 865 4210 binc
885 4145 993 4210 addit:
1011 4167 1028 4207 ι
1044 4145 1250 4227 Quamquam
1269 4143 1372 4222 igitur
1390 4137 1443 4202 ca·

327 4249 513 4332 pituloram
534 4247 681 4332 impietas
703 4243 872 4314 manticato
891 4255 1040 4330 pataron
1072 4253 1180 4315 umen
1198 4241 1366 4314 Ecclesiae
1383 4233 1438 4303 nsi
