2982 4934
339 470 471 545 praetor
483 461 676 526 oententtnn·
686 461 817 545 piissimi
833 447 1052 542 lnt'pcralorls,
1068 469 1161 530 nocie
1175 465 1356 545 ingruente,
1370 466 1431 530 luet

336 565 568 630 instruentibus
589 566 759 645 episcopie,
783 573 815 630 et
836 566 947 630 multia
968 567 1000 628 in
1027 566 1108 632 locis
1137 567 1257 632 dunum
1279 586 1389 632 munna
1404 587 1431 632 o

251 697 254 704 ·
335 665 521 741 bcuntibue,
536 683 697 747 quesnou
726 664 867 747 pudebat
892 667 1152 746 campiductoree
1183 678 1370 749 praeeuntes
1387 687 1434 749 pm

259 772 262 781 '
335 767 477 832 diuccnis
499 769 628 834 bebere.
662 763 724 833 Ubi
748 785 826 831 tero
847 769 958 834 illuxit
978 771 1067 848 dina,
1093 771 1196 835 omnic
1215 772 1330 836 ciritae
1355 781 1431 836 eutrt

336 887 449 935 murce
470 870 673 953 demigravit,
695 872 756 936 eub
778 871 963 947 arboribus,
985 878 1019 936 et
1038 872 1071 936 iu
1090 872 1239 949 mitilena,
1261 874 1353 954 quaet
1371 892 1434 940 oret

335 974 510 1057 dispersae,
532 975 615 1042 dium
638 976 757 1042 leelutn
779 975 958 1041 celebrum.

418 1075 536 1143 nLicnt
556 1077 647 1144 vobio
661 1095 704 1142 ex
718 1079 766 1142 bia
781 1085 888 1143 cetera
903 1075 1014 1142 omniu
1032 1091 1177 1155 pumera·
1198 1072 1282 1142 Nem
1300 1085 1339 1142 ut
1359 1093 1433 1156 prae

337 1177 417 1254 dixi,
434 1180 539 1244 omnin
561 1197 646 1260 qune
659 1186 729 1246 acta
745 1187 820 1244 nunt
833 1179 1017 1259 singillatim
1039 1195 1187 1244 mrmcne
1207 1181 1371 1257 persequi,
1388 1178 1434 1239 in-

337 1281 487 1363 possibile
501 1288 560 1344 cat.
576 1280 618 1344 Et
637 1281 724 1362 quod
739 1297 816 1344 eune
837 1281 1069 1361 permolestum
1082 1286 1142 1355 eal,
1165 1286 1213 1343 tot
1227 1286 1259 1342 et
1276 1281 1353 1343 talia
1367 1279 1433 1341 mala

335 1401 377 1448 ne
397 1382 484 1447 nunc
497 1383 627 1464 quidem
642 1383 736 1448 duem
752 1393 960 1464 occeperunt,
982 1382 1037 1446 ead
1059 1400 1165 1462 neque
1179 1399 1216 1446 ea
1232 1380 1360 1446 duieudi
1378 1400 1435 1461 epea

337 1487 407 1551 ulie
428 1487 583 1566 aiiulqet:
608 1505 722 1551 uerum
736 1495 879 1567 augetur
899 1490 931 1550 iu
952 1486 1019 1550 dtea
1039 1487 1175 1562 malum,
1197 1503 1323 1566 noeque
1343 1486 1435 1550 multis

336 1587 467 1651 ridiculi
489 1588 565 1652 iacti
595 1605 720 1652 eumue.
744 1586 947 1651 immo-uero
968 1587 1053 1651 ridet
1073 1605 1190 1663 nemu,
1211 1588 1435 1668 quantumlibet

335 1706 510 1770 perrereua
531 1687 591 1769 e‘it3
612 1690 682 1764 aed,
704 1698 742 1755 ut
762 1689 829 1754 dlxi
841 1732 851 1767 ,
873 1689 988 1769 lugent
1011 1707 1121 1754 omnee
1143 1691 1266 1769 apicem
1289 1690 1434 1755 malorum

336 1791 513 1857 iuuudilam
536 1792 617 1855 hanc
639 1793 852 1874 iniquitatem.
879 1791 953 1855 iam
976 1809 1054 1855 vero
1077 1791 1280 1872 reliquarum
1302 1790 1434 1854 ecclelia·

338 1910 413 1957 rum
435 1893 695 1972 perturbationes
716 1893 788 1974 quie
810 1891 1005 1974 eloquatur?
1019 1890 1092 1955 Non
1107 1893 1190 1956 euim
1212 1893 1266 1959 bic
1280 1894 1369 1956 atetit
1386 1905 1437 1952 nta-

337 1993 421 2070 lum,
443 1994 497 2059 eud
520 1999 553 2059 et
574 1996 606 2058 iu
620 1994 785 2057 Orientem
809 2013 913 2074 usque
934 1995 1091 2075 pervenit.
1106 1993 1189 2058 Nem
1210 1995 1330 2058 cicula
1351 1993 1436 2074 capite

337 2095 478 2159 humore
492 2094 595 2160 eiiueo
610 2095 735 2176 reliqua
752 2097 893 2160 membra
910 2105 1169 2176 corrumpuntur
1182 2097 1193 2158 ι’
1207 2098 1250 2158 ita
1264 2113 1356 2160 nunc
1374 2111 1437 2175 quo

336 2215 402 2277 que
423 2197 598 2274 tumultus,
614 2198 671 2262 ubi
692 2199 723 2260 tu
742 2197 803 2260 bac
824 2213 937 2278 magne
959 2199 1089 2262 ciuitate
1102 2204 1293 2275 coeperunt,
1310 2197 1436 2258 vuinter

340 2300 430 2363 iouta
443 2300 475 2362 ln
489 2299 595 2362 omnia
608 2297 681 2364 loce
696 2301 935 2378 precamenuu'te
956 2306 989 2363 et
1007 2299 1116 2364 clerici
1130 2297 1287 2362 multicia
1310 2297 1388 2361 loeia
1403 2295 1436 2356 ite

317 2405 556 2466 ,surrexerunt
575 2403 608 2464 in
629 2399 808 2480 episcopor,
824 2407 856 2464 et
873 2383 986 2482 populi
1001 2398 1056 2465 alil
1071 2400 1258 2482 propediem
1279 2397 1437 2463 discinder-

339 2509 405 2568 tur.
420 2500 549 2584 Ubique
559 2503 723 2567 malorum
741 2502 938 2582 expectatio,
950 2511 984 2566 et
997 2503 1086 2567 orble
1102 2504 1199 2568 lnttut
1213 2501 1391 2566 subversio.

387 2603 523 2685 cipitur
533 2604 651 2668 domini
664 2605 726 2667 mei
740 2605 881 2668 maxime
894 2605 1066 2670 venerandi
1078 2611 1109 2694 et
1124 2604 1368 2686 religioeiaelmi,
1379 2617 1436 2666 ιιι

338 2706 420 2771 bueo
433 2706 477 2770 tta
492 2721 526 2772 eo
547 2705 668 2770 habere
687 2697 878 2782 didiceritis,
891 2723 975 2783 eam,
991 2723 1077 2788 quae
1096 2723 1154 2772 ιιι
1174 2707 1279 2783 decet,
1296 2701 1439 2771 tortitudi-

337 2823 410 2871 nem
431 2823 470 2871 ec
489 2805 633 2871 eludium
655 2806 825 2880 ostendite,
848 2813 884 2870 nt
907 2814 992 2870 tanta
1014 2809 1178 2889 iniquitis,
1194 2825 1281 2889 quae
1302 2810 1335 2873 lu
1355 2803 1437 2871 eeele
1488 2887 1489 2892 ἵ

337 2911 402 2974 eine
422 2908 550 2984 iurauit,
567 2911 777 2989 reprimatur.
800 2907 833 2972 Si
848 2911 931 2974 euim
947 2909 999 2974 hle
1014 2927 1082 2975 moa
1097 2911 1284 2991 invaluerit,
1300 2927 1340 2975 ac
1357 2911 1437 2973 liene
1488 2937 1489 2940 ι

337 3012 383 3074 rit
402 3009 505 3074 cuiuis
526 3027 567 3074 er
584 3009 677 3074 tantia
690 3011 882 3088 intervallis,
897 3011 930 3074 in
944 3013 1066 3078 alienae
1082 3012 1236 3076 tnaadere
1259 3007 1436 3092 prouinciae

285 3129 291 3148 ·
339 3117 373 3176 et
392 3111 606 3193 ejicerequcs
628 3110 783 3187 voluerit,
805 3120 838 3175 et
858 3113 1054 3176 auctoritate
1076 3131 1134 3176 aua
1156 3113 1326 3193 quodlibet
1346 3125 1436 3192 apere,
1488 3135 1489 3208 j

338 3315 372 3377 in
392 3316 505 3380 orbem
521 3316 742 3390 incursurum,
760 3316 906 3380 omnibus
921 3333 1032 3380 omnee
1052 3315 1252 3397 ejicientibnt
1267 3323 1300 3380 et
1319 3313 1436 3378 melmin

340 3417 462 3498 ejectio.
485 3414 535 3482 Ne
547 3415 648 3496 iqltup
663 3421 748 3479 teutn
761 3416 909 3481 conluuio
924 3417 956 3479 in
970 3435 1111 3493 omnem,
1127 3433 1213 3497 quae
1224 3415 1286 3481 enb
1301 3415 1389 3480 coelo
1401 3415 1438 3473 etl

339 3523 461 3582 terrum
483 3516 625 3596 inundat,
648 3533 729 3596 rogo
756 3523 793 3582 ut
813 3535 874 3598 por
893 3516 1061 3600 epistolam
1083 3517 1277 3582 denuntietis
1298 3533 1349 3591 ea,
1369 3527 1437 3594 quae

340 3629 404 3686 tam
425 3621 535 3702 inique
557 3625 629 3684 ectu
650 3630 725 3684 eunt
739 3619 780 3684 ab
802 3635 864 3683 una
885 3619 1102 3706 perimendis
1124 3617 1309 3682 absentibus
1328 3635 1383 3681 nec
1398 3613 1438 3694 ju-

339 3723 458 3788 dicium
480 3722 746 3799 detrectantibue,
768 3720 897 3785 nullum
920 3721 1041 3784 habere
1061 3721 1177 3800 robur,
1198 3723 1283 3785 elcut
1302 3739 1343 3783 ex
1362 3723 1437 3779 natu·

339 3841 376 3888 ra
396 3841 454 3888 ena
470 3824 599 3886 nullum
621 3823 738 3885 habeut
749 3843 760 3901 3
777 3828 810 3885 et
829 3825 867 3885 ut
882 3821 916 3896 ΙΙ,
932 3823 989 3902 qui
1012 3822 1087 3884 talla
1111 3828 1223 3884 contre
1244 3821 1332 3901 legen
1351 3811 1437 3881 moliti

339 3929 427 4002 tunt,
443 3925 552 4004 legum
567 3923 860 3988 ecclesiasticarum
882 3921 993 4003 poenit
1012 3922 1237 4004 subjiciantur.

420 4020 516 4088 «Noe
533 4039 610 4088 uero
624 4024 680 4104 qui
693 4039 752 4086 noc
765 4023 905 4088 convicti
919 4041 979 4087 nec
993 4023 1185 4103 reprebomi
1195 4038 1321 4097 eumue,
1336 4033 1389 4083 nec
1402 4011 1437 4077 rei

339 4124 562 4201 demonstrati,
581 4125 694 4189 restria
714 4122 831 4188 litteele
845 4141 943 4206 quem
967 4125 1108 4204 primum
1132 4122 1196 4187 leni
1210 4121 1297 4196 dete,
1311 4137 1376 4184 ,uec
1388 4131 1438 4178 nen

314 4287 317 4300 ,
338 4225 476 4294 caritate
491 4245 530 4290 ac
550 4227 666 4293 ceterle
683 4223 832 4292 omnibus
846 4233 884 4292 ut
897 4232 999 4292 nutca.
1016 4223 1070 4293 Sin
1086 4233 1195 4292 autom
1214 4219 1373 4288 noluerint
1392 4217 1437 4282 bo·

222 3273 225 3280 .
338 3213 454 3278 ecitoln
474 3213 579 3278 omnia
601 3230 730 3294 peneum
752 3214 858 3288 itura,
881 3223 912 3280 et
934 3215 1126 3295 inexpiabile
1147 3215 1270 3279 bellum
1292 3211 1436 3297 quoddam
1488 3243 1489 3250 ι
