3138 4950
1220 432 1240 499 2
1312 483 1315 490 .

146 540 242 602 ettam
265 537 438 618 inmagnis
460 543 491 600 et
514 533 675 613 maximis,
699 535 780 600 idest
800 535 840 601 de
860 535 929 600 Deo
950 541 1012 600 etc.
1034 431 1261 602 serveturque}

144 639 322 702 elestastiea
344 639 542 719 praedicatio
557 655 616 717 per
629 639 840 702 successionis
861 637 1008 710 ordinem
1030 639 1259 719 abhpnstoils
1354 671 1358 681 ·

149 739 280 815 tradita,
297 751 331 803 et
344 758 447 819 nsque
468 741 507 801 ad
531 755 682 820 praesens
696 739 728 802 in
744 739 889 803 ecelesiis
911 758 1114 820 permanens.
1133 739 1192 803 lita
1207 760 1260 804 en·

10 907 17 946 ¹,
147 843 180 906 la
203 841 366 928 eredendo
383 851 432 904 est
453 841 585 914 raritas,
607 842 742 923 quaein
764 841 857 904 nullo
878 843 919 926 ab
939 837 1156 906 ecelesiastica
1178 850 1211 907 et
1225 861 1260 916 a·

146 927 303 1036 postoitca
315 943 488 1016 ,discordat
504 943 718 1007 traditione.»
735 941 841 1020 Quam
858 944 1006 1024 regulam
1020 945 1261 1024 religiosissime

144 1061 184 1108 ac
206 1041 351 1125 quotidie
372 1043 528 1120 serravit,
552 1043 721 1125 coluitque
742 1044 910 1125 Origenes.

226 1144 267 1209 El
288 1145 374 1221 hinc,
398 1163 472 1210 cum
498 1145 715 1226 quorumdam
743 1145 944 1226 dogmatum,
966 1143 1155 1225 praesertim
1180 1152 1260 1211 tune

142 1247 310 1326 temporis,
332 1245 524 1309 evidentiam
554 1245 640 1309 baud
663 1247 730 1326 ipse
754 1245 1048 1326 comprehenderit,
1076 1247 1195 1326 quippe
1216 1263 1274 1332 cx·

12 1405 14 1412 .
141 1349 243 1410 saeris
264 1345 441 1427 seripturis
471 1347 522 1409 vel
550 1366 592 1410 ex
616 1347 840 1411 traditionibus
862 1347 1045 1428 apostolicis
1069 1349 1174 1412 minus
1199 1345 1260 1409 sibl

139 1460 382 1522 corruscarent,
398 1449 436 1514 de
459 1451 506 1513 bis
528 1449 624 1512 dubia
649 1448 856 1512 solummodo
875 1449 1056 1529 preposuit,
1073 1463 1177 1530 eaque
1198 1447 1276 1510 dui

140 1555 282 1617 bitauter
301 1555 462 1628 discussit,
483 1553 595 1616 nolens
616 1554 749 1630 insuper
768 1552 849 1615 tales
871 1553 1082 1615 discussiones
1103 1561 1268 1631 tauquam

140 1665 252 1718 neriae
278 1647 351 1717 fidei
377 1655 511 1734 heberi3
536 1663 838 1735 consequenterque
869 1653 1000 1734 cupiens
1026 1652 1180 1728 aliorum,
1202 1653 1259 1732 qul
1305 1705 1311 1712 .

8 1748 12 1763 '
139 1757 258 1832 molius
279 1773 346 1818 rem
361 1754 612 1836 expedivissent,
634 1773 732 1835 quam
747 1753 937 1830 suam,iieri
958 1753 1159 1818 seutentiam:
1177 1769 1258 1832 prae

137 1857 245 1922 oculis
267 1859 412 1937 quotidie
435 1857 553 1921 habeus
576 1847 930 1936 tribunalbnpremum
952 1855 1148 1920 Eectastaaa
1165 1855 1259 1922 Chri·

137 1971 192 2022 sto
213 1961 438 2036 coustitutum,
462 1960 514 2023 eui
537 1959 705 2023 humiliter
734 1977 804 2023 sese
826 1960 857 2021 iu
878 1959 1028 2022 omnibus
1047 1957 1198 2039 subjecit,
1219 1957 1260 2020 il·

1 2051 8 2092 ·‘
138 2063 204 2124 lius
231 2063 458 2125 auctoritatem
483 2071 665 2124 veneratus.
690 2059 785 2138 Quod
808 2078 884 2124 saue
905 2061 947 2123 ab
966 2059 1053 2123 omni
1086 2061 1258 2122 haereseos

139 2181 205 2226 noa
227 2171 350 2228 tantum
373 2165 555 2243 suspicione
578 2165 692 2226 eximit
713 2161 900 2246 Origenrm;
929 2163 984 2226 sed
1008 2172 1041 2225 et
1069 2163 1259 2225 manifestis·

1 2265 2 2280 ¹
135 2267 219 2328 sima
240 2265 372 2340 iudicat,
400 2266 550 2328 eumdem
563 2259 651 2328 'nthtt
673 2267 748 2328 nori
764 2268 921 2332 adversus
936 2266 1207 2348 praedicationem
1223 2282 1259 2326 a·

0 2383 1 2388 ’
136 2361 329 2447 postaticum
353 2363 562 2430 introducere
585 2369 849 2450 praesumpsisse.
961 2383 965 2386 ·

149 2505 153 2512 -
222 2464 394 2529 Praeterea
410 2475 442 2530 et
458 2467 516 2530 bos
532 2469 718 2564 diligentius
738 2469 915 2552 exquirite,
932 2470 988 2548 qui
1005 2473 1121 2549 mutuo
1136 2485 1174 2530 aa
1188 2474 1258 2530 stu·

138 2565 230 2630 diosa
252 2569 471 2648 digladientur
487 2571 517 2632 iu
541 2573 601 2633 hae
622 2571 661 2636 de
685 2570 827 2652 Origene
848 2572 1050 2651 quaestione,
1074 2570 1149 2655 hine
1169 2588 1258 2632 nem·

1 2675 3 2710 l
137 2687 179 2748 pe
200 2688 225 2731 s.
252 2669 439 2751 Pamphilus
460 2681 492 2735 et
524 2673 697 2749 Eusebius,
720 2675 792 2737 inde
814 2671 1028 2753 Theophilus,
1058 2671 1257 2766 Epiphanius

0 2785 1 2806 ³
133 2780 170 2833 et
196 2767 425 2855 Hieronymus.
443 2773 664 2851 Considerate,
679 2777 810 2856 inquam
832 2795 857 2837 s.
875 2773 1079 2856 Pamphilum
1102 2783 1134 2836 et
1155 2770 1259 2836 Euse-

134 2874 240 2947 bium,
264 2876 319 2953 qui
343 2877 509 2938 unanimes
530 2876 571 2938 ab
593 2868 684 2938 initio
704 2877 807 2940 aceoli
831 2875 1059 2939 iV.‘adversos
1080 2874 1257 2938 nonnullos

133 2971 196 3037 aut
217 2975 465 3053 obtrectatores,
488 2995 546 3042 seo
567 2979 696 3060 ignaros
717 2977 865 3059 Origenis
892 2979 1071 3050 doctrinae,
1094 2986 1203 3058 partes
1224 2997 1258 3041 e·

132 3079 266 3159 jusdem
284 3081 460 3160 complexi,
476 3100 554 3146 suae
569 3081 642 3146 iidei
665 3089 697 3146 el
712 3082 878 3148 doctrinae
893 3081 1069 3162 integritati
1084 3080 1258 3144 consulue-
1379 3161 1381 3166 Ι

134 3189 229 3254 runt,
261 3179 339 3243 iulsa
362 3185 391 3244 ei
416 3184 569 3263 inscripta
592 3183 741 3264 dogmata
771 3183 970 3246 refutantes:
989 3180 1257 3262 «Quaecumque

135 3301 219 3348 vero
242 3287 358 3363 (inquil
380 3284 541 3364 Eqsebius
557 3289 588 3350 iu
606 3281 705 3349 Libro
732 3278 785 3348 l'V.
809 3304 837 3349 c.
859 3281 1011 3349 xxxin.
1036 3283 1097 3347 Ed.
1120 3281 1254 3356 Valesiil

131 3405 267 3448 necesso
290 3373 344 3450 est
368 3389 407 3448 de
430 3389 488 3450 illo
510 3391 518 3466 (
538 3389 679 3468 Origene
695 3383 708 3466 l
727 3407 935 3468 cognoscere,
958 3407 995 3452 ca
1028 3388 1093 3466 peti
1122 3392 1259 3470 possunt

131 3509 177 3553 cx
206 3490 432 3568 hpotogetico,
462 3492 553 3569 quia
576 3493 667 3554 nobis
692 3500 724 3553 et
747 3510 763 3554 a
785 3498 992 3555 sacrosancto
1008 3491 1109 3554 noslri
1134 3495 1258 3571 tempo

133 3591 182 3654 ria
205 3601 349 3676 martyre
374 3591 544 3674 Pamphilo
572 3611 632 3668 pro
655 3593 743 3657 illius
765 3593 950 3656 defensione
972 3593 1176 3672 conscriptus
1196 3595 1256 3655 est.

128 3691 243 3768 Quem
265 3693 397 3772 quidem
418 3711 475 3756 uos
496 3703 631 3775 propter
653 3695 831 3758 malevolos
853 3693 1009 3773 quosdam
1029 3685 1253 3770 'accusatorem

129 3797 301 3858 communi
322 3795 431 3858 studio
451 3805 550 3876 atque
567 3815 665 3876 opera
686 3797 824 3878 Junetim
848 3793 1136 3859 elaboravimus.»
1153 3794 1201 3857 hc
1215 3795 1258 3858 si·

130 3896 205 3958 mul
228 3898 370 3960 animum
393 3898 547 3961 intendite
563 3898 602 3959 ad
625 3917 675 3970 ea,
692 3917 777 3978 qnae
798 3899 956 3961 adversus
978 3895 1151 3976 Origeucm
1166 3913 1256 3958 eum·

127 3997 209 4058 dem
230 4000 390 4078 scripsere
411 3995 632 4079 Theophilus,
648 3998 849 4081 Epiphanius
874 4008 907 4064 et
929 3998 1146 4082 Hieronymus
1168 4005 1259 4060 neto—

127 4099 220 4177 ginta
243 4099 375 4163 circiter
395 4117 495 4163 annos
518 4107 600 4180 post.

217 4197 450 4263 Verumtamen
466 4201 498 4262 in
514 4203 562 4262 his
584 4203 812 4284 comparandis
835 4219 928 4264 ncmo
944 4219 1006 4264 non
1031 4199 1117 4263 sidet
1137 4198 1258 4261 disere·

124 4303 275 4382 paatiam
294 4305 444 4384 propriae
467 4301 628 4384 cujusque
658 4303 876 4384 depositionis.
894 4301 1006 4380 Primi,
1021 4302 1101 4366 idest
1115 4321 1139 4364 s.
1165 4300 1257 4362 Pam-
