3066 4950
1124 356 1184 434 ttl

88 459 199 528 ultimo
217 459 398 528 Constitmo
424 461 553 528 tuerent
573 459 728 528 iscrmas
751 479 902 544 quosque
922 459 1035 528 misor
1056 478 1125 528 esse
1146 480 1184 527 se
1281 524 1282 527 ,

86 580 121 626 es
141 563 181 626 ab
200 563 289 627 initio
307 563 585 645 Constantinopoli
598 562 632 628 in
653 563 759 647 primo
773 567 1002 646 episcoporum
1024 569 1188 630 consentu

84 681 120 727 ac
138 664 248 729 deinde
261 665 294 730 in
307 664 460 730 iudicato
480 663 616 730 definite
633 666 702 733 nilo
726 665 851 748 absque
864 663 1030 733 additione
1045 665 1098 734 rel
1111 663 1188 734 ιιιΙι·

85 766 247 844 tructione,
269 767 523 847 compertissime
543 767 681 832 ostendi.

156 865 271 949 iisque
290 885 366 932 cnm
385 868 521 949 praeisti
534 868 704 934 Pontifices
726 870 827 938 trium
842 867 1075 952 Gapitnlornm
1089 887 1190 952 quee-

83 969 211 1034 stionem
226 987 288 1036 oon
309 971 428 1048 obiter,
451 989 509 1036 nec
525 978 562 1037 ul
579 971 773 1038 historicum
799 979 1048 1038 monumentum
1067 972 1191 1053 simpli·

85 1071 161 1134 citer
179 1071 321 1150 citarint,
348 1069 404 1136 set
424 1089 635 1154 summopore
655 1073 739 1138 trano
770 1073 915 1162 tacerent
932 1073 1191 1139 comiderstioue

85 1174 205 1254 ligneus
215 1192 228 1253 3
250 1190 290 1238 ac
309 1173 420 1252 simul,
435 1174 496 1238 etsi
519 1173 662 1255 nudique
684 1175 876 1241 instantibus
896 1173 1105 1251 aisemriis,
1122 1171 1191 1238 ulle

85 1274 199 1355 absone
217 1273 429 1360 huesilatione
449 1275 619 1340 contestati
630 1275 695 1342 sint
715 1276 777 1341 triu
791 1275 958 1359 Capitale,
973 1273 1097 1340 scillcet
1111 1274 1191 1339 scri·

87 1383 135 1455 pte
155 1381 188 1440 et
205 1393 377 1457 personum
398 1373 561 1440 Theodori
593 1375 829 1457 mopsuesteni,
851 1375 929 1440 lbsu
949 1374 1129 1457 Epistulam
1150 1372 1193 1439 ati
1216 1452 1224 1468 ‚

87 1474 199 1540 iterim
225 1474 373 1554 Persam,
394 1483 428 1540 et
449 1474 645 1543 'theodoreti
673 1474 912 1544 Commentario
932 1476 963 1542 io
984 1474 1099 1562 cyrilli
1118 1493 1195 1541 ane-

87 1578 314 1655 llsematismos,
340 1578 454 1644 eodem
476 1597 575 1656 ¹sensu
590 1577 739 1643 damnate
756 1577 855 1645 inisse
874 1577 1055 1658 eademqne
1073 1583 1193 1655 mente,

87 1697 148 1760 qna
168 1679 310 1760 primum
332 1697 349 1742 n
371 1688 518 1760 quatuor
540 1681 736 1760 patriarchis
756 1680 893 1762 aliisque
911 1677 1054 1744 Orientis
1070 1679 1194 1759 episco-

87 1781 132 1862 pis
151 1783 236 1844 circs
259 1798 311 1844 an.
333 1777 403 1853 544.
425 1781 695 1846 anathematizata
722 1780 868 1858 inerant,
889 1778 1080 1846 excluditur
1100 1796 1195 1858 pree·

88 1882 223 1963 sumptio
251 1883 539 1964 pusillanimitatis,
561 1883 793 1948 inconstantius
822 1889 856 1948 el
879 1881 1141 1949 contrsdioliouis
1161 1881 1195 1948 iu

89 1981 190 2064 vigilii
204 2002 352 2067 persona.
374 1983 472 2063 Quod
491 1985 519 2050 si
540 1984 635 2066 plara
656 1983 850 2050 documenta
871 1984 946 2050 hino
964 1981 1039 2048 iotie
1059 1989 1136 2049 tuuc
1157 1987 1192 2048 et

86 2093 189 2169 postea
210 2087 297 2152 edita
326 2088 447 2154 inerint
466 2087 499 2149 io
519 2083 630 2168 vigilii
649 2093 872 2167 contemptum
893 2091 926 2150 et
945 2085 1188 2167 episcoporum,

87 2189 139 2269 qui
157 2188 289 2277 Spnosio
310 2186 349 2254 V.
370 2189 578 2266 sustiterunt,
610 2190 733 2253 istaes
753 2186 888 2269 pertidia
919 2185 1095 2268 repetenda
1115 2190 1193 2252 snut

89 2311 213 2372 eornm,
236 2294 295 2374 qni
314 2293 422 2357 omnis
443 2291 638 2374 pedetentim
650 2287 1015 2376 perverteruntSynotii
1036 2289 1135 2371 hnjns
1150 2287 1195 2354 tt·

88 2403 153 2487 cla,
168 2411 206 2457 eo
227 2393 368 2458 maxime
389 2393 587 2456 intendentes
608 2396 648 2456 ul
665 2390 946 2455 schismaticorum
968 2407 1099 2466 noman,
1120 2406 1191 2470 quo

88 2493 127 2558 ab
147 2494 291 2561 Ecclesia
306 2493 472 2564 calholica
491 2494 579 2575 iuste
600 2491 731 2557 multati
754 2491 898 2568 inerant,
913 2491 945 2554 in
961 2488 1070 2573 vigilii
1091 2496 1193 2571 eaput

90 2603 324 2674 consertereut,
338 2593 530 2661 multimode
543 2612 713 2677 personum
734 2593 823 2659 illius
842 2609 881 2659 ac
899 2591 1060 2675 indicium
1074 2592 1106 2656 iu
1127 2591 1192 2658 hou

90 2698 212 2780 negotio
233 2698 466 2778 vituperantes.

164 2797 330 2874 Proiecto,
354 2807 402 2875 nt,
425 2804 556 2879 praeter
580 2796 751 2880 hucusque
782 2795 940 2873 discussa,
964 2811 1197 2876 perversorum

93 2898 207 2962 malitia
229 2897 379 2966 omnibus
401 2900 501 2978 magis
516 2896 661 2980 psteiiat,
677 2905 711 2963 et
732 2897 806 2963 utet
827 2897 1005 2978 integritas,
1026 2898 1197 2973 scortator,

93 2998 242 3080 supientia
262 3015 301 3063 ec
322 2997 459 3062 firmitas
480 3015 545 3064 nna
564 2997 759 3080 splendeant
778 2999 811 3063 in
827 2995 934 3079 vigilii
951 2995 1200 3074 Pontificatum

93 3113 266 3178 parumper
286 3098 542 3164 insimulationes
572 3098 830 3176 considerentur,
858 3099 978 3181 quibus
997 3106 1122 3165 sermm
1141 3098 1201 3164 do·

91 3208 249 3277 cuneata,
263 3217 349 3281 quse
362 3200 402 3264 us
422 3217 462 3264 eo
482 3216 568 3264 nuuc
588 3205 775 3282 supersunt,
792 3199 845 3265 rel
864 3199 926 3265 sub
939 3199 1088 3281 ejusdem
1109 3198 1194 3266 Pon·

94 3299 180 3365 tiliois
200 3303 329 3366 nomine
347 3300 446 3377 editu,
467 3309 526 3366 ant
545 3302 645 3382 ipsius
665 3301 842 3382 spectantis
862 3317 1046 3381 personam,
1068 3300 1193 3384 aisque

96 3399 188 3466 lubio
208 3404 285 3468 setis
306 3403 501 3485 amplissime
531 3401 660 3468 tacieut.
685 3399 734 3466 Es
755 3402 854 3481 enim,
876 3403 997 3484 qnippe
1015 3402 1196 3469 secuudum

95 3503 250 3586 cujusque
278 3505 455 3586 ingenium,
476 3511 510 3570 ei
531 3505 626 3569 nnius
655 3504 695 3569 ab
715 3505 822 3568 allero
851 3505 1000 3578 seorsim,
1026 3504 1139 3570 dolose
1160 3521 1200 3570 sc

97 3607 212 3684 pertin
231 3606 412 3682 elaborata,
429 3601 658 3689 hujuscemodi
677 3607 792 3671 sortita
810 3614 886 3671 snut
903 3605 1041 3682 exitum,
1057 3611 1096 3671 nt
1110 3607 1203 3672 siris·

23 3763 26 3768 Α
97 3707 151 3770 sim
171 3711 255 3772 iuter
273 3726 308 3772 se
328 3707 561 3784 collaetentur,
582 3726 622 3772 ac
642 3727 743 3774 noum
764 3708 906 3772 alterum
927 3706 1087 3792 destruat:
1110 3708 1199 3774 etsi·

98 3808 164 3872 mul
186 3812 394 3875 mentitorum
412 3816 447 3875 et
468 3809 742 3875 calumniatorum
770 3809 859 3874 ultro
881 3817 1038 3890 appareat
1057 3826 1141 3890 opus
1161 3809 1201 3873 il·

97 3906 221 3991 lorum,
242 3911 299 3992 qni
320 3910 558 3992 reprelesentes
580 3913 679 3977 trium
700 3910 926 3993 capitulorum
948 3911 1197 3988 damnationum,

98 4023 181 4072 arma
198 4019 366 4078 verterunt
379 4014 411 4078 iu
426 4011 608 4079 Romanum
625 4011 824 4090 Pontificem,
841 4012 899 4093 qai
915 4013 1015 4077 relati
1029 4029 1091 4078 ars
1110 4011 1201 4078 inex·

99 4110 274 4191 pugnabitis
292 4114 381 4180 stetit
400 4113 558 4185 adsersus
578 4119 712 4182 cunctos
733 4114 868 4182 illorum
889 4119 1037 4196 conatus,
1058 4113 1201 4195 pentius·

100 4228 159 4291 que
178 4217 363 4295 prostrasti.
504 4285 508 4294 ,
