2982 4934
350 477 442 539 vicis.
468 472 504 538 io
524 474 635 538 eadem
657 493 795 555 namque
816 473 971 552 Historia,
987 477 1098 552 beatae
1113 473 1271 540 Melaniae
1292 491 1436 540 mersen

346 579 490 644 virtutes
510 578 588 642 dicit
617 580 760 644 eamdem
782 580 866 659 apud
900 581 1072 642 monacbos
1104 581 1239 665 Aegypti
1261 581 1435 643 convenisse.

347 676 392 743 Et
414 687 524 762 postea
548 699 622 746 cum
644 681 831 762 Augustalis
853 680 1069 744 Alexandriae
1090 681 1263 760 relegasset
1285 678 1435 753 isidorum,

350 781 572 858 cti’ltimiom,
595 791 627 847 et
641 783 794 859 Adelum,
816 781 1079 867 etli'apboutiom
1107 791 1139 844 ot
1166 780 1298 857 iambo,
1323 789 1356 844 at
1373 782 1436 842 inter

350 903 406 949 eos
428 884 632 947 Ammouinrn
655 883 821 948 Parotium
844 893 876 947 et
896 885 1066 948 duodecim
1088 885 1254 964 episcopos
1274 892 1308 948 et
1328 882 1436 965 presby·

350 993 435 1048 leros
456 987 488 1048 io
504 983 715 1049 Palaestinam
731 986 816 1048 circa
833 983 1091 1060 Diocaesaream,
1107 985 1174 1064 ipsa
1190 1002 1245 1048 eos
1261 993 1310 1046 est
1329 993 1435 1056 serata,
1479 985 1480 1034 t

347 1084 411 1147 iilis
432 1101 474 1148 ex
503 1079 569 1148 suis
591 1086 729 1165 propriis
762 1079 904 1166 pecuniis
925 1085 1179 1149 subministrans.
1209 1082 1256 1147 De
1290 1084 1338 1146 bis
1358 1100 1437 1163 porro

348 1184 514 1250 Palladius
534 1186 664 1266 speciali
685 1203 832 1250 sermone
853 1203 970 1266 ageos,
995 1185 1153 1250 isidorum
1176 1193 1271 1248 vocat
1293 1185 1436 1267 presbyte·
1479 1227 1480 1286 p

347 1307 422 1351 rum
443 1294 589 1352 sanetum
610 1295 642 1350 ei
664 1286 894 1350 xenodochum
917 1286 1081 1350 Ecclesiae
1100 1286 1351 1359 alexandrinae,
1370 1286 1438 1348 obi·

348 1392 436 1470 psius
457 1390 690 1465 abstinentiam,
709 1391 792 1452 vitae
813 1390 1032 1463 severitatem,
1050 1407 1243 1469 morumque
1266 1389 1437 1472 probitates
1479 1439 1480 1466 ,

347 1500 538 1571 ceterasque
559 1493 655 1555 animi
676 1490 767 1554 dotes
782 1489 914 1554 Senatui
935 1507 1068 1555 romano
1089 1508 1329 1572 procerumque
1350 1489 1439 1554 orori
1479 1479 1480 1564 l

348 1590 409 1654 bus
430 1601 553 1654 notum.
1154 1641 1158 1646 .

428 1690 506 1755 item
529 1693 568 1756 de
589 1688 760 1756 Ammonio
781 1695 826 1755 alt
845 1711 920 1756 eunt
941 1692 1069 1756 eulmen
1089 1693 1283 1757 monasticae
1306 1693 1386 1755 vitae
1402 1707 1437 1752 as
1479 1679 1480 1684 ’

347 1800 522 1870 moutam,
558 1805 704 1858 veterum
727 1795 860 1858 Petrum
883 1794 1047 1874 origenis,
1079 1794 1264 1867 Athanasii,
1296 1792 1438 1856 ilasttttet

348 1893 488 1959 aliorum
503 1895 604 1958 libros
618 1896 788 1968 evolvisse,
804 1913 821 1955 a
836 1899 963 1959 coaevis
976 1897 1187 1976 scriptoribus
1203 1897 1351 1959 encomio
1363 1893 1437 1956 deco·

349 2001 468 2058 ratum.
492 1993 654 2058 Mirabllla
675 2005 807 2060 enarrat
837 1997 886 2060 Or
906 1997 1028 2060 abbatis
1050 1999 1093 2060 ol)
1112 1997 1205 2062 illins
1223 2000 1310 2062 riiac
1331 1993 1437 2073 intepr'r

350 2101 471 2172 tatem,
493 2094 670 2160 doctrinam
692 2117 729 2161 ac
750 2099 933 2164 litterarum
960 2099 1142 2161 divinarum
1164 2099 1387 2162 eruditionem.
1408 2091 1436 2157 il·

350 2198 495 2277 veprium
516 2197 688 2263 diaconum
710 2201 787 2263 dicit
807 2218 934 2264 tuorum
956 2201 1120 2264 bouestale
1136 2199 1342 2280 praeclarum
1358 2203 1386 2260 el
1399 2213 1436 2258 oa·

349 2298 488 2362 tbolicae
509 2299 673 2364 doctrinae
695 2303 851 2365 vindicem
873 2311 984 2365 contra
1006 2320 1115 2364 omues
1137 2302 1287 2364 haereses
1309 2299 1437 2364 dimisae

352 2407 427 2462 lem.
452 2398 667 2479 Pepboutlum
690 2402 832 2466 celebrat
853 2404 895 2466 ob
914 2420 1083 2467 sacrorum
1103 2400 1285 2482 Bibliorum
1308 2400 1437 2480 cognitio

353 2499 401 2562 uls
422 2499 553 2562 donum.
587 2498 665 2564 item
689 2502 764 2566 dicit
784 2503 824 2566 de
846 2501 1031 2566 liorotbaeo
1052 2502 1252 2586 presbytero,
1271 2502 1312 2566 de
1326 2497 1437 2570 Pambos

353 2599 394 2662 de
409 2597 581 2676 Dioscuro,
603 2599 744 2666 Eusebio
765 2611 797 2666 et
812 2601 988 2687 Entbymio
1003 2602 1164 2666 Ammonii
1187 2602 1355 2677 tratribus,
1374 2608 1437 2664 cete

352 2693 482 2781 risque}
498 2720 579 2782 quos
595 2701 776 2767 ilistorlous
797 2713 886 2768 notat
907 2707 938 2768 in
957 2706 1019 2767 rita
1035 2705 1198 2784 praelatae
1216 2701 1386 2775 Melaniae,
1399 2718 1436 2758 rr

353 2802 520 2867 bsmeuter
549 2807 684 2869 instante
714 2803 917 2887 ibeopbiio,
948 2805 988 2868 ab
1010 2807 1147 2888 Aegypti
1181 2807 1379 2870 monasteriis
1396 2819 1436 2864 es·

350 2904 462 2984 pulsos
482 2923 562 2972 esse.

429 3002 478 3068 Ne
499 3014 606 3069 autem
627 3007 699 3086 qois
720 3006 877 3069 nllimode
907 3005 1029 3070 dubitet
1050 3005 1090 3068 de
1119 3003 1252 3068 Pattsdtt
1276 3002 1437 3068 narratione

350 3103 442 3179 iniis,
458 3123 541 3184 quae
562 3107 639 3169 dicit
660 3106 699 3169 de
716 3108 878 3171 monacbis
899 3105 1043 3186 expulsis
1063 3103 1289 3186 a'ibeopbilo‚
1313 3114 1343 3169 et
1363 3101 1435 3167 ubil·

348 3211 412 3268 tem
435 3205 528 3270 valde
551 3208 687 3270 virtutes
713 3209 856 3280 eximios,
877 3207 1037 3287 iidemque
1058 3208 1215 3270 sinceram
1239 3208 1365 3272 extollit
1384 3200 1435 3266 ile·
1479 3195 1480 3216 ¹

347 3305 464 3383 laniae,
479 3327 564 3388 qaae
583 3328 617 3372 se
634 3310 782 3372 comitem
805 3310 879 3374 lecit
901 3311 1130 3372 monachorum
1156 3308 1243 3372 exilii
1265 3317 1300 3372 et
1321 3310 1432 3370 istoroo

348 3408 495 3472 altricem
511 3419 544 3473 et
557 3411 742 3474 solatricem
756 3411 787 3472 in
808 3412 961 3489 augustiis
981 3409 1059 3482 sois,
1074 3409 1189 3471 audire
1203 3417 1433 3488 praestruente

347 3511 389 3574 do
410 3510 509 3591 bujus
538 3509 695 3574 locotione
724 3514 890 3574 sanctitate
916 3511 1027 3575 scribit
1046 3529 1072 3572 s.
1098 3507 1251 3572 Paulinus
1281 3511 1312 3571 in
1333 3507 1434 3588 Episto-

347 3612 380 3676 la
401 3609 441 3676 X.
457 3613 496 3674 ad
519 3611 675 3677 Severum
690 3631 698 3675 s
716 3633 732 3671 s
749 3613 854 3685 Addo,
877 3613 993 3691 iuquit,
1008 3611 1116 3674 adbuc
1130 3612 1233 3689 pretio
1248 3611 1319 3692 ejus
1338 3619 1367 3672 et
1380 3621 1434 3685 ιιι·

348 3717 422 3790 tiae,
445 3713 532 3794 quod
548 3733 613 3794 quo
635 3715 759 3792 dignior
780 3714 937 3794 probetur
952 3733 1012 3776 uso
1035 3722 1104 3786 too,
1127 3714 1166 3774 de
1186 3723 1315 3775 sauctae
1328 3719 1357 3774 ci
1374 3707 1433 3768 ills·
1479 3699 1480 3720 ¹

347 3819 422 3880 stris
436 3819 468 3879 iu
482 3816 598 3879 sanctis
613 3813 671 3878 liei
694 3815 850 3878 loemioae
865 3814 995 3878 blaiseii
1019 3814 1236 3877 benedictione
1253 3813 1329 3875 mibi
1343 3809 1433 3888 pignos
1479 3843 1480 3852 ι

347 3925 405 3979 cst.
428 3913 518 3979 Unde
535 3925 564 3978 te
586 3915 713 3994 dignior
729 3917 795 3978 visa
811 3924 871 3990 est,
888 3917 981 3997 cujus
1000 3913 1140 3980 ildesiili
1164 3913 1262 3993 magis
1284 3927 1374 3992 qoam
1391 3920 1432 3964 nd
1479 3977 1480 3982 γ

346 4024 414 4080 ator
434 4017 562 4096 sanguis
583 4018 788 4097 propinquat.
813 4015 932 4082 Fateor
953 4027 1077 4090 tameo,
1099 4032 1214 4078 ausam
1238 4031 1305 4090 tue,
1327 4019 1359 4074 ut
1376 4019 1430 4066 rato
1479 4071 1480 4080 ,

347 4119 495 4199 quamvis
517 4118 603 4180 illico
619 4129 655 4180 nt
668 4136 855 4199 acceperam
879 4119 934 4182 tibi
955 4119 1166 4192 destinatam,
1181 4133 1255 4180 meo
1277 4123 1373 4178 lamen
1392 4121 1430 4164 tr

345 4219 424 4283 stlta
445 4215 597 4281 initiando
613 4227 829 4299 praetererem
842 4239 851 4284 t
865 4220 966 4285 ecieoa
989 4220 1087 4302 magis
1109 4239 1161 4284 me
1182 4216 1238 4282 tibi
1261 4216 1319 4280 bac
1332 4207 1428 4292 injuria
