3138 4950
214 345 508 502 ⁴tao⁴

664 541 666 548 s
790 491 930 562 onear
953 493 991 558 v.
1115 584 1117 590 Ι

331 673 547 743 Nooieeimum
561 677 732 755 exponitur
750 675 859 758 Vipitii
871 673 1221 758 Papae-cometarum,
1237 676 1292 742 ubi
1307 690 1373 744 tum

373 775 629 848 adaeroariorum
649 765 865 857 eocptodnntur
888 787 1076 858 arpumenta
1100 775 1136 842 in
1159 779 1256 843 trium
1280 771 1372 862 Capi·

372 881 514 941 tutorum
534 876 724 962 defensione,
751 889 818 942 tum
837 877 968 942 illorum
988 877 1238 946 emoriemna'an
1258 881 1295 946 in
1316 878 1374 962 Sy·

356 982 455 1041 'nodo
472 977 504 1043 V.
526 981 710 1044 damnatum
732 977 896 1061 Oripenem
930 1025 1148 1046 .....
1174 987 1202 1044 ’.
1246 1030 1255 1048 .
1298 1001 1370 1066 pop.
1410 981 1453 1048 36

668 1169 697 1256 j
782 1157 923 1226 cetur
946 1133 1000 1226 v'1.

332 1338 459 1422 Pelopii
483 1341 587 1422 Papoe
615 1341 642 1405 1.
668 1339 792 1422 Pelopii
811 1339 858 1408 11.
881 1351 909 1405 et
940 1339 1090 1424 Greporio'
1112 1339 1139 1405 Ι.
1166 1344 1377 1424 proferuntur
1417 1409 1420 1414 ,

373 1442 549 1508 testimonio
561 1463 579 1518 ,·
594 1463 728 1526 quorum
743 1463 852 1506 eenene
871 1443 932 1507 rite
946 1445 1082 1527 eupoeiti
1101 1455 1267 1526 utramque
1280 1466 1374 1526 puae·

373 1544 503 1609 ationem
524 1547 559 1609 de
585 1543 700 1627 Vipitio
720 1555 747 1608 et
770 1544 904 1628 Oripene
932 1545 1187 1628 praeclarissime
1210 1547 1375 1611 ittuetrant

373 1648 525 1712 adoereue
545 1657 658 1713 oeteree
676 1637 874 1728 'recentesque
894 1647 1120 1726 obtrectatores,
1142 1646 1205 1712 uni
1223 1649 1302 1712 ideet
1330 1647 1376 1712 n·-

168 1735 169 1740 '
284 1763 287 1768 ·
373 1749 454 1833 pitio
480 1750 730 1829 instabilitatem,
759 1749 1051 1829 contradictionem,
1068 1749 1214 1834 portium
1236 1749 1376 1816 etudinm

373 1861 401 1916 et
421 1873 442 1916 a
461 1861 545 1917 recta
565 1853 626 1936 fide
642 1853 963 1934 praeuaricationem,
986 1853 1081 1917 atteri
1103 1871 1211 1935 nempe
1243 1849 1376 1932 Oripene‘

297 1981 300 1986 ·
374 1952 475 2034 impia
495 1954 642 2048 dopmoto
662 1964 690 2017 et
711 1955 852 2018 occardo
872 1953 1087 2018 inscribentee.
1106 1953 1147 2017 Et
1162 1953 1304 2034 primum
1324 1954 1373 2016 di·

374 2066 425 2122 cta
446 2057 671 2138 expenduntur
690 2055 817 2140 Petapii
837 2056 944 2139 Papae
971 2051 998 2121 1.
1030 2127 1032 2132 ⁸
1042 2101 1314 2121 ......
1355 2075 1372 2114 o
1412 2053 1453 2126 48

690 2207 692 2212 ’
755 2255 914 2334 aanor
935 2257 1009 2326 vn.

338 2436 463 2520 Petapii
487 2439 593 2523 Papae
614 2439 659 2506 11.
683 2451 856 2524 aequantur
875 2451 902 2505 et
918 2437 1134 2506 ittuetrantur
1163 2440 1375 2507 moeeeaetonee

292 2553 296 2561 ·
376 2543 526 2605 adoereue
548 2545 646 2608 trium
666 2543 887 2626 Cupitutorum
908 2545 1144 2626 defensoreesnc
1164 2563 1229 2606 una
1250 2544 1379 2607 ditaun-

376 2652 431 2704 tur
449 2646 659 2711 recentiorum
671 2646 950 2728 interpretationes
965 2644 1001 2708 in
1022 2645 1170 2726 epietotae
1183 2644 1277 2727 liujus
1295 2645 1379 2710 Pon·

381 2745 477 2827 tifioie
497 2759 623 2814 exactae
680 2793 1260 2813 ............
1300 2763 1313 2812 ·.
1359 2771 1377 2806 »
1416 2749 1455 2816 55

778 2927 918 2997 CAPUT
940 2925 1027 2994 vm.

339 3109 490 3193 Superior
504 3111 647 3178 diecueea
667 3122 695 3176 et
709 3114 855 3194 expedita
869 3112 905 3176 iu
918 3112 1017 3176 trium
1041 3109 1263 3193 capitulorum
1283 3131 1379 3177 eausa

378 3213 622 3294 comprobamur
635 3234 655 3278 a
669 3235 696 3277 e.
715 3212 868 3296 Greporio
881 3213 1015 3300 Moeno,
1028 3235 1042 3278 e
1056 3215 1149 3296 cuiue
1161 3213 1302 3294 epistolio
1317 3233 1380 3278 non

380 3316 482 3379 cotum
499 3317 663 3396 praelucet
682 3316 786 3380 animi
805 3314 860 3380 eui
879 3318 1075 3380 moderamen
1095 3317 1247 3380 adoereue
1273 3334 1379 3380 eorum

384 3415 603 3498 Capitulcrum
613 3427 783 3498 patronos,
801 3429 959 3502 quantum
974 3418 1077 3500 ipsine
1096 3419 1173 3500 fides
1194 3426 1224 3481 et
1237 3429 1381 3484 coneten-

380 3517 427 3578 tia
442 3515 477 3580 e'n
496 3516 665 3598 firmandis
685 3539 706 3580 a
728 3516 852 3600 Synodo
874 3518 906 3582 V.
921 3519 1062 3597 statutio,
1077 3521 1207 3583 euetuea
1227 3519 1382 3604 quaestio·

378 3637 416 3680 ne
436 3617 638 3698 oripem'anu,
659 3630 686 3684 et
706 3621 977 3686 schismaticorum
1001 3621 1170 3703 patefactio
1196 3619 1382 3703 ipnorunte'a

320 3705 323 3712 ’
380 3732 407 3784 et
423 3719 572 3786 ittueione
593 3721 627 3785 in
647 3725 837 3804 exponendis
857 3736 993 3788 ceterum
1014 3722 1162 3804 seriptis.
1310 3768 1318 3784 .
1359 3742 1377 3780 ι
1415 3719 1454 3786 67

793 3901 933 3970 CAPUT
956 3901 1010 3966 IX.

341 4060 575 4144 Dieque'runtnr
589 4073 619 4128 et
630 4067 840 4147 confutantur
860 4081 967 4127 eorum
987 4073 1190 4145 arpumento,
1203 4059 1259 4143 qui
1276 4060 1310 4124 in
1327 4057 1383 4140 Sy-

381 4165 462 4226 nodo
484 4163 514 4227 V.
536 4166 736 4232 arbitrantur
756 4170 939 4232 damnatum
960 4167 1061 4246 [uisae
1083 4164 1262 4245 Oripenem,
1279 4172 1307 4226 et
1326 4163 1381 4224 troc

380 4263 414 4325 in
435 4265 548 4344 primis
569 4288 606 4328 ec
629 4289 745 4331 canetae
762 4267 821 4332 XI.
845 4267 978 4350 ejusdem
994 4265 1113 4348 Synodi
1132 4271 1321 4347 repetentee.
1364 4281 1381 4321 n
1420 4257 1460 4324 'e'8
