3042 4940
308 339 350 414 dt

308 442 396 522 dam,
412 441 469 524 qni
490 446 634 507 sanctam
655 437 940 506 chalcedonensem
954 436 1120 524 Synodnm
1134 436 1196 502 soh
1209 451 1315 500 naevo
1332 431 1432 497 oilsn·

308 545 406 611 sionis
428 542 564 626 rejicere
587 538 828 608 inconsideratis
844 540 978 606 socihus
995 538 1197 622 jactitabant,
1213 544 1289 602 tnnc
1303 551 1324 596 a
1339 551 1434 616 pras·

310 646 378 712 isto
399 645 559 726 Principe,
582 646 700 710 iterato
718 645 749 708 in
771 643 858 724 regia
885 643 966 706 urhe
980 638 1255 720 Constantinopoli
1270 636 1432 712 Concilio,

309 749 495 830 congregati
515 753 590 812 sunt
606 741 675 812 tot.
699 744 870 810 venerandi
891 741 1185 823 Patres3Capitnla
1207 740 1277 816 illa,
1300 739 1342 802 de
1362 738 1436 820 qni·

309 849 371 916 hos
384 849 541 912 iniamaro
555 846 734 929 gestiebant
747 847 974 929 obloquentes,
990 844 1187 923 praedictam
1199 840 1436 906 chalcedonen-

308 969 378 1016 sem
398 947 564 1035 Synodnm
595 947 637 1010 ah
657 947 744 1012 omni
770 948 952 1030 suspicione
983 947 1075 1028 pravi
1096 946 1220 1011 erroris
1249 942 1435 1018 ahsolreas,

313 1052 374 1116 tria
397 1048 559 1132 Capitale,
574 1067 636 1131 pro
656 1051 775 1132 quihus
796 1049 1024 1128 accusabatur,
1039 1057 1151 1132 aperta
1165 1047 1374 1112 damnatione
1396 1043 1438 1108 le·

312 1155 358 1220 cit
379 1155 503 1220 ulcisci.
517 1151 579 1218 Uhl
594 1159 627 1218 et
646 1152 853 1220 decessorum
872 1151 1006 1219 Petrum
1028 1151 1159 1234 regulas
1178 1168 1289 1216 sacrae
1310 1149 1439 1213 imtitr·

312 1257 407 1320 tionis
427 1262 609 1335 sequentes,
630 1262 774 1320 sanctam
793 1255 1078 1320 stimmaenlatam
1100 1252 1319 1319 orthodoxam
1342 1249 1438 1313 tidem

312 1356 480 1424 vivacihns
510 1356 675 1422 sententiis
699 1357 890 1422 roborantes
911 1357 1092 1422 firmissima
1121 1355 1297 1420 attentione
1319 1350 1438 1416 contir-

311 1465 495 1527 moverunt.
512 1476 530 1520 a
547 1457 668 1524 Deinde
681 1459 833 1542 seqnitur
852 1459 1012 1542 proiessio
1033 1459 1139 1524 hdeia
1157 1457 1310 1522 Patribus
1323 1457 1355 1518 ln
1378 1456 1438 1518 hac

314 1560 491 1628 Mediolani
512 1559 642 1642 Synodo
666 1561 880 1643 congregatis,
895 1563 1014 1642 quihus
1029 1568 1179 1643 proceret
1199 1561 1268 1640 ipse
1287 1555 1439 1622 Mensae·

316 1669 370 1730 tns
381 1682 395 1746 3
417 1663 540 1745 quique
560 1659 680 1746 Synodi
703 1661 743 1726 V.
766 1662 861 1727 fidem
882 1663 1043 1743 expressit
1061 1665 1096 1726 in
1117 1663 1179 1727 hac
1198 1661 1347 1743 epistola.

241 1839 249 1848 ,
396 1761 447 1827 Ει
462 1763 685 1845 hsoepisoopi
700 1763 942 1828 mediolanensis
956 1763 1169 1828 obtestatione
1188 1780 1308 1842 arguas
1339 1761 1439 1842 (qna

285 1941 292 1953 ¹
316 1881 458 1946 cumque
477 1864 615 1945 seposita
636 1864 670 1929 in
700 1865 810 1946 quinta
832 1864 962 1949 Synodo
983 1868 1152 1947 peregrina
1184 1864 1387 1945 quaestione,
1409 1869 1440 1926 et

316 1965 448 2048 quidem
462 1970 670 2048 praesumpta
691 1967 888 2047 origeniana)
904 1968 986 2031 hanc
1001 1966 1101 2031 inlus
1122 1965 1296 2030 adunatam
1319 1964 1438 2029 solum·

315 2065 414 2130 modo
429 2083 490 2147 pro
511 2064 755 2132 confirmatione
771 2065 905 2134 Consilii
926 2068 1203 2133 chalcedonensis.
1221 2065 1389 2131 Codrenns
1410 2067 1438 2128 in

322 2163 508 2248 Compcadie
523 2162 757 2241 Historiarum,
779 2174 815 2232 ut
836 2173 974 2232 testator
994 2166 1138 2232 hlanslns
1158 2169 1189 2230 in
1211 2165 1439 2230 Additamentis

318 2267 555 2346 Consiliorum,
575 2268 653 2333 dicit
667 2267 764 2333 luisse
784 2268 817 2331 ia
838 2271 948 2350 quinta
962 2267 1091 2357 Synodo
1114 2269 1240 2333 firmata
1261 2287 1300 2334 ac
1314 2269 1439 2331 damna·

320 2376 352 2434 ta
370 2375 507 2447 unium,
524 2385 609 2452 qnae
624 2371 655 2434 lo
671 2371 935 2451 praecedentibus
950 2379 1096 2453 quatuor
1108 2373 1287 2454 proscripta
1305 2371 1438 2434 inerant

242 2486 246 2498 ’
320 2469 366 2536 Et
392 2469 424 2534 in
445 2471 494 2536 his
526 2471 682 2537 sententia
716 2470 888 2537 Coustltntl
910 2470 1019 2552 vigiltt
1050 2473 1221 2538 convenit:
1257 2492 1275 2532 s
1305 2469 1440 2552 Propter

321 2570 424 2654 quod,
439 2571 485 2636 ait
501 2571 600 2654 Papa,
615 2571 742 2636 clerum
758 2581 818 2649 est,
834 2573 913 2638 nihil
928 2576 1003 2638 novi
1018 2593 1075 2639 nos
1092 2559 1151 2656 por
1172 2575 1254 2638 hanc
1269 2571 1440 2638 damnatio·

320 2691 395 2739 nem
416 2680 574 2750 statuere,
596 2675 652 2740 scd
674 2695 710 2740 ea
733 2677 1032 2753 anathematizasse,
1055 2694 1140 2759 qnae
1161 2683 1194 2740 st
1213 2683 1324 2740 sancta
1345 2675 1438 2756 Syna·

321 2773 383 2841 dus
404 2775 550 2856 respicit;
573 2783 606 2840 et
627 2777 694 2860 ipss
715 2796 847 2859 qnoque
861 2775 1085 2844 Theodoretus
1107 2777 1278 2860 episcopos
1298 2777 1366 2842 illic
1383 2791 1436 2840 sna

322 2876 523 2961 professione
544 2877 749 2945 damnavit.»
881 2957 886 2968 ⁸

407 2977 488 3044 item
509 2980 541 3044 in
564 2981 761 3062 professione
792 2985 906 3049 emissa
928 3002 946 3047 a
968 2981 1113 3049 Concilio
1139 2983 1267 3064 anglico
1294 2979 1439 3046 Hedhlnl·

328 3078 369 3144 de
390 3067 558 3168 celebrato
577 3099 661 3148 anno
682 3080 753 3152 680.
768 3083 901 3164 legitur:
916 3105 933 3144 s
949 3083 1156 3165 suscepimus
1177 3088 1305 3164 sanctas
1325 3089 1357 3146 et
1375 3079 1437 3142 nni·

327 3181 470 3246 vernales
492 3183 637 3264 quinque
657 3180 803 3269 Synodos
824 3185 994 3250 hestorum
1016 3184 1152 3250 Petrum
1169 3231 1178 3251 .
1193 3229 1201 3246 .
1214 3232 1224 3250 .
1239 3231 1247 3248 .
1265 3183 1309 3250 Et
1328 3185 1436 3248 itsrnnr

326 3281 360 3348 ln
381 3280 655 3368 Constantinopoli
687 3287 801 3367 quinto
821 3288 1006 3368 congregati
1028 3296 1105 3354 sont
1134 3286 1282 3353 Concilio
1304 3293 1437 3364 tenpore

327 3381 349 3450 J
353 3383 502 3448 ustiniani
523 3393 635 3452 contra
649 3386 858 3455 Theodorum
879 3399 912 3454 et
928 3389 1171 3456 Theodoretom
1184 3397 1220 3457 et
1233 3388 1309 3456 lhac
1323 3387 1436 3470 Episto-

327 3483 394 3549 lam
415 3491 449 3550 et
469 3503 584 3552 eorum
605 3487 755 3570 dogmata
776 3497 888 3556 contra
909 3491 1081 3576 Cprillnm.
1105 3510 1122 3552 s

409 3583 546 3667 insuper
565 3589 598 3652 ln
618 3587 737 3656 Codice
766 3609 959 3673 pergameno
981 3590 1137 3658 Vaticano
1159 3591 1303 3658 Palatino
1322 3607 1352 3653 n
1368 3583 1432 3652 eth

330 3685 372 3750 nh
391 3686 483 3752 initio
503 3689 612 3756 hrovts
643 3695 830 3759 contexitur
855 3695 1022 3778 catalogos
1043 3695 1249 3781 Synodornm
1270 3687 1436 3760 occunml·

263 3839 265 3843 -
331 3805 459 3856 cerum.
483 3789 527 3856 Et
550 3792 605 3857 nhi
628 3793 668 3858 de
689 3793 819 3876 Synodo
833 3795 872 3860 V.
890 3798 969 3862 haec
982 3803 1148 3864 notantur:
1163 3819 1180 3860 a
1195 3796 1311 3876 Quinta
1324 3791 1437 3858 inCon·

331 3890 539 3973 stsntlnopoii
563 3899 675 3958 contra
692 3892 900 3962 Theodorum
922 3906 1185 3981 mopsuestenum
1199 3904 1233 3964 et
1246 3912 1350 3962 omnes
1366 3891 1433 3954 hae·

330 3991 459 4056 reticos.
483 3989 549 4070 Qui
571 3992 764 4062 Theodorus
784 3997 912 4064 dicebat
931 4000 1033 4066 alium
1054 4019 1124 4066 esso
1145 3998 1204 4065 ilci
1224 3997 1378 4067 ternum.
1403 4005 1433 4050 ⁸·

330 4089 412 4156 lium
428 4089 593 4161 Christum
601 4115 614 4177 3
631 4097 830 4178 temporibus
842 4098 864 4167 J
868 4101 1017 4167 nstlniani
1037 4102 1203 4185 principis,
1217 4099 1325 4182 vigilii
1339 4093 1431 4170 Papae

331 4189 480 4272 llomani,
497 4192 616 4264 Domni
636 4199 831 4283 antiocheni,
854 4200 998 4272 Entichii
1019 4197 1354 4287 consunttnopolitsni·
1373 4189 1431 4270 ont
