3138 4950
333 369 429 562 ffio
451 479 567 545 deleat.
590 476 741 554 Quorum
763 477 820 539 ille
843 481 1032 544 memoriam
1065 482 1170 560 magni
1200 481 1267 542 iere
1298 481 1464 544 momenti

335 582 443 658 tinxit,
466 589 498 644 et
517 597 643 644 summe
665 583 733 640 tum
755 577 854 640 aetati
875 575 952 641 hnic
974 577 1195 660 prolaturam,
1219 586 1287 642 tum
1314 583 1465 661 posteri-

337 684 416 762 tati3
437 681 542 761 siquid
565 697 709 759 unquam
731 678 891 760 agendum
913 683 976 745 erit
993 681 1061 762 jam
1083 682 1162 746 actis
1183 681 1288 744 simile
1309 728 1316 742 .
1334 727 1341 743 .
1358 727 1392 742 ..
1413 680 1464 743 ll·
1566 703 1567 734 t

331 784 391 850 lntl
416 801 494 848 sero
514 781 635 847 sciebat
656 781 782 844 hnctor
811 780 995 844 condendae
1018 782 1093 846 huic
1116 779 1278 845 Historiae
1298 781 1463 847 idoneum

334 905 369 951 ac
389 903 459 950 esse
480 883 621 948 maxime
651 883 809 959 omnium,
833 883 875 945 ob
896 882 984 947 aliud
1016 889 1104 946 certe
1126 883 1218 959 nihll,
1248 883 1306 946 uisi
1334 899 1415 948 cnm
1442 902 1461 944 a

335 985 478 1050 consiliis
499 984 599 1049 inerit
619 982 777 1048 Belisario
799 981 887 1062 (luci,
910 984 1069 1067 quidquid
1092 983 1160 1048 iere
1182 991 1306 1064 gestum
1321 993 1380 1061 eat,
1410 989 1466 1050 vi·

337 1088 393 1152 dit.
416 1086 488 1153 Hoc
509 1093 619 1152 nutem
641 1102 832 1167 persuasum
855 1086 969 1149 habuit
990 1088 1053 1149 artl
1085 1087 1249 1152 oratoriae
1278 1079 1464 1152 contenire

335 1189 567 1270 eloquentiam,
590 1188 736 1270 poeticae
759 1186 947 1251 tabularum
970 1187 1133 1268 figmenta,
1157 1189 1311 1252 historiae
1332 1189 1464 1252 sorita·

337 1299 411 1356 tem.
434 1287 545 1366 Quare
567 1306 607 1352 ne
637 1288 909 1352 amicissimorum
934 1289 1066 1370 quidem
1097 1295 1229 1370 poemia
1262 1289 1341 1354 texit
1350 1309 1363 1368 3
1396 1289 1462 1352 scu

336 1391 498 1473 cujusque
514 1397 607 1453 actus
621 1405 741 1471 pravos
754 1387 851 1471 juxta
865 1395 966 1470 atque
983 1389 1147 1464 honestos,
1160 1407 1257 1471 quam
1272 1391 1388 1471 potuit,
1404 1406 1467 1455 ac·

335 1477 537 1556 c'urattsstma
558 1491 677 1554 litteris
699 1485 854 1572 prodidit,
879 1488 975 1567 Quod
999 1492 1112 1556 attinet
1133 1491 1172 1556 ati
1195 1492 1335 1555 laciuora
1351 1493 1463 1555 armis

335 1593 419 1658 edita
441 1595 472 1655 in
494 1593 581 1656 hisee
601 1591 733 1670 libellis,
755 1594 956 1673 quicumque
977 1593 1146 1657 illasvotct
1176 1596 1306 1674 exigere
1326 1593 1366 1656 ad
1400 1612 1465 1657 ve·

335 1696 477 1771 ritatem,
500 1694 580 1758 nihil
602 1711 739 1774 usquam
755 1697 987 1774 praestantius,
1004 1695 1084 1757 nihil
1099 1695 1216 1759 turtius
1231 1695 1379 1774 reperiet.
1407 1694 1462 1760 Ea

334 1812 411 1860 saue
433 1801 559 1873 patrata
581 1801 670 1870 suut,
693 1795 812 1873 qulbus
833 1797 953 1872 omnia,
975 1815 1060 1878 quae
1076 1798 1161 1861 lama
1177 1797 1372 1876 accepimus,
1396 1797 1463 1859 atl-

335 1894 544 1980 mirahilitate
565 1894 744 1958 concedant
767 1903 827 1958 etc.
851 1915 867 1954 c
892 1893 971 1962 ltom
997 1898 1029 1959 in
1061 1896 1261 1978 praefatione
1289 1896 1462 1962 librorum

335 1995 380 2058 Da
395 1993 568 2077 Aedificiis:
583 2017 600 2058 a
615 2005 648 2060 at
663 2015 803 2073 mecum,
820 1997 937 2078 iuquit,
952 1999 1080 2079 saepius
1101 2000 1241 2080 cogitati
1256 2007 1336 2080 quot
1351 2017 1466 2079 quau·

335 2103 434 2188 taque
455 2098 539 2162 bona
561 2096 749 2163 civitatibus
772 2119 811 2163 ex
836 2100 971 2164 historia
995 2103 1082 2166 nasci
1096 2102 1233 2165 soleant:
1250 2119 1334 2182 quae
1351 2103 1463 2186 majo·

338 2215 412 2263 rum
431 2199 624 2288 vmemoriam
647 2200 829 2281 posteritati
853 2201 1051 2275 transmittit,
1075 2201 1152 2266 dum
1177 2204 1313 2282 tempori
1336 2219 1458 2266 reru·

337 2303 501 2378 gestarum
524 2299 642 2364 lamam
663 2300 867 2381 supprimere
896 2301 1114 2377 contendenti,
1136 2302 1230 2365 enisa
1257 2300 1376 2364 obsut.
1398 2321 1419 2358 ι

424 2397 643 2467 Nihilominus
665 2403 696 2466 ln
719 2399 861 2467 Historia
883 2402 1011 2465 hrcana
1033 2403 1171 2467 seutiam
1193 2404 1321 2466 huotor
1340 2402 1402 2467 sibi
1428 2420 1465 2464 a·

335 2502 414 2566 liter
433 2491 640 2567 scribentium
662 2519 731 2567 osae
751 2503 790 2568 de
812 2500 1009 2580 tusttutano,
1032 2505 1076 2567 ita
1098 2504 1230 2568 lectoris
1251 2506 1356 2586 praeit
1367 2505 1460 2585 jndi-

334 2603 398 2666 cio:
412 2601 588 2685 «Huiusce
606 2620 684 2668 vero
700 2603 822 2668 consilii
838 2622 908 2668 eam
921 2606 1029 2668 habeo
1046 2623 1189 2681 causam,
1202 2605 1288 2686 quoti
1303 2605 1361 2668 illa
1377 2609 1459 2669 scri·

339 2708 427 2783 bere,
449 2725 515 2789 qna
536 2708 677 2771 maxima
699 2710 825 2773 ratione
846 2709 1056 2788 oportuisset,
1087 2725 1293 2788 nequaquam
1322 2709 1459 2788 expetii-
1566 2717 1567 2748 t

337 2825 374 2872 re
397 2815 466 2873 tum
488 2809 566 2871 mihi
590 2807 773 2884 sitiebatur,
795 2827 870 2873 cnm
892 2809 989 2873 etiam
1012 2827 1096 2872 nuuc
1117 2810 1307 2888 superstites
1329 2810 1453 2880 iurent,
1566 2849 1567 2882 ,

337 2911 392 2992 qui
414 2929 451 2974 aa
474 2916 725 2991 perpetrassent.
748 2908 844 2973 Certe
860 2911 964 2973 latere
979 2912 1046 2992 ipse
1059 2908 1182 2972 diutins
1198 2927 1261 2972 uon
1275 2913 1454 2988 potuissem

336 3012 564 3089 exploratores
585 3013 701 3092 passim
725 3010 908 3091 dispositos,
930 3030 1035 3092 neque
1056 3011 1216 3092 supplicio
1231 3011 1457 3074 crudelissimo

336 3129 400 3175 non
421 3101 567 3188 interire,
590 3113 615 3174 si
638 3112 858 3192 deprehensus
880 3112 1034 3190 inissem
1056 3113 1186 3194 quaudo
1215 3131 1274 3176 nec
1301 3113 1453 3191 sanguiue

338 3213 530 3295 propinquis
550 3211 651 3276 fidere
673 3219 744 3276 tuto
767 3221 925 3293 poteram,
950 3214 1026 3295 quin
1048 3223 1080 3277 et
1102 3215 1296 3286 multorum,
1320 3231 1403 3292 quac
1424 3213 1454 3272 iu

335 3313 561 3397 superioribus
581 3313 672 3377 libris
700 3316 875 3378 memoriae
901 3315 1040 3395 prodidi,
1063 3316 1161 3377 silero
1182 3333 1297 3378 causas
1318 3325 1451 3380 coactus

335 3435 418 3482 sum.
442 3414 554 3492 Quare
575 3432 683 3478 meum
707 3415 768 3480 iuit
790 3415 931 3479 cilicium
953 3416 985 3477 iu
1007 3416 1068 3478 hac
1087 3417 1242 3480 historiae
1257 3425 1363 3496 purte,
1378 3433 1449 3478 curu

337 3535 389 3580 res
409 3515 537 3580 silentio
557 3532 746 3596 suppressas
762 3516 938 3592 hactenus,
949 3523 1017 3579 tum
1032 3533 1159 3592 earum,
1176 3533 1262 3596 qnae
1276 3517 1368 3596 prius
1385 3517 1451 3576 rul-

335 3624 429 3696 qatao
448 3623 535 3694 sunt,
558 3633 672 3680 causas
693 3616 800 3680 edere.
823 3616 884 3681 Sed
908 3617 997 3682 aliud
1021 3617 1193 3681 molestum
1216 3633 1293 3680 saue
1322 3625 1355 3678 et
1376 3615 1449 3677 ‹tilb-

337 3718 495 3783 eillimnm
517 3726 688 3800 repugnat,
710 3717 864 3781 nimirum
886 3716 1059 3784 iustiniani
1082 3719 1146 3780 sita
1179 3735 1217 3781 ac
1249 3715 1449 3786 Theodorus,

337 3818 376 3882 nd
398 3836 496 3897 qnam
518 3821 662 3882 animum
682 3817 860 3900 appellens,
885 3827 1000 3894 tremo,
1023 3817 1273 3899 longissimeque
1302 3817 1449 3882 retrahor

340 3920 401 3983 hac
421 3919 629 4000 cogitatione,
651 3937 688 3983 ea
711 3937 762 3982 me
773 3919 841 4000 jum
852 3917 1068 3998 scripturum,
1089 3937 1174 4001 quae
1189 3935 1249 3982 nec
1264 3917 1327 3982 lide
1347 3917 1448 3998 tima.

338 4039 396 4084 uec
419 4021 603 4084 verisimilia
627 4022 764 4098 posteris
787 4019 996 4085 videbuntur.
1022 4021 1070 4085 hc
1084 4021 1226 4084 maxime
1240 4037 1315 4084 cum
1337 4019 1447 4082 harum

341 4139 451 4187 rernm
475 4123 628 4186 historiae
659 4121 855 4202 longinquus
882 4124 1036 4202 temporis
1057 4123 1168 4203 lapsus
1192 4137 1341 4202 maguam
1364 4127 1448 4184 retu·

337 4229 453 4288 statem
474 4225 635 4300 attulerit,
660 4241 776 4290 vereor
797 4242 836 4288 ue
858 4223 976 4290 futuam
999 4223 1192 4290 fabulatoris
1215 4231 1283 4288 tuus
1314 4222 1445 4286 relerau
