3138 4950
331 391 395 463 392

334 496 485 559 tuleram
506 495 757 568 damnationem,
774 501 806 559 et
828 495 870 558 ob
885 497 947 559 taoo
961 513 1037 559 cnm
1052 494 1118 558 suis
1139 495 1448 559 excommunicatus.

332 597 435 678 Cujus
456 597 799 663 excommunicationis
825 597 922 661 verba
946 599 987 660 ita
1011 597 1155 677 exposita
1179 604 1268 671 sont,
1292 603 1329 659 nt
1350 603 1451 658 mota·

331 699 370 762 tis
386 698 544 777 personis,
561 705 593 760 et
606 713 705 762 sanan
721 701 874 778 negativo
887 701 918 760 in
933 697 1164 762 affirmativum
1183 699 1354 774 translato,
1372 704 1453 761 trau·

335 799 456 879 scripta
480 798 652 862 videantur
667 817 710 862 ex
733 799 879 879 praelata
896 797 1006 881 vigilii
1021 801 1158 881 epistola
1180 799 1319 881 genuina
1334 785 1453 863 adlin-

332 899 451 963 sttcnm
472 907 505 964 et
525 897 761 964 Sebastianum.

868 1099 913 1164 Vl

417 1303 579 1370 Catholici.
604 1304 638 1367 ln
664 1303 798 1385 epistola
828 1304 867 1370 ad
900 1304 1115 1369 Aurelianum
1137 1303 1287 1386 vigilius,
1319 1324 1404 1387 quae
1422 1307 1451 1369 ia

333 1403 487 1470 indicato
508 1406 665 1470 adversos
687 1406 748 1468 tria
770 1404 922 1485 Capituli
944 1406 1148 1482 decreverat,
1170 1407 1377 1482 confirmans,
1400 1425 1453 1488 per

332 1507 540 1570 Anastasium
570 1508 616 1570 oit
644 1525 678 1570 se
700 1507 844 1571 breviter
866 1527 902 1570 eo
924 1526 1073 1584 narrare,
1096 1509 1216 1572 addeua
1235 1526 1269 1572 sa
1286 1525 1452 1590 eouaqaao

331 1605 436 1672 redita
462 1606 680 1688 praepeditum
707 1617 818 1670 asscel
839 1609 877 1672 cd
897 1609 1066 1688 asperitato
1086 1607 1204 1690 ipcma's
1231 1619 1260 1671 ct
1284 1609 1323 1672 od
1345 1607 1453 1674 ltaliae

332 1707 512 1773 necessitate
532 1730 552 1775 a
572 1709 690 1790 palliis
710 1721 887 1791 occupatae.

340 1863 341 1866 ,
416 1809 627 1876 Schismatici.
650 1810 758 1894 Hujus
789 1813 945 1893 epistolae
965 1811 1193 1894 Capitolorum
1219 1812 1406 1878 defensores
1424 1813 1453 1876 io

332 1912 450 1977 litteris
471 1914 510 1976 ad
533 1911 670 1994 Legatos
700 1913 902 1990 francorum,
923 1933 1053 1979 sensnm
1076 1915 1248 1993 falsarunt,
1278 1921 1452 1980 asserentes
1549 1953 1550 1958 κ

333 2033 397 2079 non
413 1999 555 2094 potuisse
577 2015 781 2078 anastasium
809 2014 1086 2096 Constantinopoli
1106 2016 1210 2092 exire,
1238 2015 1297 2080 nisi
1320 2031 1453 2096 spopon-

332 2117 434 2180 disset
451 2135 486 2180 se
501 2133 539 2180 ea
556 2115 707 2195 Capitale
728 2115 898 2193 damnare,
914 2133 952 2179 ac
973 2115 1118 2180 studium
1134 2133 1268 2197 quoque
1287 2134 1388 2180 snum
1401 2117 1455 2179 im·
1549 2185 1550 2208 ,

332 2218 487 2298 pendere,
511 2226 548 2282 nt
568 2217 711 2300 episcopi
733 2215 918 2284 Galliarum
940 2217 1132 2282 damnarent
1143 2237 1155 2297 3
1177 2236 1215 2282 ac
1230 2218 1374 2298 amplius
1395 2235 1453 2281 noa
1549 2287 1550 2312 χ

331 2318 463 2384 licuisse
485 2317 603 2400 vigilio
625 2336 684 2400 per
704 2319 854 2384 eumdem
877 2317 1191 2401 anastasiamque
1209 2316 1247 2382 io
1266 2318 1340 2401 ipsa
1360 2335 1453 2384 caasa

332 2431 488 2502 cunctor,
510 2419 668 2502 [ratribus
688 2420 757 2486 sois
771 2420 923 2502 episcopis
943 2419 1118 2501 pullicenis
1137 2421 1278 2486 accidere.

859 2621 920 2688 tlt

872 2768 883 2811 a

424 2820 588 2890 Catholici.
610 2823 749 2907 vigilios
770 2843 831 2907 per
850 2826 1040 2893 iudicatum
1062 2827 1229 2892 damnarit
1248 2828 1312 2891 tria
1329 2827 1454 2910 capitu·

340 2922 385 3000 la,
409 2940 447 2989 ac
467 2926 581 2992 deiude
596 2929 892 2993 excommunicavit
912 2929 1032 2994 horum
1050 2921 1278 3012 capitularum
1294 2938 1454 3011 patronos,
1549 2935 1550 2940 ’

339 3024 513 3106 inquibus
543 3025 779 3108 Sebastianum,
805 3029 990 3106 Rusticum,
1025 3031 1149 3108 Elium,
1172 3029 1409 3113 Lampridium,
1428 3036 1457 3092 et

340 3123 485 3191 Felicem
507 3127 657 3194 abbatem
680 3131 781 3212 trojus
810 3131 952 3196 scandali
978 3131 1177 3196 incentorem
1199 3132 1231 3194 in
1261 3129 1454 3197 dionosterio
1549 3149 1550 3178 ³

339 3226 499 3306 gillitano.

420 3327 635 3396 schismatici,
673 3329 724 3396 Ex
746 3335 932 3398 narratione
954 3331 1100 3400 Facundi
1121 3341 1154 3398 et
1175 3331 1319 3399 Victoris
1340 3335 1455 3398 consul

341 3435 418 3494 tunc
439 3432 587 3496 adunatis
600 3433 737 3517 synodis
761 3435 794 3498 in
816 3435 927 3500 Africa
943 3443 976 3500 et
996 3435 1028 3498 io
1045 3434 1180 3520 illyrico
1201 3435 1455 3499 excommunica·

341 3537 411 3593 tnm
435 3531 533 3597 luisse
557 3529 710 3614 vigilium
732 3532 853 3616 Papam
875 3535 918 3598 ob
946 3535 1044 3599 trium
1072 3533 1303 3614 Capituloruua
1331 3534 1453 3597 damua-

340 3630 459 3697 tiouem
469 3651 483 3714 5
504 3641 537 3700 et
558 3633 643 3698 inter
662 3641 790 3700 sanctos
813 3643 1022 3702 numeratum
1049 3653 1118 3701 ease
1135 3633 1280 3702 Felicem
1302 3633 1454 3700 abbate·-
1549 3641 1550 3720 j

867 3836 969 3948 Vlll¹

423 4037 587 4106 castellot.
606 4039 669 4106 Por
684 4038 837 4122 vigilium
853 4040 940 4106 edito
955 4041 1139 4109 Constituto
1152 4041 1311 4108 adversos
1327 4041 1386 4106 tria
1399 4037 1452 4106 Ca·

339 4141 457 4222 pitnla,
479 4159 584 4224 eaque
606 4142 823 4220 defendentes,
841 4143 946 4223 inquit
961 4140 1075 4209 Victor
1098 4147 1286 4209 tunonensis
1306 4146 1337 4208 io
1359 4141 1453 4208 Claro·

341 4241 433 4309 nico:
453 4263 471 4308 a
492 4241 705 4312 verecundos
730 4261 808 4313 tero
830 4243 986 4313 ecclesiae
1007 4244 1143 4312 nicensis
1163 4245 1334 4328 episcopus
1354 4245 1384 4308 iu
1402 4240 1451 4304 dc·
