2994 4938
318 391 415 578 {gite
435 491 526 560 cerii
547 493 674 560 disemo
695 498 859 560 censentes
871 493 1181 573 sermocinabantur,
1204 511 1265 562 cnr
1278 512 1298 562 n
1312 495 1427 580 quihus-

214 617 219 635 ·
330 599 403 662 dem
425 569 700 683 protomystarum
715 604 869 678 tanquam
890 613 1025 662 scaevus
1040 598 1268 680 sereniusque
1284 606 1427 665 tractstor

329 701 591 782 improbaretur:
617 715 820 780 quamquam
843 699 889 762 sic
915 707 999 763 esset
1025 698 1064 762 sti
1083 700 1218 764 verbnm
1241 701 1430 765 sententien-

327 821 394 883 que
417 803 657 878 translucent
675 818 735 866 nec
750 799 912 881 Apuleius
935 797 1139 866 Phaedonem
1153 803 1199 866 sic
1220 800 1375 877 Platonis,
1388 819 1431 864 ne·

328 921 393 983 qne
413 901 542 968 Tullius
563 901 802 985 Ctesiphontem
822 904 869 966 sic
885 900 1106 967 Demosthenis
1120 905 1151 966 in
1172 923 1268 970 nsum
1286 904 1431 984 regulrm

327 1023 393 1084 que
414 1003 537 1068 romani
558 1005 714 1068 sermonis
745 1003 986 1084 exscripserint.
1010 1019 1027 1062 s
1051 1003 1135 1071 Sane
1154 1006 1197 1070 oh
1229 1003 1390 1069 Pontificis
1404 1009 1431 1066 et

326 1103 415 1172 Cleri
429 1104 566 1171 Romani
581 1106 695 1170 ocules
709 1105 741 1169 in
758 1105 890 1186 publico
915 1101 1011 1170 Urbis
1032 1103 1208 1191 Gymnesio
1221 1107 1371 1188 origenis
1385 1123 1428 1169 ro

326 1206 450 1270 lumina
470 1223 489 1269 n
506 1204 639 1271 llulhno
654 1224 746 1271 versa
769 1223 843 1270 cnm
867 1205 1038 1287 Augustini
1061 1211 1094 1271 et
1109 1206 1275 1274 Prudentti
1297 1207 1430 1273 tihrtstu

326 1306 404 1387 legi,
421 1325 460 1371 ac
475 1307 653 1372 universim
669 1314 745 1374 tnnc
764 1316 896 1386 accepts
912 1326 929 1372 a
944 1308 1018 1372 ittet
1039 1308 1232 1373 christianae
1252 1307 1429 1383 lectoribus,

325 1425 454 1472 sensum
479 1414 628 1473 nostrum
649 1408 758 1473 iirmat
778 1409 818 1474 tle
839 1407 992 1473 Auctoris
1012 1417 1046 1472 et
1070 1409 1257 1490 interpretis
1279 1409 1429 1473 doctrines

251 1535 254 1542 ⁴
324 1507 509 1587 integritate
519 1527 531 1589 3
547 1516 579 1573 et
592 1509 665 1574 hinc
677 1509 895 1575 diversimode
915 1510 1120 1589 exponendas
1141 1527 1210 1573 esse
1225 1507 1431 1573 constetiss-

324 1607 412 1672 stnsli
434 1605 540 1692 Papae
556 1599 695 1688 littores,
711 1629 809 1692 wrm
830 1611 1084 1693 praetenderunt
1103 1608 1250 1675 oeeeottt
1270 1617 1307 1676 et
1321 1618 1429 1676 veteres

325 1715 359 1773 et
379 1710 575 1774 recentiores
596 1710 637 1774 tle
657 1709 805 1792 Origents
826 1710 971 1792 ejusdem
991 1709 1206 1775 damnatione.
1489 1749 1490 1766 t

403 1805 497 1873 Circe
518 1808 602 1874 idem
625 1816 751 1892 tempus
766 1811 849 1876 idest
867 1811 979 1876 seculo
999 1807 1429 1883 commemoratorium,
1489 1801 1490 1860 ἶ

325 1908 422 1991 cnjus
435 1911 586 1990 superius
602 1912 817 1989 meminimus,
833 1913 864 1976 in
886 1911 986 1978 Libro
1001 1911 1026 1976 l.
1042 1913 1083 1978 de
1097 1911 1295 1976 Haereslhus
1316 1929 1367 1987 nn.
1386 1907 1426 1976 ii
1489 1959 1490 1964 η

321 2003 375 2076 tlt.
398 2008 452 2076 85.
474 2009 682 2078 Prternisnos
703 2031 723 2076 n
744 2009 883 2078 Damaso
906 2011 1015 2094 Papo,
1039 2012 1249 2079 llelrliianos
1268 2031 1289 2076 a
1311 2013 1427 2090 Sirielm

325 2107 513 2176 loviniuncs
533 2111 574 2174 uh
595 2111 787 2193 Anastasio,
808 2133 847 2179 ac
868 2114 982 2179 delude
1005 2113 1172 2196 Pelagium
1193 2120 1227 2177 et
1246 2111 1428 2179 coelestino

323 2209 365 2272 ah
388 2208 574 2276 innocentio
595 2211 765 2278 tlsmnstos
785 2213 872 2277 dicit.
896 2214 1048 2278 httcmeu
1069 2214 1110 2278 tle
1133 2212 1274 2294 Origene
1296 2221 1355 2278 aut
1372 2229 1429 2293 per·

321 2327 401 2384 sene
421 2319 479 2376 eut
497 2313 602 2389 libris,
624 2319 682 2378 ent
702 2314 883 2395 origenistis
915 2315 1063 2396 transigit
1081 2315 1222 2380 omnino.
1253 2311 1427 2392 Quinimmo

323 2429 366 2477 cx
385 2414 524 2478 advene
545 2433 620 2480 cnm
636 2415 764 2480 Auctor
785 2416 935 2481 videntur
954 2417 1111 2482 husstnsil
1134 2422 1278 2498 tempore
1302 2414 1430 2497 pertigis-

320 2531 369 2593 se,
392 2520 540 2580 veterum
562 2517 741 2582 testimonia
762 2535 931 2583 recensens
951 2518 991 2582 tle
1010 2515 1159 2599 Origents
1180 2517 1348 2594 electrina,
1368 2513 1428 2580 Ort·

323 2631 436 2698 genem
457 2615 645 2684 catholicum
666 2625 783 2699 rocatg
814 2619 953 2701 ejusque
972 2618 1074 2684 lihros
1094 2620 1135 2682 als
1161 2620 1334 2684 hoereticis
1353 2617 1428 2681 uttr-

324 2722 374 2781 tos
395 2716 494 2782 inisse
513 2719 570 2783 alt.
588 2715 669 2782 item
684 2715 909 2784 Theodoretus
929 2719 962 2782 io
983 2719 1133 2800 pluribus
1158 2726 1191 2783 et
1213 2719 1306 2783 sorio
1328 2733 1427 2800 genere

323 2816 451 2897 seriptis
464 2824 497 2881 et
511 2817 701 2898 praesertim
723 2819 755 2880 ln
775 2817 973 2899 compendio
994 2817 1174 2889 liseresom
1190 2819 1267 2901 (jem
1289 2813 1427 2891 diximus)

323 2935 420 2998 saepe
440 2919 542 2982 lihres
562 2917 712 2999 Origenis
734 2927 914 2996 memorat,
944 2935 1088 3000 eumque
1109 2917 1275 2986 Ecclesiae
1310 2919 1426 2984 Patron
1490 2977 1491 3042 1

322 3019 398 3083 atho
419 3018 563 3084 inscribit
573 3039 586 3098 3
602 3027 636 3082 et
655 3020 920 3096 haereticorum,
944 3019 1000 3099 qni
1021 3036 1080 3084 sne
1101 3027 1208 3084 setste
1228 3027 1262 3084 et
1281 3029 1374 3084 auter
1391 3018 1427 3080 in
1490 3059 1491 3106 p

232 3165 236 3172 ,
323 3117 495 3182 vetuerant
515 3119 547 3181 in
568 3117 648 3184 orbe
668 3119 863 3197 christiano,
885 3120 1123 3184 conintstorem
1144 3121 1303 3186 celebrat.

404 3216 590 3284 Vincentius
611 3220 772 3284 lirinensis
792 3222 803 3300 (
813 3221 854 3286 tle
874 3238 941 3303 qno
961 3223 1112 3301 superius
1132 3223 1273 3303 egimus)
1295 3223 1328 3286 in
1348 3219 1427 3286 Con·
1490 3215 1491 3290 i

325 3319 499 3386 monitorio
520 3321 545 3385 l.
566 3341 595 3386 c.
617 3319 739 3385 Xlilll.
769 3324 909 3406 primum
933 3323 1028 3386 vslde
1047 3323 1221 3404 Origencm
1241 3323 1370 3389 extollit
1388 3319 1425 3384 nti
1490 3291 1491 3354 i

322 3419 488 3488 Ecclesiae
509 3423 681 3488 lloctorem
702 3431 736 3488 et
754 3425 957 3506 prophetam.
980 3423 1128 3490 Secundo
1153 3427 1254 3490 veluti
1275 3431 1424 3490 errantem

322 3523 486 3604 reprenso
513 3521 624 3589 Tertio
644 3526 862 3606 quorumdam
884 3525 1066 3606 opinionem
1084 3525 1209 3608 proiert
1230 3527 1359 3608 (quihus
1377 3539 1425 3586 uec

321 3623 389 3706 ipse
411 3625 540 3704 resistit)
562 3627 813 3694 existimantium
834 3627 936 3690 lihros
956 3625 1104 3708 Origenis
1126 3629 1224 3693 inisse
1244 3635 1423 3708 corruptos:

322 3723 438 3790 «Nam
458 3725 490 3788 ie
513 3726 624 3805 (luisse
645 3728 768 3793 scilicet
787 3728 845 3791 hos
860 3735 1033 3809 corruptos
1053 3727 1173 3808 libros)
1194 3729 1253 3804 eit,
1271 3746 1289 3791 s
1308 3726 1424 3810 quihus·

322 3824 396 3890 dam
416 3843 481 3891 non
502 3827 669 3893 catholicis
691 3835 815 3892 tuntum
835 3829 890 3893 sed
913 3835 946 3893 et
966 3827 1006 3891 sh
1036 3829 1206 3893 haereticis
1228 3829 1377 3893 trelitnm
1397 3827 1423 3886 et

320 3927 477 4006 scriptum
493 3935 551 3991 est.
564 3945 581 3986 o
596 3926 739 4009 ideoque
751 3933 778 3993 si
793 3945 909 3993 resera
926 3929 1123 4010 publiceque
1135 3931 1338 3993 anathemate
1353 3923 1423 3990 mni·

320 4026 397 4090 ctsti
419 4027 553 4092 inissent
573 4025 722 4108 Origeois
742 4028 819 4092 libri
834 4029 972 4110 ejusque
993 4045 1130 4108 pemeus
1151 4046 1210 4109 per
1230 4027 1420 4092 hnastrsinm

319 4122 441 4205 Papam
462 4143 500 4190 en
520 4130 588 4208 ipsa
610 4135 729 4205 notste,
749 4145 816 4209 qur
839 4128 969 4192 rirchst
991 4126 1161 4193 Lirinensis
1169 4149 1182 4208 3
1204 4145 1264 4192 nec
1284 4128 1377 4209 hujus
1392 4142 1420 4186 s·

320 4227 514 4305 nnthemstis
535 4230 694 4292 emisisset
714 4230 906 4294 mentionem
917 4249 928 4309 3
944 4238 977 4296 et
997 4231 1071 4297 hinc
1094 4231 1215 4298 rariem
1236 4230 1276 4296 le
1294 4228 1420 4310 Origene

321 4325 476 4409 loquenti
499 4324 682 4396 termulam
703 4325 924 4416 etlhihuisset.¹
