3138 4950
1177 384 1238 456 391

17 535 20 566 ,
105 486 106 490 ’
208 479 417 546 Schismatici.
436 481 498 548 Per
518 484 602 548 idern
625 491 750 566 tempas
768 485 865 552 trium
880 486 1108 568 capitulorum
1129 487 1240 552 deien-

130 600 215 648 sorss
238 584 344 664 Papss
365 585 598 665 inscripserunt
620 585 790 666 epistolam
814 603 889 650 curu
915 587 1033 652 titulo:
1052 585 1240 652 Dominisct
1320 659 1322 666 ¹

127 684 276 762 isoirihas
308 683 489 760 Theodosio,
521 685 679 766 Anthpmo
705 698 735 764 st
757 685 867 752 &uero
896 685 1041 769 Vipils'us,
1071 688 1126 754 uhi
1157 689 1239 754 duas
1348 685 1350 690 ’

17 839 20 858 ,
129 784 288 848 taunasis
314 788 345 850 in
370 785 500 850 Christo
521 794 666 862 naturas,
687 795 725 854 ut
752 789 796 852 lta
821 789 1053 854 ostenderstse
1068 790 1240 870 acephalo·

130 902 200 948 snm
221 886 346 950 haeresi
367 889 608 953 communicare
628 889 786 956 adsersus
807 890 1001 962 catholicam
1022 891 1213 958 doctrinam.

662 1150 740 1222 IV.

178 1491 180 1496 ,
209 1402 375 1471 Catholici.
392 1405 594 1471 lastinianus
615 1405 646 1468 in
667 1402 787 1470 Formo
806 1405 891 1471 lacta
912 1424 1024 1472 coram
1044 1406 1174 1494 synodo
1194 1408 1242 1473 di·

127 1506 170 1570 cit
191 1505 345 1588 vigilium
370 1505 590 1588 Pontificema
612 1525 648 1570 sc
671 1515 835 1584 sucatum,
858 1508 897 1572 asl
913 1505 1034 1574 Urbem
1050 1511 1171 1590 regiam
1189 1529 1242 1575 sc·

128 1609 209 1672 uisse
229 1610 273 1672 oh
295 1609 393 1671 trium
415 1607 644 1689 Capitnloram
666 1626 811 1684 cansam,
839 1608 934 1689 cuias
951 1609 1075 1690 judicio
1100 1609 1243 1690 tmpera-

129 1717 225 1774 torsa
239 1711 398 1773 submisit.
416 1709 627 1775 Marcellinus
644 1711 676 1773 iu
690 1709 853 1776 Chronico
868 1719 901 1774 et
915 1709 1096 1792 Procopius
1110 1713 1148 1775 dc
1168 1713 1242 1778 Bal·

126 1813 156 1872 tc
179 1809 336 1886 Gottlu'co‚
352 1813 490 1892 simplici
511 1815 697 1879 narratione
717 1809 863 1877 scribunt
877 1812 997 1894 Papam
1017 1830 1037 1877 a
1058 1811 1242 1878 lusciniaco

127 1923 290 1988 vocatum,
312 1912 621 1993 Constantinopolim
644 1914 828 1994 proiectum
850 1932 930 1979 csso.

203 2011 415 2078 schismatici,
434 2012 469 2077 ln
490 2014 623 2094 epistola
646 2013 812 2096 tepoteriis
833 2015 954 2095 legitur
969 2013 1106 2098 vigilius
1128 2016 1256 2081 adiisse-

126 2113 438 2196 Coustantinopolim
453 2117 607 2196 :smaph
629 2123 753 2190 autern,
775 2115 862 2197 qnod
887 2119 996 2181 scrius
1016 2128 1076 2194 est,
1099 2117 1242 2193 dicatur,

124 2235 226 2300 prope
240 2219 399 2284 violenter
413 2217 584 2280 deductus.
597 2237 615 2276 s
629 2215 708 2282 ltem
720 2216 893 2282 Theodora
908 2226 1044 2298 angusta
1060 2221 1188 2301 scripsit
1199 2221 1242 2286 ad

128 2317 282 2402 vigilium
304 2322 463 2398 inquiens:
478 2341 495 2380 s
510 2316 589 2410 Yeni
611 2319 753 2398 adimple
775 2320 877 2393 nohis,
899 2338 985 2400 qnae
1007 2337 1109 2401 prona
1127 2322 1243 2384 solun·

128 2431 191 2486 tato
207 2431 264 2487 tua
286 2422 459 2502 promisisti
482 2421 521 2485 dc
543 2430 636 2501 patre
657 2428 770 2484 nostro
788 2420 962 2505 hathymn‚
981 2430 1014 2485 et
1028 2441 1145 2498 revoca
1168 2441 1244 2496 cum

126 2526 156 2586 in
177 2523 286 2590 officio
306 2542 377 2588 suo.
392 2521 515 2598 Deinde
535 2525 604 2603 ipsa
627 2521 758 2586 mandat
774 2521 947 2584 Anthemio
969 2521 1131 2598 Scriboni,
1149 2533 1185 2608 ut
1207 2543 1245 2587 ιι·

124 2624 302 2707 bicumque
324 2626 333 2704 (
346 2633 481 2706 excepta
503 2625 635 2689 basilica
657 2643 682 2688 s.
699 2623 810 2700 Petri)
835 2625 1004 2690 invenisset
1023 2623 1189 2705 vigilium,
1211 2627 1245 2689 in

17 2713 23 2726 '
123 2729 233 2792 nasim
257 2727 441 2806 impositum
463 2719 622 2806 perducat
643 2726 788 2797 adonin.
805 2728 887 2795 Nam
907 2727 936 2792 si
956 2747 1021 2791 nna
1042 2726 1161 2810 secaris,
1183 2731 1242 2803 ait,

120 2845 178 2906 per
199 2826 352 2891 visentem
367 2827 403 2891 s'n
416 2828 524 2891 ascula
543 2827 706 2894 excoriari
724 2841 752 2893 ts
762 2830 893 2910 socians.
908 2849 925 2888 a
939 2827 1034 2906 Quod
1051 2829 1244 2893 Anthemius

124 2929 274 3006 pertenit.

671 3173 700 3240 V

207 3420 372 3488 Catholici.
396 3421 489 3488 Circa
511 3440 630 3486 annum
651 3419 721 3490 550.
737 3420 874 3502 vigilias
897 3421 980 3504 l’apa
1004 3439 1021 3484 a
1043 3439 1135 3486 sacra
1156 3437 1243 3486 coru·-

121 3527 290 3600 munionc,
312 3532 345 3587 ct
366 3525 543 3591 ministerio
562 3525 695 3587 levitico
715 3526 882 3604 suspendit
904 3523 1073 3588 Rusticum
1095 3532 1128 3587 et
1148 3521 1246 3586 Saha-

119 3627 266 3691 stianusn
287 3625 438 3690 diaconos
460 3644 623 3699 romanos,
641 3627 727 3706 quod
745 3637 857 3689 contra
873 3623 1061 3690 tunicatam
1083 3624 1123 3688 de
1146 3624 1245 3688 trium

121 3724 355 3808 Captsutornrn
378 3728 581 3790 damnatione
604 3729 866 3790 insurrexissent.

203 3823 415 3892 Schismatici.
431 3827 498 3894 th
519 3829 602 3890 idem
626 3836 752 3906 tempus
776 3829 873 3889 trium
889 3824 1117 3905 capitulorum
1133 3826 1244 3889 deien-

117 3944 213 3990 sores
234 3926 301 3990 duo
317 3927 447 3991 decreta
468 3929 529 3992 suh
545 3925 654 4007 vigilii
670 3927 798 3990 nomine
814 3927 1036 4006 publicarunt,
1056 3944 1155 3989 unum
1179 3925 1246 3988 Ea-

117 4026 245 4106 cyclica
264 4029 307 4091 ad
326 4026 509 4092 uniuersam
530 4026 719 4104 Ecclesiam,
741 4028 883 4091 altorum
912 4025 1086 4090 anathema
1111 4023 1247 4088 Theodo-

118 4126 152 4189 ri
170 4127 341 4194 Caesareas
355 4128 568 4210 Cappadociae
582 4130 782 4208 inscriptum.
800 4125 834 4190 ln
851 4127 970 4208 quihus
984 4127 1043 4189 istc
1054 4123 1246 4220 Theodorus

119 4227 305 4294 Caesareae
326 4230 447 4296 dicitnr
469 4233 568 4296 totius
588 4229 734 4296 scandali
750 4246 848 4294 causa
873 4234 1009 4310 propter
1032 4226 1130 4292 trium
1153 4223 1248 4305 Capi·
