3048 4946
165 501 253 582 Quas
268 503 375 584 'porro
404 501 521 568 merito
549 499 778 567 animadvertit
804 501 1008 568 sirmondius
1029 500 1186 568 adsersus

90 603 282 682 Facundum,
297 604 365 688 latu
387 602 589 670 lastinianus
609 604 821 686 exprobrarit
836 605 938 668 eidem
960 605 993 668 in
1013 621 1092 669 suae
1112 603 1187 669 ddei

90 704 300 771 Proiessinnes
317 704 483 784 «Tantus,
498 707 615 787 iuquit,
629 711 678 772 est
699 705 797 770 iuror
820 704 1060 770 defendentium
1080 703 1187 769 'lireo-

87 806 208 883 durum,
224 808 299 888 quia
314 807 434 870 audent
454 806 612 872 adsersus
633 805 829 886 Gregorinm
851 802 1054 886 Tbeolopum
1076 817 1109 870 ei
1129 805 1187 870 lo·

86 923 195 991 senens,
219 909 602 988 constantinopolitanum
634 908 761 971 mentiri
781 907 938 982 dicentes,
972 907 1124 987 epistolas
1143 905 1184 970 ad

16 1019 17 1052 ³
86 1007 227 1071 eumdem
255 1005 465 1072 Theodorum
495 1008 605 1090 plenas
625 1007 724 1072 leude
754 1007 933 1072 direxisses
955 1007 1041 1088 qnod
1065 1007 1185 1072 isinum

85 1116 138 1172 est.
160 1108 337 1190 Gregorius
356 1109 454 1186 eninr,
470 1129 545 1174 cum
562 1112 594 1172 in
615 1107 890 1190 Constantinopoli
906 1112 1118 1193 proceritate
1136 1109 1185 1173 la·

86 1209 207 1288 bornus,
229 1214 395 1277 conversis
411 1231 469 1292 per
488 1231 564 1276 eum
586 1213 627 1280 ab
650 1209 770 1275 briena
786 1213 907 1276 insania
926 1211 968 1275 sd
989 1212 1184 1276 satbnlisaus

16 1341 17 1360 κ
87 1311 173 1375 fidem
194 1312 336 1392 populis,
354 1313 394 1374 ad
409 1329 501 1377 suern
517 1314 653 1394 patriam
670 1331 824 1378 resersus
845 1320 906 1391 est,
921 1313 1085 1394 epistolas,
1103 1327 1185 1393 quas
1317 1310 1325 1321 '

16 1457 17 1462 κ
87 1413 230 1477 baeretici
241 1413 354 1477 dolose
369 1413 552 1494 proies-uni,
568 1433 631 1479 non
646 1415 686 1478 sd
697 1413 906 1480 Theodorum
921 1426 1184 1498 mopsuestenum

85 1514 214 1594 scripsit,
235 1514 291 1577 sed
308 1514 348 1578 ad
369 1512 578 1580 Theodorum
599 1517 794 1598 episcopum·
807 1529 1005 1600 tyanensem,
1027 1534 1111 1598 qnae
1135 1523 1185 1580 est

16 1627 19 1670 t
85 1614 237 1679 secundae
265 1613 488 1696 Cappadociae
515 1617 713 1698 metropolis.
742 1615 896 1699 Ejusdem
921 1625 1030 1682 autem
1056 1617 1185 1697 prosiu-

16 1749 18 1770 2
86 1715 148 1778 cias
167 1723 243 1780 sunt
264 1713 494 1782 etNarianaus
510 1715 635 1794 ciuitas,
657 1717 753 1798 cujus
778 1717 888 1781 inerat
906 1718 1077 1799 episcopus
1100 1719 1184 1782 idern

16 1839 18 1878 t
87 1824 207 1880 sanctae
236 1817 413 1881 memoriae
433 1815 632 1898 Gregorius,
659 1826 693 1883 ot
715 1819 875 1884 Arieneos
897 1818 1078 1900 praedium,
1100 1819 1187 1883 unde

86 1925 171 1983 orins
191 1917 312 1983 insani.
1221 1931 1224 1938 ’

16 2045 18 2080 =
160 2017 264 2084 allos
284 2019 383 2097 euim,
397 2019 518 2098 subdit,
534 2028 567 2085 et
587 2023 676 2098 ipsae
696 2021 855 2103 epistolae
868 2027 981 2103 aperte
993 2019 1183 2102 significant,

86 2123 266 2185 memoriam
290 2121 442 2186 incientes
455 2122 725 2188 consuetudinum
742 2133 775 2188 et
789 2125 1031 2199 collectionum,
1045 2131 1078 2186 et
1098 2121 1184 2204 ejus·
1296 2198 1311 2216 s

16 2249 18 2284 t
85 2221 150 2286 dem
165 2225 288 2305 praedii
311 2222 442 2288 Anauni
457 2231 489 2288 et
503 2225 644 2288 aliorum
659 2226 873 2310 praediorum
895 2226 1038 2308 ejusdem
1054 2225 1187 2305 prosin-

16 2351 18 2392 t
84 2327 158 2401 siae,
178 2335 212 2390 et
229 2325 347 2390 rumis
370 2327 544 2391 uernsoula
564 2327 676 2407 lingua
707 2327 930 2408 cappadocum
960 2325 1128 2402 nominati,
1150 2331 1184 2388 et

16 2480 17 2493 ,
85 2422 223 2507 liosporii
251 2430 394 2510 episcopi
415 2429 477 2493 snb
501 2428 616 2494 ecdem
647 2427 820 2494 Theodoro
847 2429 1001 2504 antistite,
1028 2427 1085 2509 qni
1108 2434 1186 2491 tuuc

87 2531 231 2611 temporis
252 2528 408 2596 Coloniae
428 2531 568 2596 ciuitatis
588 2529 734 2611 ejusdem
756 2530 942 2612 prouinciae
962 2527 1133 2610 episcopus
1152 2545 1187 2590 e·

16 2657 18 2696 t
85 2639 141 2706 sat,
163 2634 357 2698 stallorum
378 2635 606 2713 episcoporum
638 2641 670 2696 et
690 2634 998 2714 chorepiscoporum
1020 2636 1053 2694 et
1074 2646 1184 2694 mons·

82 2735 270 2811 storiarum,
292 2753 378 2815 qnae
397 2735 459 2799 sub
478 2732 640 2798 Theodori
659 2733 884 2817 jurisdictione
904 2740 1019 2811 erant;
1040 2747 1184 2812 quorum

16 2863 17 2896 i
84 2849 178 2914 usque
193 2853 283 2900 nunc
301 2835 429 2900 nomina
450 2836 563 2900 eadem
583 2843 765 2902 serrantur.
782 2833 897 2913 Qualis
918 2852 1019 2915 porro
1040 2850 1187 2899 commu·

84 2935 131 2999 nin
155 2937 393 3019 cappadocibus
413 2936 453 3000 ad
474 2937 648 3003 secundam
670 2935 828 3014 Ciliciam,
847 2937 899 3001 sel
920 2945 998 3002 tuno
1013 2935 1066 3000 rel
1087 2933 1184 2998 modo

84 3035 176 3102 diuisa
190 3057 307 3104 earnm
328 3039 569 3120 provinciarum
585 3037 842 3119 gubernatione?
855 3037 898 3102 Ei
913 3057 997 3120 qnos
1015 3037 1185 3118 episcopos

82 3137 137 3201 snb
150 3158 184 3204 se
199 3139 320 3203 bebere
334 3146 463 3221 poterat
477 3149 721 3222 mopsuestenus
742 3139 933 3222 Episcopus,
950 3155 1025 3203 cuns
1041 3137 1108 3219 ipse
1121 3135 1183 3200 snb

83 3241 326 3322 metropolitano
356 3241 516 3306 secundae
536 3241 668 3308 Ciliciae
689 3245 882 3306 constitutus
903 3238 1014 3304 sssetl
1042 3236 1184 3304 loannes

83 3346 185 3404 autem
200 3341 567 3423 constantinopolitanus
578 3341 706 3422 scripsit
717 3341 847 3422 quidem
863 3341 1033 3422 epistolam
1051 3339 1091 3402 ad
1102 3335 1187 3400 Tbe-

83 3439 212 3506 odnruns
234 3447 518 3523 mopsuestenum
535 3455 599 3506 non
621 3451 726 3508 temen
747 3441 898 3507 laudibus
925 3442 980 3506 sed
1002 3441 1186 3524 quaerimo-

84 3542 138 3606 niis
157 3551 190 3608 et
208 3545 484 3626 increpationibus
506 3544 648 3625 pleneus,
672 3553 784 3624 utpote
797 3545 855 3610 illo
875 3562 893 3608 a
911 3545 1029 3626 pietate
1048 3549 1083 3608 et
1102 3543 1187 3606 bena

83 3649 320 3710 conversatione
333 3647 435 3727 lapso.
448 3644 518 3709 alit
531 3645 609 3727 quid
625 3646 836 3728 responderet
850 3645 1041 3725 Facundns3
1056 3650 1091 3709 et
1104 3657 1186 3724 qus·

84 3740 120 3805 iia
138 3747 235 3812 trium
251 3747 479 3827 capitulorum
499 3746 738 3813 deiendsntium
753 3749 875 3827 erario,
892 3748 941 3814 bis
955 3745 1113 3813 stantibus
1126 3741 1188 3809 Ju-

84 3844 200 3910 stiniani
221 3847 519 3914 obtestationibus?

155 3946 286 4012 Cunctis
301 3949 351 4013 bis
369 3951 493 4014 exactis
511 3949 762 4026 accensionibus,
778 3967 864 4030 quae
883 3945 1060 4011 admodum
1082 3953 1188 4010 ossen

85 4043 161 4111 dunt
180 4049 340 4114 incassum
362 4068 459 4116 sunm
481 4068 565 4132 opus
585 4051 791 4130 insumpsisse
812 4048 1002 4114 Facundum
1023 4047 1062 4111 ad
1087 4049 1187 4112 trium

87 4142 309 4226 Capitnlorum
323 4151 553 4228 deiectionem,
569 4168 608 4217 ac
621 4167 794 4233 perperam
813 4149 964 4212 Patribus
977 4146 1186 4232 spondalibus

84 4254 114 4309 et
135 4247 251 4332 vigilio
272 4251 487 4336 exprobrasse
513 4253 725 4320 aunibemaiis
754 4251 938 4328 uocatum,
963 4249 1090 4314 taudem
1113 4267 1186 4314 nos·
