2994 4938
317 403 354 457 rr

422 503 537 582 Sicuti
551 509 589 581 in
608 507 912 606 praecedentibus
929 507 975 587 de
985 509 1144 610 Origene
1163 509 1310 608 speciali
1330 523 1394 587 stn-

315 635 376 712 dio
394 635 451 734 egi
470 634 647 711 adversus
676 657 763 712 suos
783 637 1052 716 obtrectatores
1058 661 1071 728 3
1103 638 1154 714 ita
1174 653 1213 712 et
1239 638 1275 712 iu
1295 662 1393 735 prae·

317 764 413 841 senti
450 761 621 839 eumdem
648 763 791 840 conlido
829 767 974 866 assequi
1007 790 1175 866 scopum,
1212 766 1397 864 diligenter

315 913 471 992 pergens
508 914 579 967 non
616 903 759 967 tantum
788 918 853 993 pro
890 895 1047 994 Origene
1075 893 1258 980 laborans,
1286 917 1397 992 quen·

302 1005 398 1097 'tum
426 1018 569 1096 iontem
598 1033 831 1098 scrutaturus
850 1024 1130 1110 calumniarum,
1157 1023 1290 1120 quibus
1311 1021 1399 1118 Vigi-

318 1150 357 1224 lii
383 1147 623 1226 Pontificatns
659 1150 706 1226 ab
749 1152 853 1227 initio
882 1153 927 1227 ad
971 1153 1081 1228 linem
1120 1151 1312 1250 impetitus
1339 1149 1400 1224 lnit

318 1299 452 1376 magno
479 1288 566 1352 tunc
585 1275 771 1353 Ecclesiae
799 1278 1013 1357 Catholicae
1042 1277 1226 1363 scandalo,
1255 1289 1296 1351 et
1323 1275 1400 1374 Epi·

320 1415 492 1502 scopatns
518 1402 674 1490 Romani
701 1406 896 1505 vituperio.
921 1406 1015 1483 Cum
1043 1407 1141 1483 enim
1169 1404 1320 1479 indubie
1345 1403 1401 1480 de·

320 1532 499 1608 claretum
515 1529 640 1620 luerit,
656 1530 923 1607 infensissimos
937 1532 1040 1608 Sedis
1057 1530 1290 1630 Apostolicee
1305 1552 1400 1629 prae·

321 1659 448 1758 cipuos
465 1658 595 1735 heberi
621 1673 791 1736 auctores
810 1660 941 1735 herum
969 1661 1235 1747 narrationum,
1254 1678 1400 1756 cumque

322 1787 542 1864 luculentius
582 1789 811 1877 constiterit,
847 1789 1059 1864 Fecundum
1096 1787 1402 1871 hermianensem,
1483 1877 1484 1880 Ν

322 1915 548 2004 bibentium,
565 1930 605 1993 et
622 1915 806 1992 Victorem
826 1932 1069 1993 tununensem
1097 1915 1302 2014 aegerrime
1329 1937 1401 2012 pes·

323 2065 384 2119 sos
403 2042 513 2119 trium
533 2042 786 2142 Cepitnlorum
809 2044 1097 2150 damnationem,
1117 2043 1264 2142 scriptis
1290 2041 1403 2117 nelan·
1483 2045 1484 2122 J

323 2171 379 2246 dis
397 2169 544 2246 adortos
572 2171 689 2248 fnisse
710 2183 790 2247 tum
819 2169 940 2269 Vigilii
960 2172 1141 2270 privatam
1169 2183 1208 2246 ct
1230 2168 1403 2267 publicem
1483 2223 1484 2230 a

325 2321 519 2397 personam
548 2298 585 2372 in
613 2297 800 2375 Ecclesiae
829 2300 1021 2397 regimine,
1049 2314 1129 2375 tum
1155 2297 1405 2376 lastinianum,
1483 2301 1484 2386 i

326 2441 406 2502 tum
434 2427 590 2503 eximios
616 2427 833 2527 episeop0s3
851 2428 1005 2526 quisque
1033 2427 1165 2502 viderit
1182 2425 1311 2524 quanti
1338 2423 1406 2498 ideo

327 2555 403 2630 sint
421 2553 586 2632 iacienda
614 2555 748 2631 horum
769 2555 1005 2639 testimoniet
1023 2569 1061 2630 et
1080 2553 1166 2653 qnid
1194 2552 1405 2652 arguendum
1483 2631 1484 2636 p

329 2684 378 2758 sit
403 2683 449 2759 de
476 2695 534 2760 tot
561 2681 849 2784 scripturissnb
882 2683 996 2783 ipsius
1023 2681 1144 2780 Papae
1172 2695 1237 2757 aut
1264 2681 1404 2756 aliorum
1483 2689 1484 2706 ¹

328 2810 427 2887 idem
453 2833 536 2888 eum
555 2833 601 2888 eo
628 2811 866 2888 sentientium
886 2813 1034 2888 nomine
1061 2810 1183 2896 editis,
1203 2807 1405 2908 praesertim

329 2938 426 3013 inter
453 2961 493 3014 se
521 2936 805 3014 colluctantibus
842 2952 920 3013 tum
950 2939 986 3012 in
1015 2937 1126 3014 trium
1152 2935 1406 3037 capitulorum,

331 3078 420 3160 tunc
446 3066 483 3140 in
511 3064 681 3164 Origenis
707 3068 936 3165 quaestions.
1483 3155 1484 3164 p

440 3191 476 3268 Si
498 3193 621 3294 itaque
649 3193 697 3270 ob
725 3195 931 3290 hujusmodi
961 3208 1085 3294 partes
1111 3193 1343 3292 potissimum
1368 3210 1405 3262 ex
1483 3251 1484 3278 p

333 3319 577 3399 Pontificatus
597 3321 754 3400 Romani
782 3323 951 3400 hostibus
979 3325 1292 3412 monumemtum
1318 3315 1408 3391 dnbi-

334 3450 486 3526 tandum
513 3452 564 3527 sit
591 3449 638 3528 de
664 3450 812 3526 illorum
840 3451 1050 3549 integritate
1087 3450 1122 3522 iu
1152 3447 1310 3525 texenda
1327 3443 1407 3517 Gon·

338 3578 411 3654 cilii
440 3579 558 3679 quinti
585 3579 766 3666 historiu;
787 3602 857 3654 non
885 3578 1070 3653 immerito
1095 3575 1228 3651 idcirco
1249 3597 1316 3648 nos
1342 3592 1409 3670 pcr-
1483 3673 1484 3688 χ

334 3728 445 3804 qnam
485 3707 698 3783 cautissime
738 3705 967 3806 suscipienda
996 3729 1078 3781 esse
1116 3719 1406 3805 putemusque
1483 3693 1484 3728 ³

335 3834 403 3930 ipsi
426 3835 664 3912 commentati
683 3848 768 3910 sunt
787 3848 904 3930 gesta,
927 3831 1079 3909 Concilii
1098 3831 1281 3916 Patribus,
1303 3827 1404 3903 eidem
1483 3839 1484 3852 ³

336 3960 466 4060 vigilio
494 3985 537 4038 ae
564 3960 771 4038 Justiniano
801 3985 945 4060 quoque
975 3962 1147 4056 injuriosa
1173 3957 1277 4035 valde
1303 3949 1404 4030 raldo.

336 4087 566 4190 Quapropter
593 4105 719 4170 nostra
746 4113 980 4190 summopere
1009 4089 1164 4165 interest
1192 4088 1226 4160 in
1255 4085 1323 4160 hoc
1347 4077 1405 4152 To·

337 4240 396 4296 mo
424 4242 613 4332 quaerere!
640 4243 728 4299 num
757 4221 896 4298 scilicet
932 4219 1103 4298 Caesaris
1130 4231 1245 4309 metu,
1273 4225 1335 4292 ent
1358 4206 1404 4283 ft·
