3066 4950
83 499 143 562 lotn
167 499 227 562 tria
249 495 398 582 Capitale
423 496 578 564 damnare
598 495 774 576 compellit.
799 497 875 562 Post
896 393 1191 564 (Ῑοηιιιιιῑιιιιῗξι3

81 601 140 664 silli
161 597 200 664 V.
217 598 254 665 G.
276 619 358 664 cuno
380 598 436 664 tx.
463 598 646 684 illyriciana
666 598 867 682 synodum
883 598 1068 664 defensione
1088 599 1189 664 trium

81 699 320 778 Capitnlorom,
333 699 516 767 Iustiniana
536 707 675 782 anguto
694 701 827 768 scribite
850 710 883 766 et
903 697 1101 766 Benenatum
1122 701 1192 781 pri-

80 819 147 868 mse
161 800 362 868 lustinisnae
376 804 514 866 civitatis
528 804 716 882 episcopum
730 801 983 867 obtrectatorem
995 799 1188 866 eorumdem
1329 883 1331 890 y

79 905 174 970 trium
190 901 419 982 capitulorum
441 904 642 972 condemnat.
671 901 750 968 Post
772 901 986 968 &naphtam
1015 900 1124 968 Basilii
1147 900 1186 967 V.

79 1005 112 1074 G.
136 1024 187 1070 an.
210 1004 252 1070 X.
275 1003 421 1070 Africani
440 1005 597 1070 antistites
617 1001 770 1085 Vipilinm
793 1004 976 1070 Romanum
991 1004 1188 1086 Episcopum

19 1139 20 1150 κ
78 1105 295 1172 damnatorem
312 1106 410 1171 trium
425 1102 653 1186 Capitulornas
673 1103 874 1191 synodaliter
887 1122 906 1168 a
920 1105 1079 1170 catbolica
1100 1123 1189 1170 cant·

19 1249 20 1258 κ
80 1208 239 1286 munione,
262 1215 430 1271 reservato
449 1207 479 1271 ci
502 1207 717 1286 poenitentiae
735 1207 823 1285 loco,
855 1206 1051 1272 recludunt:
1074 1212 1107 1271 et
1127 1223 1190 1288 pro

80 1309 260 1376 detentione
291 1316 547 1386 memoratarum
575 1310 673 1376 trium
704 1305 932 1390 cspttstorom
963 1308 1090 1375 litteren
1108 1310 1187 1374 satis

79 1409 205 1477 idoneas
217 1407 239 1476 J
243 1411 402 1476 nstiniano
416 1411 553 1494 principi
575 1426 634 1492 per
646 1410 837 1498 Olympium
852 1411 1094 1492 magistrianum
1116 1410 1187 1475 mit·

78 1522 156 1579 tuot.
173 1511 298 1578 Eodem
321 1519 468 1594 tempore
483 1513 543 1594 inti
564 1514 687 1582 dictam
708 1513 859 1593 astillbri
874 1511 1188 1580 comminiscere

80 1613 110 1678 di
130 1612 361 1680 hermianensis
381 1612 537 1680 ccclesiae
556 1615 697 1696 episcopi
718 1615 896 1682 relnlseres
919 1614 1038 1698 quibos
1056 1614 1187 1680 eviden-

19 1755 22 1796 ,
79 1715 192 1782 tissime
211 1715 407 1794 declaravit,
428 1719 491 1782 tria
506 1735 603 1798 saepo
624 1716 689 1784 teu
709 1715 859 1800 Gepituls
879 1717 913 1780 lu
933 1715 1188 1797 praescriptione

79 1815 147 1882 tidet
169 1819 352 1890 catholicae
371 1827 405 1886 et
424 1819 622 1900 apostolicae
641 1818 902 1886 chalcedonensis
929 1816 1065 1885 concilii
1086 1815 1188 1882 luisse

80 1918 235 1986 damnata.
848 1919 854 1936 '

153 2043 171 2083 e
188 2021 268 2089 l’ost
282 2021 493 2092 Consulatum
507 2022 617 2093 Basilii
633 2041 685 2090 aa.
700 2021 759 2090 Xl.
775 2022 958 2104 Reparatur
971 2022 1188 2104 archiepisco·

20 2167 22 2208 ,
82 2141 139 2204 pus
157 2125 412 2207 certusptnsosis
433 2127 601 2204 ccclesiae,
625 2123 754 2194 Firmus
779 2125 1000 2200 numidarum,
1020 2125 1186 2205 episcopo·

80 2243 150 2290 ram
169 2225 345 2302 Pmmstes,
368 2226 544 2295 Prlmssins
563 2233 598 2293 et
619 2225 831 2296 verecundus
857 2226 991 2294 Consilii
1013 2223 1190 2309 bprsnneni

19 2371 23 2414 ξ
80 2328 213 2408 episcopi
236 2346 299 2408 pro
320 2327 394 2394 bdei
414 2347 512 2399 causa
532 2329 572 2398 ad
595 2328 714 2396 Urbem
736 2331 857 2411 repism
880 2325 1024 2411 ejusdem
1053 2343 1189 2409 pracce-

82 2435 134 2508 pto
153 2426 314 2510 Principis
345 2437 535 2499 armantur.
570 2430 792 2511 apollinarius
816 2427 920 2506 Zoilo,
953 2429 1013 2494 trie
1035 2426 1187 2508 capitula

79 2535 253 2596 memorata
283 2530 437 2600 damnare
468 2530 602 2608 nolenti,
624 2532 793 2614 episcopus
820 2530 976 2599 ecclesiae
1004 2526 1188 2595 alexandri·

19 2679 21 2718 ἱ
80 2649 135 2698 nae
153 2635 365 2712 subrogetur.
384 2630 460 2698 Post
480 2629 693 2704 Consulatum
712 2623 823 2704 basilii
845 2649 897 2696 sn.
915 2629 976 2696 xtt
990 2675 998 2694 .
1013 2673 1021 2692 .
1034 2675 1043 2692 .
1056 2627 1186 2696 Firmus

82 2730 210 2799 Concilii
232 2731 409 2800 Numidiae
428 2734 549 2812 primas
569 2732 659 2797 donis
682 2731 839 2812 Principis
859 2738 1038 2810 corruptus
1056 2729 1188 2792 demon·

80 2833 152 2900 unni
172 2833 365 2903 eorumdem
386 2831 613 2915 Capitnlorum
635 2852 799 2902 assensum
820 2832 981 2915 praebuit.
1005 2829 1083 2896 eost
1102 2829 1186 2896 Con·
1317 2859 1320 2864 ·

81 2934 218 3002 sulatum
241 2933 353 2998 Basilii
373 2952 425 2998 sn.
445 2933 537 2999 Xlll.
558 2936 902 3015 constantinopolitana
918 2931 1066 3020 synodus
1086 2931 1106 3000 J
1110 2933 1187 2998 usti·

81 3037 160 3100 niani
175 3037 330 3118 principis
351 3043 525 3120 praecepto
537 3037 728 3118 colligitnrr
751 3039 805 3104 cui
826 3037 993 3119 praesules
1006 3036 1132 3103 scdinm
1152 3051 1187 3098 a·

19 3191 21 3228 z
82 3135 190 3204 derant
209 3137 537 3221 llipilins‘llomaaus
558 3139 749 3220 Episcopus,
770 3140 944 3220 superstite
964 3137 1113 3221 sylverio
1133 3153 1187 3200 nr·

80 3238 215 3318 dinatus,
231 3239 455 3320 Apollinarius
475 3241 719 3317 alexandrinus,
735 3240 826 3306 Zoilo
843 3241 983 3315 sinente,
1000 3246 1183 3321 promotus,

82 3335 220 3407 llcmnns
240 3341 465 3418 cntincbcnns,
490 3339 697 3418 Eustochiae,
717 3339 863 3409 blacerio
884 3347 1021 3414 remoto,
1044 3339 1187 3404 bicrosn·

83 3438 254 3522 lpmitanns
276 3442 447 3524 episeopus
468 3443 586 3521 lactus,
609 3451 643 3506 et
665 3441 846 3526 liutpeblns
870 3439 1186 3519 constantinopolita-

82 3557 149 3620 nus,
169 3545 227 3624 qui
250 3541 388 3610 Mensae
410 3543 519 3608 lucrat
538 3543 744 3624 subrogatus.
770 3542 816 3608 lbi
838 3545 899 3606 tria
920 3559 1016 3623 saepe
1038 3541 1105 3606 lata
1126 3537 1186 3608 Cn·

82 3643 179 3722 pilula
201 3663 277 3710 cum
299 3643 543 3710 defendentibus
564 3645 759 3710 damnationi
779 3644 963 3725 subjecere,
981 3644 1035 3707 tall
1056 3661 1091 3708 sc
1111 3660 1185 3723 per·

82 3751 175 3824 pctoo
194 3747 400 3813 mathemate
420 3747 666 3827 obstringentes,
687 3750 714 3812 si
735 3746 1096 3828 aliqnandoabsolsere
1119 3751 1185 3812 ten·

85 3847 230 3926 iuverint,
253 3867 339 3928 qnae
358 3848 571 3924 damnationis
590 3851 766 3914 sentcntiae
786 3848 1038 3914 subdiderant.»

156 3945 240 4014 Hinc
259 3951 397 4028 cernito,
427 3957 499 4030 post
518 3948 628 4031 vigilii
659 3950 835 4016 educatum
857 3951 890 4014 iu
910 3947 1030 4014 Urbem
1061 3949 1183 4028 replum

85 4054 114 4108 et
133 4059 205 4125 post
224 4049 370 4131 ejusdem
386 4050 576 4118 Judicntnru
598 4054 629 4116 in
642 4051 743 4116 trium
756 4050 986 4132 Capituloruru
1006 4050 1184 4115 damuatio·

83 4161 162 4223 nem,
178 4151 294 4216 nullibi
310 4145 476 4218 Victorem
488 4170 646 4230 asserere,
664 4152 783 4234 Pnpenr
799 4153 852 4218 sel
866 4153 1042 4228 dubitasse,
1059 4151 1110 4215 vel
1133 4168 1183 4217 rc·

83 4245 211 4328 sipntsso
225 4251 265 4326 do
282 4273 334 4334 eo,
349 4254 439 4338 qnod
460 4256 492 4320 in
506 4254 660 4324 iudicato
678 4255 869 4337 subscripsit
886 4273 925 4342 ¹cu
944 4253 1093 4336 capitote
1107 4271 1183 4321 unn-
