3066 4950
174 491 263 558 litio
278 491 341 558 boc
355 510 433 559 sane
446 493 533 558 libro
547 493 703 560 Leontius
726 493 959 561 studiosissime
971 493 1092 580 Synodt
1119 389 1210 562 ciffi¹

94 594 280 660 celunensis
295 595 424 660 decreta
445 596 603 660 sirenus
622 597 695 678 ejus
717 603 960 678 expugnatores
973 595 1125 676 vindicat,
1146 615 1211 664 non

92 693 257 772 simulate,
272 697 321 760 nti
343 697 499 778 injuriosa
518 699 672 777 supponit
686 696 844 779 cyrillus,
859 697 915 762 sert
937 697 1150 764 sincerissime
1169 716 1210 765 ιι

91 795 283 863 firmissime.
300 795 342 862 Et
362 797 405 861 ob
426 798 510 862 bane
530 799 628 862 animi
649 802 702 863 aui
718 799 921 866 alacritatem
943 798 1208 866 adversariorum

90 896 287 980 hypocrisim
302 899 466 981 patefecit,
488 917 588 980 quam
604 899 655 965 isti
677 901 706 965 ei
728 900 973 981 exprobrabant
990 910 1024 966 et
1041 902 1209 984 spaciatim

92 998 134 1062 ob
155 996 366 1066 Theodorum
398 1009 660 1084 mopsuestenum
669 1023 682 1083 ;
707 1003 802 1084 cujus
836 1005 921 1068 inter
946 1004 1068 1085 primus
1098 1005 1212 1070 nonin·

93 1100 176 1166 tarit
198 1102 396 1182 impietatem
418 1111 451 1167 ei
471 1106 651 1184 perustam.
673 1103 895 1181 Quamobrem
917 1106 949 1168 ln
972 1103 1114 1186 Prologo
1133 1107 1213 1170 seri·

94 1203 203 1268 beust:
219 1225 237 1264 r
251 1201 382 1270 Tertius
401 1205 487 1270 liber
507 1209 651 1272 continet
671 1205 927 1272 contutatioaem
947 1223 1077 1283 eorum,
1092 1210 1150 1288 qni
1169 1211 1212 1274 si·

95 1303 225 1370 molant
239 1322 274 1369 se
295 1309 406 1369 tenere
431 1323 578 1388 maguam
597 1317 631 1372 et
645 1309 887 1374 oecumenicam
902 1305 1068 1393 Synodam
1088 1309 1217 1375 ebalce·

92 1403 282 1478 lonensem,
303 1412 337 1469 et
358 1413 435 1470 suut
454 1409 641 1472 nestoriani.
656 1406 711 1486 itt,
732 1409 817 1474 sient
838 1409 958 1491 reliqui
974 1411 1145 1485 haereseos
1165 1428 1215 1475 se·

95 1511 253 1582 statores,
276 1505 429 1592 vitientur
448 1508 573 1575 (lirinus
593 1508 779 1592 Scripturas
798 1518 833 1576 et
851 1513 1038 1594 superiores
1067 1510 1214 1596 synodos

95 1608 258 1688 recipere,
280 1626 344 1674 non
364 1610 496 1690 qnidam
517 1612 604 1693 quoti
634 1612 814 1678 secundnm
836 1630 891 1677 eas
918 1614 1078 1692 sentiant3
1098 1615 1154 1679 seri
1176 1623 1219 1680 ot

96 1711 298 1792 impietatem
319 1729 411 1777 suam
434 1713 475 1775 ad
497 1712 703 1794 decipiendos
722 1713 938 1794 simpliciores
957 1715 1018 1779 bac
1036 1713 1219 1781 simulatio·

95 1829 140 1874 ne
161 1816 270 1892 ispani
283 1853 397 1876 .....
412 1814 465 1880 Sic
485 1815 582 1878 etiam
603 1816 759 1880 simulant
778 1823 922 1880 sanctam
939 1815 1105 1900 synodum
1126 1816 1216 1883 obal·

97 1911 329 1990 celenensem,
353 1923 421 1978 tum
445 1924 482 1979 ut
502 1916 594 1997 prasi
615 1917 811 1980 auctoritate
831 1933 1044 1996 personarum
1065 1917 1137 1998 eins
1156 1917 1216 1980 im·

95 2011 252 2092 pietatem
274 2032 366 2080 suam
397 2015 517 2091 celent,
541 2023 611 2080 tum
633 2023 672 2081 ut
698 2015 782 2080 riam
804 2016 865 2081 sibi
887 2017 1035 2082 muciani
1052 2016 1093 2080 ιι
1114 2034 1218 2099 oppu-

96 2114 259 2194 gnandam
283 2117 463 2182 veritatem.
495 2115 647 2193 Quorum
673 2118 852 2183 versutiam
873 2135 949 2183 enm
974 2119 1137 2199 impietate
1158 2119 1217 2183 inr-

95 2216 265 2298 plicaiam,
280 2237 355 2284 cum
376 2219 528 2301 detegere
541 2239 581 2286 ιι
601 2219 742 2301 prodere
766 2219 937 2295 vellemus,
952 2219 993 2283 ao
1015 2221 1135 2300 primos
1156 2219 1223 2284 Pa··
1274 2275 1275 2280 ,

97 2336 170 2392 tres
183 2322 255 2404 eins
268 2321 442 2403 impietatis
456 2321 711 2388 contutatiooem
726 2321 965 2386 revocavimus.
978 2339 996 2380 ι
1008 2320 1092 2387 iiiuc
1107 2320 1216 2386 rideas

98 2425 275 2492 Leontium
306 2423 487 2490 traditionis
506 2423 705 2506 spostolicae
731 2431 926 2488 sectatorem
947 2423 1084 2504 ejusque
1104 2421 1217 2490 oribe·

98 2527 227 2594 noxum
248 2545 389 2592 sensum.

184 2627 228 2694 Et
248 2630 279 2692 lo
294 2628 393 2695 Libro
408 2626 465 2694 lll.
487 2626 646 2694 adversos
666 2627 853 2694 defensores
877 2626 1097 2710 blopsuestcni
1118 2627 1221 2694 Leon·

100 2731 170 2795 tius
191 2749 223 2794 u.
244 2725 296 2796 ll.
311 2731 369 2795 ait:
387 2729 528 2796 «Selius
542 2730 626 2794 enim
640 2729 814 2809 impietatis
829 2728 937 2805 Penii,
956 2728 1119 2805 Marcelli,
1138 2727 1223 2792 Pbo-

101 2835 175 2910 tini,
191 2831 333 2902 Nestorii
355 2838 389 2898 et
408 2829 575 2898 'l'beodori
590 2839 662 2896 eret
681 2833 728 2896 sic
748 2833 883 2910 sentirc;
904 2833 981 2912 qnia
992 2848 1052 2911 per
1072 2839 1105 2896 ta
1125 2829 1220 2896 Cirri-

100 2943 191 3003 sinm
212 2936 375 3000 bominem
398 2943 523 3000 tantum
538 2954 608 3001 esse
629 2935 833 2998 definierunt.
857 2931 954 3008 Quoi
976 2934 1107 3014 quidem
1121 2951 1222 2998 uuus·

103 3040 249 3121 quisquo
268 3040 399 3120 private
422 3045 457 3104 et
479 3040 510 3101 in
530 3054 703 3102 commune
723 3053 834 3100 omnes
855 3035 953 3098 (lirini
969 3033 1137 3102 Ecclesiae
1157 3053 1224 3100 ma·

106 3141 200 3222 gistri
221 3141 376 3206 concordi
397 3138 552 3206 sententia
573 3145 770 3204 accusarunt
790 3144 824 3199 ιι
843 3137 1075 3216 exploserunt:
1097 3156 1136 3202 ae
1158 3156 1225 3202 ma·

104 3245 194 3308 xime
209 3249 372 3322 postrema
386 3241 530 3306 omnium
544 3237 695 3323 Spuodos
711 3237 985 3313 chalcedonensis,
1000 3255 1085 3319 qnae
1098 3244 1224 3304 sancta·

106 3359 182 3408 rum
195 3340 403 3423 synodorum
424 3347 686 3421 antegressarnm
701 3339 845 3418 sigillum
861 3345 894 3400 ei
908 3336 1087 3418 obsignatio
1101 3346 1160 3402 est.
1177 3337 1225 3402 Ea

108 3449 255 3506 restrum
291 3441 575 3522 propugnaculum
601 3441 776 3522 impietatis
798 3437 944 3502 funditus
968 3440 1086 3502 evertit
1094 3457 1106 3517 ;
1141 3455 1226 3524 sym·

108 3543 221 3608 bolum
237 3543 310 3606 ildei
333 3543 514 3608 reboravit.
535 3542 655 3606 stilibi
678 3541 835 3621 exipsius
856 3536 1019 3604 Theodori
1040 3539 1132 3604 tibris
1153 3539 1226 3621 pln-

108 3663 147 3710 ιι
170 3645 304 3727 collegit
325 3645 507 3710 testimonia
529 3644 697 3721 Leontius,
719 3652 756 3709 ut
777 3641 973 3717 ostenderet,
995 3660 1030 3704 se
1051 3641 1130 3704 nibil
1151 3657 1228 3706 cou-

109 3757 159 3810 ιιι
181 3744 391 3810 'l'beotlorum
412 3747 556 3821 linxisse,
579 3754 637 3810 aut
657 3753 770 3809 contra
792 3763 860 3820 eos,
890 3744 947 3822 qui
969 3759 1043 3804 cum
1065 3742 1136 3819 ipso
1155 3759 1228 3804 sen·

111 3847 245 3911 tiebsni.
260 3845 306 3912 Et
326 3847 372 3910 sic
387 3846 428 3908 de
448 3847 537 3910 iliius
558 3847 727 3911 erroribus
742 3846 872 3912 omnino
892 3861 927 3909 se
948 3844 1114 3907 conscium
1136 3841 1227 3916 lacit,

109 3949 159 4012 uti
180 3949 300 4012 eisdem
323 3967 357 4012 se
380 3949 507 4028 penitus
528 3953 717 4014 aversatum
738 3946 888 4011 ostendii.

191 4049 274 4114 Cum
296 4052 407 4130 itaque
430 4059 494 4114 tam
526 4050 694 4114 luculenta
719 4049 899 4114 testimonia
922 4065 982 4127 pro
1005 4044 1128 4110 Leontii
1149 4047 1229 4107 inte·

110 4167 170 4231 pra
198 4149 261 4214 title
282 4159 316 4214 et
345 4151 514 4216 sanctitate
550 4150 774 4231 praeluceant,
805 4146 949 4211 nonnisi
974 4153 1095 4209 temere
1124 4143 1229 4223 primo

109 4254 313 4334 arpneniom
328 4259 389 4416 lv,
404 4251 565 4336 cyrillum
587 4251 784 4333 corripuisse
811 4248 973 4328 eumdem,
989 4254 1021 4313 ct
1035 4245 1230 4409 esglrobrrs·

239 4351 303 4418 Vol.
375 4398 381 4414 .
