2994 4938
71 483 158 541 terna
171 491 211 540 ac
223 474 359 558 proheta
371 472 571 541 cnnlamloue
584 473 758 552 haeretica,
774 489 872 554 quam
887 489 947 538 nec
958 487 1109 540 aermnae
1123 491 1184 538 nac

67 577 106 640 ah
118 579 200 642 actia
219 595 335 642 eornm
354 577 493 658 probare
507 577 664 642 ullimoda
679 578 786 657 potuit
794 574 1008 658 'lheopltiluer
1020 577 1076 641 aed
1091 574 1181 656 quod

68 677 109 740 ita
123 675 329 759 'theophilae
341 678 373 742 in
386 695 446 742 ana
460 679 698 759 imaginatione,
714 677 821 742 cordia
841 678 1020 758 penetralia
1034 675 1096 742 toli
1112 673 1182 744 lieo

67 789 155 855 note,
173 782 331 855 metari,
352 795 569 862 cognoscere,
595 789 629 846 et
648 781 721 845 hiuc
740 778 957 848 condemnare
980 779 1182 860 iniquiaaima

66 882 293 963 praesumpsit.

142 982 322 1064 Postquam
343 999 422 1046 raro
442 981 612 1062 diligenter
641 983 723 1046 haec
742 987 888 1062 quatuor
907 981 1012 1062 capita
1034 979 1184 1044 diacoaal·

68 1099 147 1159 mue,
169 1084 254 1148 idest
273 1082 442 1168 Theophili
463 1094 497 1147 et
516 1083 656 1148 maxima
673 1081 862 1165 Hieronymi
891 1079 1130 1146 instabilitatem
1152 1081 1184 1144 in

69 1183 279 1262 diy'udicaodh
292 1182 442 1264 origenis
460 1183 609 1264 scriptia:
627 1182 763 1247 Petrum
777 1193 925 1248 veterum
946 1182 1183 1263 simplicitatem

69 1287 99 1347 iu
118 1283 165 1348 hia
186 1281 344 1365 tegentia,
359 1287 438 1367 qaia
459 1286 558 1366 ipeiue
578 1293 731 1365 erpereot
750 1301 901 1350 errorear
922 1301 1096 1349 numerum
1111 1283 1184 1347 illo·

70 1403 139 1450 rum
161 1388 338 1464 modicum,
355 1389 412 1468 tyni
427 1383 608 1468 Theophilo
629 1393 663 1450 et
682 1384 883 1468 Hieronymo
896 1385 1051 1450 adstitere
1068 1385 1185 1449 edrar-

70 1504 120 1550 eut
139 1486 338 1569 origenem:
360 1505 399 1552 ac
428 1487 558 1552 demum
592 1489 825 1571 hypocriticam
847 1487 921 1552 fidei
952 1488 1183 1569 protectorem

72 1589 257 1668 imputatam
288 1589 493 1670 origeniatiay
515 1587 593 1669 quid
618 1588 726 1654 adhuc
750 1597 857 1654 manet
884 1590 1111 1672 opponendum
1143 1605 1183 1652 ue

72 1687 206 1764 dicator,
222 1688 372 1769 Oriyonie
393 1690 534 1755 haerente
561 1700 594 1754 et
614 1691 846 1755 monachorum
870 1692 1072 1756 nitriemiam
1092 1697 1126 1755 et
1146 1689 1185 1754 il·

70 1787 185 1866 lorum,
201 1792 259 1870 qui
283 1792 378 1856 unice
390 1800 424 1857 et
444 1789 583 1855 aliorum
607 1799 823 1870 succeperunt
842 1799 961 1872 pariet,
976 1809 1076 1874 raper
1093 1790 1185 1856 calu·

73 1893 182 1955 mnieru
207 1901 242 1955 et
261 1892 443 1956 illusionem
464 1889 651 1972 implantata
674 1891 787 1972 luhae3
808 1891 940 1956 acideo
961 1901 1100 1973 uterque
1120 1909 1183 1958 non
1209 1923 1212 1930 ·

74 1993 126 2056 oiri
138 1993 178 2056 ad
192 1993 365 2060 terminum
381 2010 572 2074 properare,
588 2011 654 2076 qno
675 1995 740 2059 cito
758 1994 810 2059 rel
822 1995 928 2059 aerina
939 1999 1115 2076 properant
1131 2010 1185 2058 ca-

73 2091 281 2162 tummetorea
300 2103 333 2160 et
354 2091 472 2172 illuri?

144 2193 226 2262 Cum
248 2204 359 2262 autom
380 2195 419 2262 ed
444 2194 538 2262 finem
560 2194 752 2262 accedamne
781 2204 968 2262 noorrrom
988 2195 1185 2279 diequiaitio·

75 2313 157 2372 aum,
172 2298 239 2364 hnc
252 2298 424 2376 coopeetia,
440 2315 526 2376 qnae
540 2296 636 2361 valde
654 2293 804 2378 Oripeuie
819 2297 1018 2378 prospiciant
1031 2297 1186 2362 orthodo-

77 2415 132 2461 xae
152 2398 224 2466 lidei
246 2419 286 2466 ac
297 2399 396 2464 timul
417 2400 551 2464 illoram
573 2398 754 2463 catholicae
767 2399 970 2480 proleeaionh
992 2401 1049 2481 qai
1069 2397 1186 2480 Orlye·

77 2500 119 2560 nia
144 2500 244 2580 ipaioe
266 2509 373 2580 partes
400 2503 623 2578 encleticum,
645 2518 738 2566 auam
767 2509 976 2568 coutcnoutcs
1001 2501 1185 2583 apologiam

75 2597 160 2664 eicati
180 2609 213 2664 at
233 2619 372 2682 operam
392 2617 551 2679 actoru-3
572 2603 600 2664 ai
621 2620 664 2664 ex
684 2601 747 2666 hoc
767 2601 937 2680 diuturno,
960 2618 1056 2682 quem
1077 2617 1187 2666 euoce-

77 2701 173 2778 pirent
193 2702 354 2778 lahorem,
371 2705 618 2782 comrqaeotiaa
640 2701 801 2768 deducere
817 2702 975 2783 relimnay
987 2701 1187 2770 aridenilrtl·

76 2818 122 2866 me
141 2805 283 2882 primum
305 2806 497 2880 conditorii,
513 2813 579 2868 trea
601 2804 699 2868 iniere
719 2803 911 2886 proecipuoa
931 2802 1187 2870 indemnatione
1317 2801 1321 2810 '

76 2900 215 2984 Oriyeaia
235 2913 377 2980 notaret,
397 2905 529 2982 leoteria
550 2906 675 2986 passim
697 2913 836 2982 tautum,
858 2911 897 2970 nt
917 2903 1059 2980 ridetur,
1073 2921 1109 2970 οο
1129 2903 1186 2968 lta·

79 3001 229 3085 hentihna)
244 3003 474 3086 Theophilum,
491 3007 575 3082 dico,
590 3025 633 3070 ea.
650 3004 866 3086 Epiphaniam
880 3013 914 3070 et
929 3003 1183 3091 llierooymnmy

77 3113 105 3166 ct
123 3105 153 3168 io
172 3106 222 3172 hia
235 3125 406 3188 aomrasaa
429 3105 644 3188 Theophilum
674 3108 862 3187 principem,
879 3117 1049 3174 auctorem
1068 3114 1102 3172 et
1117 3123 1186 3170 am·

78 3205 154 3284 plina
174 3211 432 3275 imimuleturem
454 3218 486 3273 et
503 3209 647 3291 jndicem
668 3211 700 3272 iu
721 3209 841 3289 eadem„
864 3225 974 3274 unta.
998 3207 1040 3274 ttt
1059 3209 1103 3274 oh
1123 3209 1186 3276 hoc

79 3307 209 3374 aidtmna
230 3309 468 3394 Hieronymum
488 3310 530 3373 ah
550 3311 663 3376 eodem
689 3308 870 3392 Theophilo
891 3310 1053 3375 auxilium
1074 3317 1186 3392 portu·

77 3405 188 3492 lactem
210 3421 325 3484 contra
334 3411 522 3493 Origenem,
540 3420 589 3488 ut,
605 3413 763 3477 mediante
778 3411 973 3478 auctoritaie
983 3427 1057 3488 aaa,
1073 3418 1185 3478 coacta

77 3505 210 3591 synodo,
230 3515 359 3580 Auctor
378 3515 516 3596 elonque
543 3515 663 3594 rcripta
686 3514 816 3596 puhlice
848 3513 1025 3578 lerireutor
1053 3513 1185 3578 anathe-

79 3621 168 3694 matc;
181 3633 220 3678 ac
234 3615 320 3692 inde,
341 3617 428 3696 quot
451 3616 572 3681 lactum
595 3616 702 3680 tuerat
722 3617 754 3681 ln
776 3615 936 3698 heyypto,
957 3616 988 3679 in
1009 3615 1185 3680 Occidente

78 3725 200 3793 quoquc
220 3715 452 3781 decerneretur
470 3716 629 3781 adversae
649 3717 756 3798 ipsine¹
769 3716 918 3798 Oripcula
938 3725 1102 3797 patronor.

147 3810 280 3880 Condat
298 3825 465 3898 praetcrea
487 3818 520 3879 in
535 3815 664 3901 Synndo
678 3818 900 3896 alexandrina,
921 3818 1058 3883 iuetaute
1079 3813 1184 3880 Theo·

83 3907 176 3990 thile,
194 3916 409 3982 tumultuarie
429 3919 538 3998 potina
558 3935 656 3998 quam
677 3918 811 4000 pacifice
831 3923 1001 3984 tractatam
1021 3933 1092 3983 caea
1110 3915 1185 3982 Orl-
1249 3987 1253 3992 ,

82 4011 160 4087 leta'a
177 4017 421 4096 quamtionem,
452 4035 491 4082 ac
511 4018 650 4099 ampliata
682 4019 868 4084 violentiam
888 4018 929 4083 ah
949 4035 989 4083 co
1012 4017 1181 4082 admistam

82 4107 108 4172 ia
127 4115 210 4184 virae
230 4118 398 4186 innocuos.
426 4117 507 4184 ltcm
531 4137 595 4186 oon
620 4119 712 4196 latet,
736 4115 975 4199 Theophilum,
1003 4117 1110 4184 adhoc
1130 4133 1184 4180 ar·

83 4206 166 4282 iente
183 4220 280 4290 animi
299 4223 350 4290 etri
371 4222 463 4306 prati
485 4227 591 4302 oeetu,
613 4219 792 4304 Epiphanio
816 4220 827 4301 l
838 4221 891 4288 cui
911 4229 989 4287 natta
1009 4235 1073 4288 ann
1092 4219 1181 4296 artie,
