3186 4946
206 497 389 566 Norhine
405 499 607 584 propositum
620 499 735 582 jurat,
748 499 836 582 quud
852 499 936 566 idem
950 495 1170 584 Hieronymus
1196 391 1243 562 Vi}

129 597 213 666 Viris
227 600 453 667 illustridurc.
467 600 611 667 lxxiv.
628 602 788 668 scribitde
801 599 967 666 Victorino
982 603 1068 666 circa
1083 601 1167 666 istud
1184 621 1241 665 ae·

122 721 202 768 sum
226 703 366 779 visente,
383 702 606 769 Petasioneusi
628 707 780 785 episcopo
794 713 827 768 et
841 713 996 787 martyre,
1021 705 1144 782 graecis
1164 703 1241 766 lati·
1356 687 1363 704 ’

121 805 238 885 nisque
257 805 377 871 litteris
397 809 556 871 instructu
566 827 579 887 3
601 811 657 888 qni
687 809 917 871 commentaria
944 805 1042 868 edidit
1064 807 1095 867 in
1127 806 1238 885 plures

121 905 315 988 Scriptum
343 907 457 984 libros,
479 909 519 971 ad
540 911 685 974 omnium
712 911 882 974 haeresum
911 906 1186 986 confutationem,
1208 913 1241 970 ct

120 1006 226 1069 multa
248 1006 324 1071 alie.
349 1007 434 1070 illini
455 1027 482 1072 s.
506 1007 629 1073 Ductor
654 1011 689 1086 in¹
711 1009 855 1094 Epistols
878 1009 916 1072 ad
944 1007 1186 1071 Pammachium
1207 1013 1241 1071 et

121 1105 292 1170 Oceanum
313 1108 414 1184 dicit,
438 1107 640 1176 Victorinum
663 1109 833 1176 Tractatus
854 1109 1003 1190 Origenis
1027 1108 1242 1189 exposuisse,

122 1225 186 1272 nou
210 1217 247 1270 ut
271 1208 494 1289 interpretem,
516 1213 570 1275 sed
594 1219 632 1276 ut
652 1220 820 1277 auctorem
837 1212 959 1292 proprii
975 1209 1082 1290 operis
1099 1217 1241 1274 transtu·

121 1307 210 1372 iisse.
235 1307 277 1372 Et
290 1309 330 1372 ad
351 1307 560 1390 Vigilantinm
581 1311 726 1394 Epistola
742 1313 792 1380 62.
811 1314 883 1378 md.
901 1313 946 1375 ait
971 1309 1174 1375 Victorinum
1195 1330 1245 1375 se·

121 1419 238 1473 cutum
261 1427 330 1472 essa
350 1409 529 1492 origenem.
546 1415 578 1476 iu
603 1415 830 1494 explanatione
859 1416 1030 1478 dumtaxat
1058 1409 1242 1491 Scriptura·

122 1529 211 1576 rum.
235 1511 272 1574 lu
294 1511 435 1576 llumilia
458 1514 483 1577 l.
510 1511 545 1578 s'n
571 1512 690 1578 Lucum
711 1517 852 1597 adjecit,
876 1515 1077 1580 Victorinum
1099 1523 1132 1578 et
1153 1513 1244 1578 litta-

121 1615 210 1676 rium
235 1616 483 1678 commeutarios
505 1616 640 1680 edidisse
661 1616 697 1678 t'n
718 1615 914 1681 Mattianum
935 1617 1064 1679 diverso
1079 1633 1242 1690 sermone,

121 1713 177 1776 sed
201 1729 265 1776 uus
288 1717 390 1794 gratia
411 1717 545 1796 spiritus
558 1737 568 1792 ;
590 1735 629 1781 ac
649 1717 787 1798 denique
817 1717 1019 1781 Victorinum
1049 1717 1160 1779 haberi
1185 1713 1244 1778 En·

122 1811 237 1875 unsina
258 1814 449 1878 autumnum.
475 1814 660 1880 Victorinus
682 1819 791 1899 itaque
812 1837 924 1881 rerum
950 1816 1242 1880 ecclesiasticarum

123 1915 262 1994 peritus,
286 1917 457 1978 haeresum
479 1916 678 1994 contutatur,
703 1917 866 1983 Ecclesiae
888 1919 1039 1982 columna
1061 1918 1180 1990 dictus,
1196 1923 1243 1978 at·

124 2032 190 2094 que
210 2017 245 2077 in
265 2013 414 2096 Oripanis
435 2017 525 2081 libris
549 2026 718 2094 versutus,
743 2019 795 2079 vix
818 2017 965 2080 creditur
988 2023 1051 2078 tam
1081 2014 1176 2076 ialsss
1199 2014 1244 2093 ip·

123 2119 194 2179 sius
223 2115 373 2195 Origenis
403 2120 567 2198 opiniones
595 2119 716 2198 ultique
745 2119 935 2196 transegisse
963 2115 1240 2189 inconsideratas,

123 2218 225 2296 quin,
249 2218 306 2281 uisi
328 2219 528 2294 contulerit,
550 2219 665 2281 saltem
696 2219 851 2281 lectorem
876 2218 1049 2280 monuisset
1071 2216 1110 2278 de
1132 2215 1243 2296 impie·

125 2316 247 2380 tatibus
266 2316 412 2398 ejusdem
432 2329 465 2382 et
486 2317 634 2382 absurdis
656 2319 696 2381 de
718 2316 808 2394 Dee,
832 2317 872 2380 de
893 2317 1005 2380 seculo
1038 2316 1180 2390 tuturo,
1202 2315 1243 2377 de

126 2417 232 2480 anima
253 2425 315 2482 etc.
335 2421 361 2482 si
381 2419 565 2501 hujusmodi
586 2437 697 2482 sensus
712 2421 883 2500 reperisset
897 2417 1068 2497 inscriptis
1083 2415 1239 2497 ejusdem.

203 2516 369 2582 Stantilsus
385 2517 490 2600 igitur'
505 2528 570 2585 tem
591 2520 768 2601 praeclaris
789 2517 828 2580 de
843 2515 992 2598 Oripeuis
1013 2515 1100 2579 fidoli
1121 2515 1242 2580 doctri·

126 2633 165 2680 na
179 2620 382 2696 testimoniis,
397 2639 435 2684 ac
451 2622 596 2684 virorum
619 2619 814 2684 auctoritate
837 2617 1170 2698 irreprehensibilium
1185 2633 1243 2678 cu·

127 2718 258 2782 mulctis
280 2728 312 2783 at
333 2739 463 2797 eorum,
484 2722 541 2802 qui
562 2739 636 2784 eum
659 2739 699 2784 eo
722 2719 839 2784 venati
860 2728 948 2794 suet,
969 2717 1163 2782 stelionum
1185 2718 1241 2795 qui

125 2836 185 2883 sua
204 2823 325 2902 scripta
347 2823 484 2904 genuina
507 2823 727 2904 perlegerunt,
751 2821 927 2886 admodum
947 2819 1122 2901 proiecisse
1143 2815 1240 2879 conii·

126 2919 179 2995 do,
202 2928 241 2985 ut
261 2921 385 2986 ialsitas
405 2923 537 3005 patefiat
557 2941 684 3002 rerum,
699 2939 785 3004 quae
805 2924 837 2984 ln
861 2922 949 2987 Actis
963 2927 1139 2984 narrantur
1161 2932 1243 2979 mer·

128 3022 202 3104 tyrii
221 3021 307 3090 beati
332 3024 419 3090 Petri
440 3025 655 3090 menandrini.
