3138 4950
212 491 293 558 item
314 491 348 556 in
367 490 599 558 Nnmoeanone
619 490 889 558 constitutionem
903 487 953 556 32.
969 490 1009 554 de
1026 488 1170 556 moribus
1184 509 1240 557 eo-

129 611 206 660 rnm
228 595 284 675 qni
305 593 514 671 ordinantor,
536 595 780 676 interpretatur,
802 592 908 673 inqnit
922 591 1082 656 loannes:
1100 613 1117 652 e
1132 591 1240 658 Snien·

129 696 209 760 dnm
229 703 278 759 eat
292 695 374 760 trano
387 695 657 760 Constitntionam
678 693 866 775 apostoiinia
885 691 1063 758 eanonibna
1076 699 1108 756 et
1121 692 1241 760 sanctia

128 795 267 882 Spnodia
296 796 476 860 adversari.
500 794 597 872 Qnod
627 795 723 859 aienti
744 787 895 874 dpoatnii
926 799 970 868 et,
993 793 1049 873 qni
1072 803 1144 874 pont
1165 792 1240 858 itioa

129 896 279 974 inernnt,
299 899 400 962 veneti
416 895 541 974 Patren,
562 897 769 962 sacerdotnm
785 913 892 960 morea
904 892 946 956 ab
966 895 1102 960 avaritia
1118 895 1241 960 alienor

129 1016 200 1063 erae
230 999 349 1082 debere
376 1005 594 1064 nenanernnta
625 1013 749 1078 nnaqne
776 1013 889 1061 omnen
907 1001 1039 1076 oportet
1067 993 1187 1062 Chriati
1209 1001 1243 1062 et

130 1101 278 1180 ipsorum
290 1098 467 1181 dianipnina
487 1099 608 1176 omnia,
622 1114 709 1180 qnae
728 1097 821 1162 nobie
835 1095 1004 1178 praeclare
1020 1095 1238 1174 tradiderunt,

131 1201 306 1281 diligenter
325 1210 358 1265 et
378 1203 504 1267 aineere
524 1201 700 1265 nnatndire.
723 1195 846 1264 Verum
867 1199 893 1264 vi
915 1200 1035 1280 piacet,
1059 1201 1120 1262 tion
1140 1199 1244 1264 ennii·

131 1301 398 1378 dorononiam
420 1299 714 1384 imperatoriaeaao
728 1298 1018 1367 constitutionem:
1033 1301 1090 1381 qni
1112 1317 1186 1362 cnm
1207 1318 1245 1362 n·

131 1420 221 1468 mnea
242 1401 353 1468 mnndi
374 1421 427 1467 rer
447 1403 479 1466 in
497 1419 557 1466 ana
585 1408 744 1482 potestate
764 1403 894 1478 habeat,
916 1418 1052 1466 mnnera
1082 1403 1240 1482 opiennpir

131 1505 277 1586 providit
286 1549 383 1568 .....
400 1502 524 1569 Deinde
544 1505 589 1568 ait
608 1505 795 1586 epiannpnm
816 1503 1019 1568 ordinantem
1041 1521 1104 1567 nnn
1125 1503 1245 1567 debere

131 1607 296 1688 rerpioere
315 1606 356 1672 ad
388 1624 523 1672 mnnara
535 1625 548 1686 3
569 1606 625 1669 aed
646 1605 687 1669 ad
709 1602 814 1669 Deum
846 1606 1069 1686 respicientem
1089 1610 1245 1669 anenrate

132 1704 341 1770 considerare
354 1724 443 1782 enm,
456 1705 513 1788 qni
529 1723 605 1771 vere
619 1705 734 1786 dignna
747 1715 808 1780 eet,
820 1721 962 1784 eumque
976 1702 1138 1768 ordinare.
1151 1702 1245 1769 Giri-

132 1807 177 1872 ati
190 1806 274 1872 enim
288 1807 468 1888 diaoipnina
482 1825 557 1872 enm
573 1815 679 1871 tntum
700 1804 857 1870 mnndum
872 1806 1082 1886 abnegaverit
1094 1805 1137 1871 nit
1152 1821 1246 1886 prae·

132 1905 261 1972 niarnm
283 1907 383 1989 ipeina
403 1925 533 1984 nomen,
554 1905 765 1982 ninttnanet,
782 1905 869 1986 qnod
892 1904 1154 1987 niteretprneter
1174 1921 1247 1986 gra·

134 2009 212 2072 tiam
233 2006 340 2073 Sancti
361 2007 513 2089 spiritns,
545 2025 642 2088 onena
664 2024 682 2070 e
713 2004 833 2071 dileotn
854 2004 985 2071 Citriatn
1005 2007 1139 2086 aceepit.
1164 2023 1180 2062 n
1203 2003 1246 2072 Et

134 2107 217 2172 tinen
237 2108 331 2172 donet
345 2107 499 2183 ioannes,
516 2108 573 2189 qni
591 2113 654 2171 tam
669 2108 701 2170 in
715 2104 914 2172 Collentinne
928 2105 1164 2182 conciliorum,
1181 2113 1246 2172 tem

134 2211 169 2274 in
190 2209 420 2276 Nnmnonnnne
440 2227 648 2291 summopere
667 2209 795 2275 atndnit
817 2208 982 2276 Edetaniae
1001 2226 1135 2276 servare
1154 2211 1249 2276 divni-

136 2312 258 2395 piinam
277 2313 319 2376 ab
334 2313 498 2393 dpoatnlia
520 2311 683 2389 traditam,
699 2319 733 2376 et
745 2311 936 2378 eorumdem
951 2311 1185 2394 Apnatnlornm
1202 2311 1249 2374 vt·

138 2421 192 2480 tae
214 2414 312 2478 vitam
332 2431 426 2480 enam
456 2413 636 2478 assimilare
656 2421 689 2478 et
708 2415 862 2492 altorum,
890 2416 948 2494 qni
968 2413 1009 2478 ad
1034 2413 1176 2494 regimen
1197 2431 1250 2478 en·

135 2515 312 2582 einriarnm
333 2513 619 2582 vocarentur.}1in
638 2524 687 2581 eat
706 2515 860 2594 ioannes,
881 2515 938 2598 qni
959 2514 1128 2580 coronavit
1149 2511 1252 2580 tuati-

136 2635 216 2682 nnm
226 2636 239 2699 3
260 2635 300 2682 an
319 2615 435 2684 deinde
455 2618 658 2683 consecravit
676 2616 834 2683 loannem
856 2616 1105 2682 aiexandrinnm
1127 2616 1252 2697 aptann-

137 2737 233 2801 pnm‚
254 2719 334 2800 qntn
355 2718 610 2785 adamnanum
631 2728 885 2800 permoveretur
904 2714 1092 2784 eollioitndn
1114 2715 1253 2781 Romani

139 2817 327 2885 Pontideiaa
354 2825 387 2884 et
409 2821 550 2898 intensi,
572 2836 669 2901 qnam
690 2819 822 2886 demnm
844 2819 980 2884 Photine
1001 2818 1143 2885 cottoeat
1167 2821 1253 2883 inter

138 2927 376 3087 ”neginnititer
403 3021 515 3086 eadem
536 3017 774 3085 animadverain
807 3020 893 3084 eadit
912 3036 1013 3101 anper
1040 3015 1250 3098 Gregorinm,

139 3123 197 3202 nni
218 3121 262 3185 ob
280 3120 427 3186 eamdam
448 3137 594 3198 canaam,
616 3119 756 3202 expnlvo
778 3119 960 3197 Anastasio,
990 3117 1177 3184 cathedram
1198 3133 1254 3179 an·

139 3223 321 3288 tinctionem
342 3223 496 3290 nanendtt.
511 3221 559 3288 De
580 3224 650 3306 ipro
663 3229 770 3287 tamen
787 3221 830 3285 nt.
846 3219 1006 3286 Beronina
1026 3221 1089 3285 ann
1108 3237 1159 3283 en.
1181 3217 1252 3316 ni‘d.

141 3343 178 3390 n.
197 3321 247 3392 19.
269 3327 368 3390 citato
390 3323 523 3407 Evagrii
546 3325 744 3401 tenimento,
763 3324 892 3404 inquita
910 3322 1004 3388 «Sed
1026 3329 1060 3386 et
1079 3321 1120 3385 de
1139 3320 1255 3385 eodem

141 3424 304 3509 Gregorio
332 3426 432 3492 tande
451 3426 634 3509 dignissima
665 3425 821 3491 tradnnta
843 3424 962 3505 qnibna
982 3429 1152 3505 appareat,
1178 3437 1255 3489 entn

141 3530 272 3593 minime
292 3529 392 3595 iniaae
413 3529 574 3596 violenter
592 3529 624 3592 in
644 3525 759 3592 Sedem
782 3525 973 3592 Antioohiae
1001 3527 1177 3600 introsum,
1198 3519 1254 3587 and

140 3630 285 3711 legitime
299 3631 441 3696 etentnm
452 3651 465 3710 3
484 3646 561 3695 enm
584 3630 772 3694 Anastasius
794 3627 907 3693 inirent
928 3631 959 3690 in
976 3625 1107 3711 Synodo
1127 3623 1170 3688 ab
1189 3622 1258 3704 epi·

139 3733 248 3814 annpir
261 3734 321 3797 etti
342 3748 406 3796 non
424 3731 650 3814 invinatione
667 3740 773 3794 tamen
793 3730 900 3812 epeoie
915 3739 1082 3809 praetensa
1096 3726 1254 3808 ineditae,

139 3833 285 3912 legitime
304 3834 548 3898 nondemnatna.
583 3831 738 3911 dtinqnin
759 3849 858 3913 qnam
880 3830 1038 3898 mernisee
1058 3827 1167 3910 potnit
1185 3825 1259 3890 lan·

141 3933 216 3998 dem
231 3937 377 4000 introena
391 3932 408 3998 i
423 3934 474 3999 do
494 3951 558 4000 non
573 3936 681 4015 potina
695 3933 900 3998 insectandus
916 3929 1055 4011 probris,
1075 3927 1131 4009 qni
1144 3934 1182 3992 nt
1198 3925 1259 3988 'inv

142 4041 177 4098 et
196 4035 283 4098 iatrn
304 4034 436 4100 aiinndo
457 4051 556 4114 qnam
578 4053 638 4116 per
658 4036 777 4100 natium
803 4035 835 4098 in
856 4033 943 4097 ovile
963 4033 1076 4095 ovium
1099 4027 1258 4094 ascendia·

141 4135 219 4200 aet?
242 4133 346 4200 Porro
367 4136 517 4201 eumdem
532 4126 730 4216 Giegortnm
752 4135 848 4200 attam
870 4139 980 4216 postea
1003 4152 1044 4196 ex
1067 4130 1138 4194 aiiia
1160 4127 1259 4193 renna

145 4237 247 4318 probe
260 4240 356 4320 gnatia
369 4255 528 4304 anmvnam
544 4238 681 4318 gloriam
703 4255 772 4310 esee
786 4246 970 4302 rasenntnvn
987 4233 1071 4300 intra
1086 4233 1225 4299 dicetur.
1241 4248 1258 4288 a
