3028 4942
323 493 463 558 absurda
480 507 630 572 quasque
645 497 753 554 tenens
764 510 775 570 5
801 495 859 570 qui
885 489 953 552 heri
981 497 1096 571 potest,
1117 497 1154 554 ut
1181 491 1248 570 ipsc
1263 495 1350 554 muto
1366 496 1434 553 iam·

326 613 431 674 pore,
465 600 617 672 tantaque
641 591 792 667 rairitia,
816 591 1037 669 perversitatis
1056 608 1136 656 snae
1158 592 1248 654 sirus
1278 589 1437 652 occultare

323 693 481 773 potnerit,
501 711 541 756 ac
565 693 754 773 praesertim
777 692 833 755 ubi
855 699 988 771 urgeret
1009 693 1178 757 necessitas
1204 709 1241 755 ea
1262 690 1433 771 loquendi,

323 811 386 856 nou
407 794 512 857 solum
530 793 655 874 private
680 793 734 856 sed
755 801 787 855 et
809 793 938 872 publice
955 793 1191 872 propugnandi,
1208 810 1294 872 qnae
1314 793 1380 873 ipsc
1394 793 1436 854 io·

325 903 377 960 tus
397 899 429 960 in
450 896 548 958 corde
569 913 629 958 sno
651 893 795 958 relutaus
827 895 1089 975 aspernabatur,
1110 893 1212 958 donec
1242 901 1274 956 et
1295 893 1436 956 omnihus

322 1013 401 1058 suae
423 1013 522 1058 curae
543 996 672 1058 creditis
693 994 854 1070 fidelihus,
877 995 1087 1078 preshyteris,
1110 1001 1143 1058 et
1162 1013 1245 1074 quus
1271 995 1383 1057 hahuit
1405 993 1432 1053 in

327 1097 393 1160 suis
408 1097 623 1176 legationibus
640 1097 757 1170 socius,
773 1097 943 1176 episcopie,
959 1095 1078 1180 Synodi
1093 1095 1263 1175 ephesinae
1279 1095 1433 1167 Patribus,

323 1196 448 1261 laiduro
481 1195 692 1274 Pelusiotae,
723 1204 756 1262 et
775 1194 893 1260 Joauui
915 1196 1147 1278 Chrysnstomo
1178 1197 1381 1262 sanctissimis
1400 1213 1434 1258 ac

322 1297 515 1362 doctissimis
531 1300 620 1374 viris,
644 1296 741 1360 Claro
755 1297 915 1372 Romanu,
937 1316 975 1360 ac
995 1297 1125 1360 demum
1145 1297 1385 1377 vigilantissimo
1398 1313 1431 1357 ac
1494 1285 1496 1355 i

321 1399 526 1478 sagacissimo
548 1397 693 1462 Pontiliei
710 1398 894 1462 innocentio
917 1395 1180 1473 illuderstlQoi
1197 1407 1303 1461 tameo
1328 1415 1431 1458 omnes
1492 1382 1494 1464 i

327 1499 426 1581 hujus
446 1520 472 1563 a.
505 1501 654 1564 antistitis
685 1499 821 1562 Palladii
855 1499 949 1562 fidem
981 1501 1164 1575 sinceram,
1200 1499 1434 1578 terrentemque
1493 1487 1494 1539 ι

323 1600 514 1665 charitatem
530 1602 649 1675 mirati,
669 1597 789 1664 hamum
804 1617 842 1664 uc
861 1601 1078 1664 olomundum
1093 1609 1334 1680 nuncuparunt.
1347 1599 1431 1676 Quae

327 1702 501 1765 universim
517 1701 701 1776 ostendunt,
715 1719 773 1764 uae
786 1702 891 1782 ipsum
905 1702 1081 1782 aliquando
1096 1708 1223 1764 ceramo
1240 1700 1424 1775 Palladium,

322 1820 382 1866 uec
402 1801 551 1882 Origeuis
571 1803 753 1881 suppositos
782 1801 946 1866 admisisse
967 1819 1118 1875 errores,
1150 1819 1209 1864 nec
1229 1801 1364 1881 denique
1382 1801 1425 1861 his

324 1909 559 1981 cousequenter
579 1901 727 1964 eumdem
750 1901 1000 1965 insimulandum
1015 1919 1083 1964 esse
1105 1899 1278 1980 Origenem
1299 1901 1337 1964 de
1352 1900 1427 1962 laisi-

324 2004 444 2068 tatihus
465 2003 524 2082 ipsi
545 2001 704 2080 inscriptis
724 2019 742 2064 n
765 1998 967 2082 Theophila,
997 2002 1038 2064 ah
1068 1999 1251 2081 Epiphanio
1271 2009 1304 2064 ci
1322 1998 1425 2063 fliero-

323 2123 432 2168 nmo.

344 2123 364 2188 y
402 2201 557 2282 Superius
578 2197 738 2264 Theotimi
759 2202 894 2285 scythici
915 2201 1055 2281 episcopi
1085 2201 1230 2264 tomituui
1252 2201 1423 2264 obtestatio
1484 2099 1487 2230 1

322 2322 395 2366 uam
417 2303 574 2382 legimus;
596 2319 735 2381 quacum
757 2321 783 2364 s.
802 2301 970 2382 Epiphauii
993 2303 1108 2364 restitit
1128 2303 1260 2366 decreto
1280 2303 1424 2364 adsersus
1486 2319 1489 2400 t

268 2481 270 2486 Ι
323 2403 509 2482 origenem,
525 2401 694 2464 ostendens
716 2401 810 2465 nullo
826 2401 903 2482 jure
923 2401 1138 2466 damnandnm
1159 2421 1228 2466 esse
1251 2404 1365 2475 sirum,
1380 2399 1425 2478 pic
1487 2407 1490 2481 t

323 2503 356 2565 iu
370 2501 516 2566 Ecclesia
538 2501 742 2577 deiunctum,
760 2509 791 2564 et
806 2502 901 2583 cujus
913 2504 1032 2582 scripta
1049 2519 1159 2564 sunam
1175 2500 1423 2566 redolebanttle
1488 2515 1489 2518 ¹

323 2603 472 2666 cirinum.
506 2600 554 2667 Na
575 2609 685 2666 autem
706 2602 780 2681 quis
801 2600 927 2668 dubitet
958 2603 997 2664 de
1018 2603 1206 2666 sinceritate
1226 2597 1324 2685 hujus
1347 2600 1425 2664 testis

322 2711 381 2766 aut
401 2703 443 2766 ob
463 2704 690 2782 ignorantiam,
716 2703 765 2766 vei
787 2703 927 2781 partium
948 2702 1105 2776 studium,
1120 2703 1189 2764 sire
1211 2703 1361 2766 malitiam
1380 2709 1423 2762 ts·
1492 2706 1493 2711 ’

322 2803 365 2867 lia
388 2803 585 2881 deponentis,
605 2803 716 2866 audiat
735 2803 813 2882 qnid
828 2803 868 2866 de
883 2803 945 2866 hnc
962 2803 1102 2866 antistite
1116 2809 1227 2866 narsei
1241 2803 1428 2867 &remeunt

320 2903 353 2965 in
376 2901 473 2966 Libro
497 2899 567 2964 Vll.
591 2901 673 2966 Hist.
706 2900 831 2967 Eccles.
857 2922 884 2968 c.
907 2896 1009 2966 XXV.
1042 2912 1113 2966 acta
1142 2921 1258 2966 eurum
1285 2901 1430 2981 colligent

323 3006 383 3068 hac
399 3013 504 3068 aetate
525 3005 693 3068 sanctitate
708 3012 742 3066 et
755 3005 902 3068 doctriua
923 3003 1178 3066 excellentium:
1197 3025 1214 3064 a
1230 3003 1350 3068 Eadem
1370 3019 1430 3066 me·

324 3105 440 3181 moria,
456 3106 513 3181 ait,
531 3106 732 3169 luminosium
746 3113 778 3168 et
799 3105 949 3185 reliquae
964 3103 1116 3185 Scythiae
1138 3103 1308 3168 ecclesiam
1321 3105 1432 3185 goher·

321 3206 420 3269 nahat
440 3202 628 3269 Theotimus
647 3205 759 3287 scytha
784 3205 834 3266 air
854 3205 886 3266 iu
907 3203 1109 3284 philosophia
1131 3205 1315 3268 enutritus:
1337 3219 1431 3285 qoem

324 3305 368 3370 nb
391 3308 545 3369 virtutem
566 3305 715 3368 admirati
731 3305 831 3368 hunni
853 3301 926 3368 latri
952 3303 1083 3368 accolae
1107 3305 1237 3368 bachari
1260 3305 1363 3370 Deum
1384 3319 1435 3365 ru·

324 3422 495 3469 manorum
516 3405 731 3484 appellabant.
764 3403 848 3470 Nam
868 3422 945 3468 saue
964 3403 1087 3468 divinas
1105 3407 1137 3470 in
1157 3423 1197 3472 eo
1223 3407 1360 3471 virtutes
1380 3421 1436 3466 ex·

325 3504 407 3587 perti
426 3507 565 3570 luerunt.
583 3503 705 3568 Fertur
719 3506 802 3568 enim
818 3504 907 3584 quod
923 3505 1098 3584 aliquando
1119 3508 1182 3572 iter
1196 3509 1349 3587 perhanc
1363 3506 1436 3567 har·

294 3655 297 3661 .
324 3607 480 3670 herorum
504 3615 623 3670 terram
645 3604 787 3681 iacienti,
810 3603 921 3668 endem
945 3604 994 3666 ria
1016 3605 1145 3668 obviam
1169 3605 1244 3671 lacti
1265 3615 1351 3682 suni,
1373 3601 1431 3683 qui

325 3709 363 3770 ad
382 3707 663 3788 depraedationem
679 3703 1151 3786 equitabanthumentautihus
1173 3707 1274 3786 igitur
1295 3709 1364 3787 eiua
1382 3719 1433 3764 so·

327 3809 382 3873 ciis
404 3807 534 3886 perinde
557 3817 603 3884 ut,
620 3808 676 3888 qni
688 3808 755 3889 jam
774 3807 841 3889 jam
862 3813 967 3870 essent
987 3808 1144 3886 perituri,
1166 3807 1223 3870 illo
1244 3803 1430 3871 descendens

326 3909 367 3970 ah
387 3926 486 3987 equo,
509 3909 634 3971 orabat.
659 3907 733 3985 Quo
755 3909 840 3972 lacto
861 3907 1004 3981 harhari,
1026 3925 1132 3987 nequa
1153 3909 1234 3988 ipsc,
1257 3925 1359 3987 neque
1379 3920 1429 3966 co·

261 3992 265 4004 ⁸
325 4008 455 4072 mitihos
470 4010 553 4088 cjns,
569 4027 674 4090 neque
687 4012 791 4091 equis,
803 4009 921 4089 quihus
936 4006 1124 4087 insidebant,
1139 4010 1328 4090 conspectis,
1341 4021 1425 4085 prae·

327 4109 495 4180 terteruut.
1384 4096 1392 4116 '
