3028 4942
1097 353 1158 424 159

59 473 93 530 nt
110 466 232 544 opinor,
255 467 390 546 periculi
413 452 635 547 buJ'nsc'emodi
657 483 771 528 erroro
792 461 996 525 incurrimus.
1019 458 1101 524 Nam
1122 467 1156 522 et

59 569 122 648 ipsi,
137 564 203 630 Deo
214 567 363 649 jurante,
378 585 601 648 permanemus
615 568 729 642 illaesi,
746 565 873 628 vitando
887 583 936 634 ea,
948 581 1031 643 qnae
1046 579 1155 642 snspe·

59 677 101 728 ota
123 669 275 731 habemns
289 677 321 732 et
341 669 559 749 improbamus
570 689 582 748 ;
601 677 632 731 et
646 673 851 731 accusatores
868 665 1006 728 lrctrnm
1028 681 1090 727 nou
1111 666 1158 725 iu·

60 769 217 832 reniemnr
237 770 322 849 apud
339 767 462 831 licum:
485 771 559 848 quic
584 769 700 830 diaboli
724 767 891 847 proprium
911 766 972 826 hoc
992 782 1073 844 opus
1088 781 1158 826 esse

62 869 167 931 dicitnr
180 871 351 933 accusandi
371 871 505 932 fraires:
522 891 538 928 c
553 871 636 933 uode
651 879 683 932 et
697 869 843 930 diabolus
858 884 874 927 a
891 865 1087 928 criminando
1102 882 1158 926 uo·

64 987 121 1030 neo
140 973 276 1049 accepit;
292 971 388 1035 simul
403 981 434 1032 et
449 973 681 1034 maledicorum
698 971 901 1042 sententiam,
921 985 1035 1047 qnaca
1059 983 1158 1046 regno

64 1065 111 1128 ιιι
129 1079 257 1148 separat
279 1091 346 1145 cos,
369 1075 424 1152 qui
441 1074 520 1134 tales
541 1082 626 1146 snut,
642 1072 850 1133 declinamus.
868 1088 884 1125 o
902 1067 943 1130 Et
959 1065 1156 1128 haecomnia

65 1172 183 1250 insuper
203 1171 427 1234 instauramur
455 1174 486 1233 in
516 1171 660 1252 Epistola
691 1173 785 1234 citata
812 1169 851 1231 cd
874 1167 1076 1230 Anastasinm
1102 1164 1159 1227 l’a·

66 1287 146 1350 pam:
162 1272 220 1332 nbi
243 1272 381 1336 solidum
396 1273 515 1354 cuique
532 1281 772 1336 monumentum
790 1271 934 1352 praebri,
948 1268 1035 1350 quali
1051 1268 1158 1330 studio

64 1372 138 1450 quali
160 1371 238 1446 lide,
261 1374 348 1451 quali
376 1393 473 1453 scopo
494 1373 642 1454 Origenis
665 1375 764 1435 libros
791 1374 1021 1453 interpretatus
1037 1371 1099 1448 sit,
1121 1387 1159 1432 ac

66 1490 159 1534 versos
180 1473 360 1538 lectoribus
381 1476 536 1539 obtulerit
558 1474 817 1539 considerandos.

129 1570 277 1654 Denique
291 1577 375 1640 circa
396 1577 537 1640 sinceros
559 1583 591 1638 et
612 1575 812 1639 orthodoxos
825 1573 947 1638 Rufini
963 1589 1086 1646 sensns,
1103 1587 1158 1633 no·

66 1673 133 1735 risse
156 1694 292 1756 quoqne
314 1677 409 1758 jurat
436 1678 536 1756 ipsius
558 1679 589 1740 in
611 1678 660 1738 his
687 1675 979 1757 perseverantiam,
1002 1673 1080 1750 quin
1103 1688 1162 1734 no·

66 1792 148 1853 qnam
164 1779 206 1840 ad
224 1779 391 1842 dexteram
412 1783 479 1841 sire
501 1779 541 1840 ad
564 1779 725 1841 sinistram
744 1774 935 1856 processerit
948 1775 979 1834 io
996 1779 1063 1836 toto
1077 1773 1160 1834 ritae

67 1894 131 1941 suae
151 1880 344 1957 curriculo,
368 1883 409 1942 ita
434 1889 470 1942 nt
490 1879 593 1942 fidelis
613 1881 732 1959 quovis
760 1887 903 1960 tempore
940 1875 1010 1935 talis
1032 1879 1162 1952 reputa·

70 1985 146 2042 retur
162 1981 226 2042 vir.
249 1979 384 2060 losnper
406 1999 467 2042 noo
491 1981 609 2069 solunt,
626 1998 710 2060 quae
733 1977 883 2042 Rullinns
904 1976 1047 2051 sentiret,
1073 1980 1162 2036 recta

71 2077 269 2158 debebantur,
284 2083 384 2146 relnti
406 2083 547 2161 dogmati
568 2081 785 2144 ecclesiastico
806 2081 1030 2156 concentonem
1050 2091 1163 2138 rernm

71 2181 153 2242 etiam
168 2201 253 2262 qnae
274 2183 340 2262 ipse
361 2201 403 2245 ex
415 2181 563 2262 Origeois
579 2182 671 2246 libris
695 2189 848 2256 verterat,
865 2179 955 2242 utilia
970 2177 1162 2254 legebantur

68 2296 100 2341 ac
118 2282 355 2362 probabantur;
376 2301 479 2363 qnare
501 2284 531 2344 in
557 2291 722 2346 senectute
742 2300 799 2344 sna
822 2279 924 2360 magni
947 2278 1043 2340 tiebat
1063 2274 1164 2340 lluffi·

70 2398 120 2444 nus
138 2384 177 2446 cb
198 2387 345 2448 omnibns
366 2395 397 2449 et
418 2387 518 2448 doctis
539 2393 573 2448 et
593 2385 748 2460 indoctis,
774 2385 856 2446 vitae
883 2381 1085 2444 sanctitatem
1114 2395 1164 2438 sa-

70 2497 211 2563 crumque
226 2485 439 2550 eruditionem
461 2487 597 2550 miratis.
614 2484 686 2548 Hoc
706 2495 815 2546 auteur
831 2482 995 2544 stabilitur
1015 2497 1056 2542 ex
1079 2476 1164 2558 ejus·

72 2578 133 2643 dem
154 2584 286 2663 epistola
308 2586 347 2647 cd
370 2584 538 2650 Ursacium
566 2586 650 2648 edita
672 2585 712 2646 ab
733 2583 874 2646 ilenrico
896 2579 1046 2644 Valesio:
1079 2595 1163 2657 qnae

69 2679 177 2760 legitur
197 2687 228 2746 iu
258 2683 361 2749 Tomo
382 2686 421 2749 ll.
443 2685 589 2767 Operum
620 2685 766 2766 Origenis
794 2703 825 2764 p.
848 2680 925 2749 275:
947 2678 1021 2744 «Ut
1043 2679 1161 2752 verbis,

71 2780 173 2862 inquit,
191 2789 247 2849 tibi
270 2788 382 2863 irater,
404 2790 487 2852 beati
510 2789 659 2868 martyris
680 2787 822 2866 loquar,
843 2784 915 2847 tem
934 2783 1080 2845 admones
1103 2777 1164 2841 Do·

71 2892 134 2945 trote
147 2887 317 2950 rarissime.
335 2888 415 2951 Nam
430 2899 462 2952 et
475 2889 656 2970 promisisse
680 2907 729 2950 me
745 2886 883 2960 memini,
901 2894 950 2959 nt,
965 2884 1077 2963 siquae
1101 2881 1164 2943 siut

74 2983 241 3053 ddnmantti
262 2991 345 3054 souis
365 2991 397 3052 ιιι
410 2989 529 3070 Legem
550 2988 656 3072 Moysi
670 2989 768 3064 dicta,
783 2989 968 3068 colligerem
978 3005 989 3064 3
1005 2993 1105 3062 atque
1126 2999 1163 3044 ca

71 3083 159 3151 latino
178 3109 325 3154 sermone
356 3095 471 3155 uostris
491 3093 623 3171 legenda
647 3091 866 3154 transferrem.
898 3085 957 3151 Sed
982 3083 1162 3162 reddendae

74 3187 282 3260 pollicitationi
304 3211 365 3256 unu
383 3197 620 3274 tempestivum,
643 3201 679 3255 nt
694 3192 750 3254 illc
763 3193 820 3266 att,
836 3189 890 3252 sed
908 3193 1161 3266 tempestuosum

75 3289 153 3352 nobis
175 3301 358 3373 tempusue
380 3295 545 3358 turbidum
568 3295 639 3357 luit.

144 3392 252 3468 «Quis
267 3398 349 3458 enirn
365 3397 407 3459 ιιι
422 3399 496 3459 stilo
510 3398 601 3460 locus
623 3404 683 3472 est,
706 3396 760 3459 nbi
783 3393 844 3456 telo
868 3391 994 3453 hostilia
1017 3397 1165 3450 metuun-

78 3493 141 3568 tur,
162 3493 214 3555 ubi
236 3495 267 3556 io
289 3496 391 3558 oculis
413 3504 460 3558 est
482 3497 611 3558 urbium
633 3513 852 3576 agrorumque
875 3493 1021 3563 vastatio,
1044 3489 1100 3550 ubi
1117 3487 1166 3550 ln·

79 3589 155 3666 gitur
174 3611 231 3673 per
246 3597 367 3656 marina
390 3595 584 3672 discrimina,
601 3604 632 3660 et
648 3615 686 3658 ne
701 3597 766 3675 ipsa
789 3593 919 3675 qnidam
941 3591 1063 3668 absque
1078 3595 1165 3650 meln

80 3685 225 3756 habentur
247 3693 371 3758 exilia?
386 3692 421 3758 ln
441 3683 616 3778 conspectu
637 3698 766 3774 etenim,
782 3705 818 3759 ut
835 3694 962 3756 ridebas
975 3694 1070 3754 etium
1086 3691 1165 3769 ipse,

81 3799 177 3856 nostro
198 3792 379 3872 Barbarus,
401 3799 456 3876 qui
479 3795 601 3877 Regino
622 3798 741 3878 oppido
762 3796 915 3858 miscebat
935 3791 1089 3863 incendia,
1112 3809 1167 3852 an·

82 3893 247 3962 gustissimo
267 3897 392 3960 anobis
413 3897 510 3973 freto,
528 3898 581 3961 ubi
604 3895 716 3961 ltaliae
737 3897 842 3960 solum
864 3893 968 3958 siculo
989 3893 1164 3964 dirimitur,

83 3991 247 4056 cruebatur.
264 3995 300 4058 ln
320 3998 368 4060 bis
383 4017 460 4078 erpo
475 4000 591 4079 posito,
607 4017 690 4078 quan
705 4017 773 4062 essa
794 3998 834 4058 ad
857 3992 1061 4058 scribendum
1075 4008 1164 4055 sacn-

86 4087 150 4152 ritas
169 4098 292 4173 potnit,
324 4108 356 4162 et
377 4101 551 4180 praecipue
571 4100 610 4162 ad
635 4097 927 4178 interpretandum,
960 4093 1016 4156 ubi
1038 4109 1099 4154 noo
1120 4092 1166 4154 ito

87 4197 216 4274 proprios
230 4199 382 4278 expedire
395 4220 519 4280 sensns,
537 4210 572 4266 ut
592 4201 713 4266 alienos
733 4209 843 4280 aptare
867 4189 1083 4277 proponitur?
1105 4189 1165 4254 Ta·
