3028 4942
316 365 382 550 (1¹ss
403 470 584 551 episeopis,
607 476 763 536 narratur
785 469 914 537 eusdem
937 471 1130 553 accipientes
1154 463 1417 533 Commonitorium

318 574 418 634 totius
432 569 550 656 Synodi
564 571 759 646 Occidentis,
772 571 1083 652 Constantinopolim
1094 569 1258 650 protectos
1271 587 1340 632 esre
1352 583 1419 630 eum

318 669 469 752 Cyrineo,
491 670 667 749 Demetrio,
690 672 836 736 Palladio
857 680 889 736 et
912 671 1046 756 Eulysio
1069 669 1236 751 episeopis.
1396 675 1399 682 '

398 769 444 834 lle
466 773 514 835 bia
528 791 627 852 porro
649 774 774 853 lupatis,
792 774 823 835 in
843 773 962 853 quibus
984 771 1162 846 Palladius,
1187 767 1272 832 idem
1292 766 1420 832 Ioannes

319 870 351 931 iu
372 888 431 933 soa
453 870 610 952 Epistola,
626 874 669 938 ob
684 893 751 949 aas,
774 891 855 953 quas
869 873 902 935 in
918 873 1033 936 itinere
1048 871 1130 953 passi
1144 879 1231 946 sunt,
1247 883 1421 938 aerumnas,

318 971 366 1035 sie
385 973 534 1053 loquitur
562 977 646 1038 cirea
678 990 797 1038 aunum
818 969 890 1040 loo.
912 991 971 1036 seu
990 966 1071 1040 tot:
1089 992 1106 1030 u
1121 968 1211 1034 Beati
1233 985 1303 1043 roas
1324 983 1361 1030 ⁸⁰
1380 975 1423 1028 ‘⁰‘

320 1074 418 1149 boati,
438 1078 633 1157 saepiusque
648 1076 731 1138 beati
748 1075 789 1139 ob
811 1075 998 1154 praeclaros
1019 1075 1078 1136 bos
1092 1072 1241 1147 sudores,
1257 1067 1420 1132 certamina
1488 1089 1489 1104 ¹

320 1181 353 1236 et
372 1190 557 1250 aerumnas,
579 1176 721 1251 labores,
739 1175 898 1256 pericula,
921 1190 1007 1255 quae
1022 1191 1083 1252 pro
1098 1171 1246 1236 omnibus
1267 1167 1353 1232 orbis
1366 1175 1422 1230 ter·

322 1292 378 1338 rae
398 1275 543 1340 eoelestis
562 1276 715 1340 subiistis.
749 1275 898 1357 illucque
920 1283 988 1340 tom
1010 1275 1042 1339 in
1063 1281 1172 1346 terra,
1195 1280 1264 1335 tum
1285 1270 1316 1334 in
1337 1269 1422 1338 mari,

322 1382 390 1439 tum
413 1376 443 1439 in
466 1377 564 1441 coelis
595 1377 731 1457 gloriam
753 1385 785 1441 et
805 1376 1008 1458 splendorem
1039 1375 1203 1438 oonseeuti
1224 1372 1309 1435 estis.
1329 1368 1423 1448 Siqui-

322 1475 394 1562 dem
417 1477 563 1542 bominea
583 1495 706 1552 omnes,
723 1481 779 1558 qui
800 1477 931 1559 quidem
953 1477 1066 1540 mentia
1087 1481 1253 1553 compotes
1273 1479 1357 1546 suot,
1373 1483 1423 1532 roa

322 1577 507 1657 praedicans
527 1588 559 1642 et
580 1581 707 1642 coronis
728 1581 860 1658 cingunt
880 1579 977 1642 animi
1001 1579 1099 1642 vestri
1120 1576 1224 1638 robur
1236 1594 1247 1652 ;
1271 1569 1422 1636 tortitudi-

322 1695 407 1753 nem,
428 1679 657 1756 tollerantiam,
677 1689 775 1760 atque
790 1677 1000 1742 constantiana
1017 1677 1056 1740 ad
1077 1684 1244 1756 stuporem
1260 1689 1360 1752 usqne
1374 1669 1424 1732 mi·

324 1790 443 1842 rantes.
466 1777 626 1860 benignus
647 1790 756 1844 autem
779 1778 879 1856 Deos,
902 1780 959 1858 qui
981 1778 1148 1842 laboribus
1167 1777 1263 1854 louge
1277 1773 1423 1853 ampliora

325 1881 466 1958 praemia
494 1898 623 1961 semper
647 1883 833 1957 constitnit,
865 1888 912 1946 tot
936 1881 1018 1943 bona
1044 1878 1133 1942 robis
1158 1873 1327 1956 rependet,
1351 1877 1423 1953 quot

323 1990 510 2060 quantaque
530 1981 567 2044 iis
582 1999 598 2043 a
614 1979 683 2044 lleo
705 1982 837 2061 rependi
860 1999 919 2061 par
937 1986 1005 2054 est,
1028 1979 1084 2060 qui
1106 1995 1166 2058 pro
1188 1975 1329 2040 universi
1342 1971 1421 2038 orbis

323 2098 402 2159 paee
418 2089 481 2144 tam
502 2089 636 2146 strenue
650 2081 812 2146 dimicant.
832 2081 909 2145 lden
924 2099 982 2145 uos
996 2097 1130 2161 qnoque
1144 2078 1254 2140 beatos
1270 2094 1327 2138 ros
1340 2091 1422 2154 prae·
1489 2113 1490 2136 ,

270 2207 276 2222 ·
322 2181 432 2246 dicare
447 2200 510 2245 non
524 2182 711 2258 desinimus,
730 2183 929 2263 voluptatem
944 2201 986 2246 ex
1003 2191 1108 2244 aestro
1125 2177 1347 2242 recordatione
1360 2190 1423 2254 per·

325 2277 423 2360 petuo
445 2279 605 2360 capientes
614 2302 626 2362 5
650 2301 784 2362 vosque,
801 2285 924 2347 etiamsi
942 2283 1065 2362 alioqui
1081 2281 1176 2360 louge
1196 2279 1318 2342 itineris
1337 2278 1424 2338 inter·

325 2381 414 2445 vallo
435 2400 453 2444 a
471 2383 558 2446 vobis
581 2383 730 2464 disjuncti
751 2385 864 2460 simos,
880 2385 988 2446 animo
1009 2381 1286 2445 circumferentes.
1304 2377 1349 2441 sle
1368 2373 1421 2456 Cy·

326 2484 436 2552 riscus
458 2484 587 2564 quidem
611 2485 897 2548 reverendissimus
920 2484 1074 2547 diaeonus
1096 2500 1181 2546 nune
1202 2481 1353 2560 navigare
1371 2491 1425 2538 non

326 2587 455 2664 potuit,
478 2585 563 2665 quod
587 2585 692 2648 multo
713 2585 827 2649 labore
848 2585 1014 2650 coniectus
1035 2591 1130 2647 esset.
1155 2581 1198 2645 elt
1219 2599 1298 2644 sero
1317 2575 1424 2642 domini

325 2685 387 2746 mei
402 2684 659 2764 religiosissimus
676 2688 846 2767 presbyter
866 2685 1006 2750 loannes
1024 2693 1056 2748 et
1074 2683 1357 2748 reverendissimos
1370 2678 1426 2740 dia·

327 2801 429 2848 nonus
452 2783 585 2862 l'aolus,
602 2805 676 2851 cnm
700 2787 842 2867 nudique
865 2795 1076 2861 vexarentur,
1098 2802 1157 2848 neo
1178 2800 1314 2863 usquam
1336 2778 1424 2844 consi·

326 2885 429 2946 utendi
450 2903 488 2949 ao
509 2886 714 2950 delitescendi
736 2895 876 2967 potestas
897 2897 993 2961 esset,
1016 2886 1232 2950 necessarium
1254 2901 1322 2946 esse
1343 2885 1424 2961 puta·

329 2996 419 3061 root,
443 2995 479 3050 ut
493 2987 531 3048 ad
548 2987 739 3050 charitatem
765 2995 902 3050 vostram
917 3006 951 3050 ae
965 3006 999 3051 se
1014 2986 1211 3061 conferrent,
1233 2986 1367 3065 isticque
1380 2997 1426 3041 ro

329 3085 452 3150 bissum
466 3094 581 3150 essent.
595 3085 814 3163 Quamobrem
830 3089 914 3168 ipsos
926 3107 1000 3152 cnm
1016 3087 1174 3151 enaritate
1189 3087 1340 3176 excipite,
1353 3099 1426 3147 eam·

329 3204 394 3265 qne
414 3202 512 3264 qnam
534 3203 594 3267 par
612 3195 673 3261 est,
696 3187 951 3252 benevolentiam
974 3188 1048 3268 ipsis
1069 3183 1262 3250 exhibetur

410 3285 503 3352 Circa
526 3288 611 3352 istud
636 3297 774 3368 tempus,
797 3297 830 3351 et
851 3290 907 3353 bas
928 3308 1061 3371 quoque
1083 3289 1208 3352 litteras
1232 3285 1371 3350 Palladio
1384 3283 1428 3344 de·

331 3385 379 3449 dit
393 3384 643 3470 chrysostomus
658 3409 666 3450 r
683 3405 824 3467 quarum
846 3397 939 3454 tenor
953 3389 1000 3452 ain
1013 3409 1047 3452 se
1063 3389 1175 3452 babet:
1193 3408 1210 3447 r
1228 3386 1290 3451 Pro
1305 3404 1342 3449 eo
1355 3391 1427 3448 statu

329 3486 474 3568 quidem,
490 3506 557 3567 quo
572 3507 623 3552 res
636 3499 773 3586 postrae
793 3498 881 3564 sunt,
902 3490 1122 3554 consolatione
1144 3489 1223 3550 nibil
1243 3507 1326 3567 opus
1347 3483 1429 3550 nane

330 3605 414 3652 mus.
446 3587 608 3668 Siquidem
630 3589 668 3652 ad
701 3589 953 3654 consolationem
983 3591 1073 3654 nobis
1093 3590 1221 3653 abunde
1242 3599 1291 3652 est
1317 3603 1426 3655 reronu

332 3706 416 3768 qnae
438 3691 661 3769 contigerunt,
683 3701 924 3770 argumentum.
956 3691 1000 3754 At
1021 3709 1099 3756 aero
1120 3707 1322 3754 communem
1343 3684 1429 3752 sorte

330 3791 454 3854 siarum
469 3797 688 3869 tempestatem
704 3810 742 3854 ao
756 3790 963 3870 nanlraqindr
986 3791 1085 3865 istud,
1099 3791 1189 3871 quod
1207 3799 1368 3854 terrarum
1386 3799 1429 3846 or·

332 3889 404 3952 bam
427 3890 554 3965 invasit,
571 3889 664 3956 lnotn
686 3890 904 3974 lacrymisque
926 3890 1174 3969 prosequimur:
1194 3907 1316 3969 vosque
1334 3899 1428 3949 omnes

333 3988 564 4064 obsecramus,
588 3998 625 4055 ut
644 3990 794 4070 precibus
813 3990 956 4070 juvetis,
979 4007 1045 4069 qno
1075 3990 1155 4052 baec
1181 3989 1355 4051 internecio
1375 3991 1429 4046 tan·

332 4087 405 4152 dem
428 4089 603 4170 aliqnando
624 4091 808 4171 depellatur
819 4111 830 4170 ς
849 4099 1031 4169 cunctaque
1051 4090 1091 4152 ad
1107 4106 1266 4155 summam
1289 4081 1427 4166 tranquil·

332 4186 455 4252 litatem
489 4189 629 4278 redeant.
666 4186 736 4254 fluo
758 4207 880 4269 quaeso
913 4188 1021 4254 iacere
1042 4207 1081 4252 ne
1114 4189 1339 4254 intermittatis.
1362 4181 1429 4250 Nan
