2994 4938
155 476 390 554 Quamobrem,
408 480 455 541 bis
471 475 654 560 ponderatis
675 477 935 550 circumstantiis,
952 477 1093 550 cruitur,
1112 471 1198 554 Vigi-

76 580 156 644 lium
178 601 280 661 qnam
310 582 557 663 prudentissime
578 583 680 661 egisse
701 578 743 641 ab
763 581 862 659 ipsius
883 577 1079 659 quaestionis
1100 593 1197 641 exur-

76 673 141 756 dio,
164 685 208 746 its
233 693 273 746 ut
291 701 351 746 uec
371 677 616 755 damnantibus,
638 697 697 744 ucc
717 671 961 742 defendentibus
984 690 1060 743 tnnc
1080 667 1199 742 arrise-

77 786 139 858 rit,
162 785 302 848 acideo
322 801 426 864 oeque
450 785 491 846 ab
513 785 583 848 nnis
609 801 667 845 uec
688 782 729 843 ab
750 781 860 845 alteris
891 781 1106 858 incusandus3
1136 799 1196 844 nec

74 887 118 950 sic
138 886 202 950 dici
227 886 339 966 possit,
361 887 465 966 ipsum
489 893 681 948 retractasse
703 890 835 964 postea,
861 881 948 963 qnod
965 893 1058 946 antea
1081 885 1196 963 proba·

76 989 130 1062 ait,
146 1005 184 1048 oa
200 985 352 1066 Cepitnla
374 986 558 1050 defendens:
581 1003 656 1048 cum
678 1001 790 1064 reapse
812 1001 870 1048 occ
887 982 1068 1048 tetenderit
1089 1002 1196 1064 neque

76 1089 370 1164 anathematizarit,
394 1086 619 1150 tantummodo
640 1087 672 1146 io
693 1085 920 1164 expectatione
943 1103 1071 1147 manens
1094 1105 1198 1166 usqne

74 1187 111 1249 sd
132 1205 232 1250 suum
254 1189 428 1250 adveutum
452 1189 482 1250 in
499 1185 618 1252 Urbem
643 1187 777 1264 regiam.
795 1183 890 1259 Onod
905 1186 1035 1265 quidem
1056 1187 1196 1264 amplius

75 1290 255 1353 roboratur
275 1291 316 1352 ab
336 1291 413 1368 ipsis
433 1291 591 1368 episcopis
612 1286 887 1352 occidentalibus:
904 1287 975 1366 qni,
991 1305 1065 1349 enm
1088 1288 1195 1350 edisne
1295 1291 1299 1300 '

76 1391 198 1456 Romae
218 1394 358 1474 deperet-
376 1393 524 1456 l’ootiiea
547 1399 579 1455 et
600 1393 632 1454 iu
655 1391 779 1464 Sicilia,
801 1390 860 1468 ipsi
881 1404 961 1454 ‘onos
985 1391 1195 1456 universitate

74 1510 229 1568 mannua,
253 1495 358 1574 iuquit
380 1491 575 1568 Facundus,
598 1496 757 1571 rogarunt
780 1489 933 1570 vigilium
956 1509 995 1555 oe
1017 1491 1196 1570 imperato-

75 1593 118 1655 ris
137 1595 298 1656 instantiis
317 1594 460 1667 cederet,
488 1611 547 1657 nec
568 1611 604 1655 ea
626 1591 775 1672 Capitnla
797 1593 976 1656 damnaret.
1000 1592 1031 1656 Si
1054 1610 1195 1674 namque

76 1689 209 1773 vigilius
231 1703 311 1757 tuuc
332 1694 438 1757 edicto
451 1692 624 1757 iustiniani
644 1694 808 1767 cessisset,
830 1693 986 1756 damnatis
1009 1694 1111 1756 tribus
1133 1692 1194 1759 Ca·

76 1795 181 1873 pitulis
195 1803 373 1874 autequam
384 1793 691 1875 Constantinopolim
708 1795 904 1874 pertingeret
914 1813 926 1872 3
938 1795 1094 1856 antistites
1108 1795 1194 1857 occi·

77 1894 214 1960 dentales
238 1896 324 1959 baud
347 1896 434 1977 apud
456 1914 533 1959 eom
559 1897 766 1970 institissent,
788 1913 828 1958 oo
848 1895 879 1956 in
901 1893 988 1959 Urbe
1010 1897 1097 1974 regia
1118 1913 1195 1958 eou-

76 1995 203 2061 stitut'na
224 2000 449 2077 acquiesceret
475 2014 591 2062 eorum
610 1999 816 2062 demutationi.
841 1994 920 2060 ltem
940 1999 967 2060 si
988 2006 1062 2060 aute
1085 1996 1193 2078 vigilii

78 2097 307 2176 profectionem
322 2100 353 2160 io
364 2098 545 2172 Orientem,
561 2098 737 2162 defensioni
750 2098 990 2178 subscripsisset
1003 2099 1193 2178 eorumdem

77 2195 313 2277 Capitulornm,
335 2199 439 2262 sicubi
465 2198 772 2280 Constantinopolim
789 2199 948 2286 pervenit,
966 2215 1023 2262 nec
1038 2197 1056 2262 J
1063 2201 1194 2264 ustiula·

82 2314 135 2362 oua
155 2300 262 2379 ipsum
285 2303 513 2378 interrogasset
537 2300 614 2378 qnid
635 2301 791 2376 sentiret,
814 2318 920 2380 oeque
941 2301 1008 2380 ipae
1029 2303 1195 2381 episcopos

78 2401 289 2464 consuluisset
307 2401 347 2463 d'e
368 2399 502 2462 illorum
529 2401 654 2481 judicic
676 2404 706 2465 iu
730 2402 790 2464 bac
822 2405 1020 2481 quaestione.
1055 2400 1105 2465 Ea
1126 2421 1194 2482 qno

79 2501 292 2575 concluditur,
317 2497 469 2580 vigilium
485 2502 525 2564 ab
548 2519 588 2564 eo
605 2513 761 2582 tempore,
778 2521 845 2582 qno
866 2505 1006 2582 primum
1022 2505 1191 2584 epistolam

79 2602 480 2682 antedictum-imperiale
501 2605 685 2681 accepitne
708 2603 810 2666 tribus
832 2601 1012 2684 Capitulis,
1034 2612 1067 2668 et
1089 2623 1193 2685 nsque

79 2702 115 2762 ad
135 2705 232 2784 ipsius
253 2705 428 2768 adveutum
451 2707 481 2766 in
503 2705 623 2771 Urbem
645 2707 777 2784 regiam,
801 2706 925 2770 nnllam
947 2723 1005 2770 nec
1027 2724 1086 2786 per
1107 2707 1194 2770 litte·

80 2819 147 2880 rsa,
168 2823 227 2869 noc
256 2823 315 2885 per
341 2807 485 2885 legatum
511 2809 543 2870 in
565 2817 738 2886 utramque
765 2814 889 2886 partem
918 2809 1060 2871 emisisse
1083 2806 1194 2872 delini·

81 2903 201 2969 donem.
217 2907 280 2974 Sed
302 2908 436 2970 consilio
460 2911 566 2973 omnia
581 2909 752 2971 remittens
768 2925 806 2971 nc
829 2909 978 2986 tc'mpnri,
994 2914 1106 2988 sponte
1127 2907 1193 2972 llo·

81 3016 127 3067 ua
145 3006 311 3071 discedens
330 3005 640 3087 Constantinopolim
665 3006 750 3070 seuit
763 3050 785 3083 „
803 3009 1015 3089 propinquius
1037 3025 1111 3072 cnm
1133 3006 1194 3072 ln·

80 3103 206 3172 stioinuo
225 3115 261 3171 ut
280 3108 437 3188 episcopis
458 3108 501 3170 ibi
522 3107 722 3172 adstantibus
743 3108 783 3173 da
805 3127 840 3174 re
863 3117 927 3172 tam
948 3109 1051 3174 ardua
1075 3116 1192 3174 tracta-

82 3206 178 3270 turus.
966 3235 968 3240 ·

151 3307 289 3376 lleuaum
303 3311 344 3374 ab
365 3313 414 3375 bis
429 3313 662 3392 multiplicibus
677 3311 878 3378 documentis
896 3321 964 3376 tnm
982 3309 1102 3392 vigilii,
1120 3317 1187 3376 lum

81 3401 255 3489 lastiniani,
279 3421 347 3477 tum
362 3411 587 3494 episcoporum
611 3415 713 3477 relate
730 3414 773 3476 nd
799 3415 924 3477 initium
946 3413 1044 3477 trium
1059 3414 1190 3495 Capitu-

80 3505 180 3572 lornm
200 3512 406 3578 discussionis
421 3533 526 3596 usquo
546 3515 587 3578 ad
610 3513 719 3596 vigilii
741 3519 919 3596 ingressum
941 3515 972 3577 in
997 3513 1117 3579 Urbem
1140 3533 1191 3580 re·

83 3607 181 3690 piam,
203 3615 293 3678 clare
314 3633 446 3695 quoqne
466 3625 602 3690 constat,
626 3616 745 3681 borum
767 3619 939 3694 neminem,
961 3635 1044 3698 qnos
1065 3635 1190 3680 onnon·

80 3712 157 3785 past,
177 3715 208 3778 in
229 3719 297 3780 suis
316 3715 444 3798 scriptis
466 3716 571 3781 ullam
592 3719 766 3798 inseruisse
781 3719 821 3782 dc
836 3718 978 3799 Origene
991 3735 1186 3791 sermonem,

83 3813 165 3886 qussi
179 3814 267 3880 illios
281 3816 448 3893 indicium,
462 3817 549 3898 qnod
565 3819 679 3883 deinde
695 3819 957 3899 pertractandum
973 3825 1057 3885 esset
1073 3818 1105 3882 ln
1119 3817 1186 3903 plo·

82 3913 163 3978 naris
182 3913 312 4000 syonna
334 3915 372 3983 V.
395 3919 553 3984 adversus
566 3920 734 4000 ,eumdem

470 4135 786 4193 -κυμ-
