3028 4942
337 483 364 530 s.
388 463 575 548 Pamphilus
602 467 636 531 iu
665 467 769 550 capite
790 463 865 532 vll.
889 467 1088 549 dpolngetici
1118 465 1274 532 adversus
1294 465 1435 549 Origeuis

337 568 538 633 calumnias:
557 591 574 630 n
588 566 648 634 Sed
662 569 873 634 ostenderunt
892 587 939 646 sc,
954 570 1078 645 scribit,
1093 587 1133 633 ue
1154 569 1233 632 hacc
1248 569 1378 650 quidem
1392 569 1436 630 iu·

338 667 485 748 telligere
504 669 646 749 potuisse
667 670 901 736 obtrectatores
922 670 1014 752 ejus,
1044 688 1128 750 quae
1149 669 1205 732 ille
1225 668 1266 732 als
1286 669 1359 734 aliis
1380 685 1437 732 uou

339 779 427 836 reete
448 771 532 835 dicto
548 774 719 854 coarguit;
736 781 864 854 atquae
878 780 964 849 suut,
981 791 1064 853 quas
1086 773 1152 852 ipse
1167 771 1346 836 coufirmat.
1358 768 1435 834 Tum

337 870 452 936 deiude
473 872 567 934 etiam
590 871 638 936 illi
668 873 897 954 impudentiam
918 893 1010 938 snam
1036 873 1230 950 retundant,
1252 875 1309 954 nui
1330 873 1437 936 dicunt

336 991 425 1048 eum,
441 991 560 1055 corpus
580 975 711 1054 quidem
733 994 905 1056 resurgere
919 976 1077 1054 confiteri,
1098 995 1229 1042 carnem
1251 993 1331 1040 vero
1348 991 1437 1054 uege-

336 1091 382 1138 re.
399 1093 415 1132 n
435 1073 522 1140 lstnd
538 1084 649 1142 autem
663 1085 830 1160 stuporem
848 1096 911 1152 unu
932 1079 1094 1144 modicum
1111 1085 1279 1159 provocat,
1295 1077 1373 1142 dum
1387 1093 1438 1140 uo·

340 1176 465 1254 vimus,
489 1176 753 1242 adiersariorum
775 1179 931 1260 quasdem
963 1178 1136 1261 Origeuem
1158 1181 1334 1255 vellicare,
1356 1176 1437 1258 quod

334 1276 485 1344 docuerit
506 1298 626 1360 corpus
647 1291 935 1358 resurrectorum,
961 1299 1090 1348 caruem
1113 1299 1191 1348 vern
1212 1297 1435 1361 nequaquam:

335 1379 573 1467 Hieronymum
596 1401 674 1448 vero
689 1401 729 1446 ex
752 1383 816 1448 illis
838 1402 937 1448 uuum
955 1384 1131 1465 reprobare
1152 1383 1310 1450 Joauuem
1328 1381 1438 1461 Orige-

336 1485 384 1547 uis
405 1484 619 1560 defensorem,
635 1485 722 1565 quod
744 1485 863 1551 dixerit
884 1503 1013 1550 caruem
1036 1494 1308 1562 resurrecturam,
1325 1503 1438 1563 corpus

338 1605 415 1651 vern
437 1605 652 1667 nequaquam.
677 1585 718 1652 Et
738 1605 805 1668 quo
827 1586 953 1652 taudem
975 1587 1140 1666 confugiet
1155 1588 1204 1650 vir
1219 1581 1401 1650 innocuus?

416 1684 461 1750 De
484 1688 629 1768 reliquis,
652 1707 735 1768 quae
756 1707 816 1769 pro
837 1687 961 1754 Joaune
981 1698 1014 1752 et
1031 1687 1171 1768 Origene
1193 1688 1247 1752 hle
1267 1687 1437 1752 edisseren-

336 1790 376 1854 du
399 1790 515 1867 forent,
537 1792 612 1854 satis
633 1789 719 1854 iiaut.
742 1790 828 1853 hlihi
849 1809 892 1854 ex
912 1791 1010 1872 liuius
1028 1790 1180 1871 operibus
1200 1807 1337 1854 excussa
1351 1798 1433 1862 suut,

337 1909 376 1957 sc
400 1891 588 1972 praesertim
615 1892 646 1954 iu
669 1891 759 1956 libris
781 1900 894 1956 contra
914 1891 1067 1967 Celsum,
1096 1891 1152 1954 ubi
1174 1890 1274 1971 ipsius
1298 1889 1376 1952 fides
1403 1887 1437 1950 de

336 2012 496 2074 corporea
518 1993 757 2058 resurrectione
789 1993 882 2074 plane
904 2001 994 2057 recto
1025 1993 1165 2072 dogmati
1193 1992 1379 2056 concordat.
1401 1987 1438 2052 Et

334 2095 381 2158 sie
403 2094 442 2156 de
464 2095 579 2158 ceteris
601 2093 771 2157 dicendum
793 2094 1128 2175 interpellatiouihns;
1159 2093 1278 2174 quibus
1299 2091 1371 2166 etsi,
1393 2089 1435 2152 uti

336 2195 416 2260 velit
435 2193 665 2280 Hieronymus,
683 2196 769 2258 haud
789 2198 923 2260 seorsim
937 2197 1129 2277 respoudeat
1148 2192 1288 2258 Joauues
1299 2214 1310 2273 3
1335 2201 1434 2256 tamen

335 2298 520 2362 summatim
543 2297 585 2362 ihi
606 2297 746 2376 eapitur,
768 2315 878 2361 omnes
892 2297 1072 2361 devulsisse
1086 2304 1119 2361 ei
1136 2296 1332 2370 confutasse,
1346 2311 1436 2358 suam

336 2415 375 2461 ae
395 2396 543 2478 Origeuis
564 2399 708 2462 eamdem
726 2399 943 2463 ostendentem
965 2398 1073 2474 iidem,
1095 2398 1143 2462 uti
1169 2396 1368 2478 Epiphanius
1388 2413 1436 2458 co·

194 2491 199 2500 “
337 2516 409 2562 ram
429 2518 463 2562 se
478 2507 510 2562 et
531 2499 723 2563 infidelium
746 2503 899 2565 concione
919 2501 1075 2579 docebam
1097 2519 1135 2564 ne
1156 2500 1228 2562 ideo
1249 2498 1338 2579 quod
1357 2517 1383 2562 s.
1398 2495 1437 2560 Ε·
1497 2535 1498 2573 ,

337 2600 479 2682 piphnuii
502 2601 593 2664 zelus
612 2601 707 2664 sicuti
721 2608 754 2665 et
769 2599 956 2686 Hieronymi
978 2601 1110 2664 intendit
1133 2619 1191 2681 pro
1214 2598 1286 2662 fidei
1309 2601 1436 2664 rectitu·
1496 2667 1497 2675 ἵ

337 2700 411 2765 diue
432 2720 507 2783 erga
530 2702 688 2768 Jounuem
709 2705 908 2783 episcopum,
932 2711 969 2767 nt
990 2704 1094 2784 ipsum
1115 2720 1257 2784 suosque
1281 2702 1436 2781 pariture
1495 2771 1496 2778 χ

334 2805 468 2882 tramite
489 2805 677 2885 dogmatum
697 2804 846 2884 Origeuis
866 2806 1083 2880 abducerent,
1108 2821 1167 2866 uec
1196 2803 1300 2882 ipsum
1322 2799 1436 2880 episeo·
1494 2853 1495 2879 ,

338 2922 416 2986 pum
431 2923 489 2968 nec
503 2907 584 2970 alios
599 2905 804 2990 presbyteros
819 2905 1123 2991 Hierosolymorum
1139 2921 1196 2968 uec
1211 2902 1356 2968 fidelium
1370 2919 1436 2966 coe·
1493 2949 1494 2981 ,

338 3013 409 3072 tum
431 3009 623 3088 pertingere.
640 3007 713 3073 Nou
733 3010 817 3072 euim
832 3010 892 3090 ipsi
912 3007 1060 3090 Origeuis
1081 3008 1246 3087 (quorum
1264 3006 1434 3070 Auctorem
1492 3059 1493 3084 ,

336 3109 443 3190 ipsum
464 3111 741 3190 criminabantur)
770 3111 1007 3191 profitebantur
1027 3127 1180 3174 errores:
1208 3125 1267 3172 uec
1286 3105 1435 3186 Origenes
1491 3153 1492 3185 ,

337 3209 422 3290 apud
438 3229 505 3286 eos,
521 3210 639 3291 quihus
659 3218 810 3290 praeerat
829 3211 1010 3292 episcopus,
1027 3210 1058 3272 iu
1078 3209 1293 3289 suspicionem
1313 3205 1435 3270 adsuuit
1490 3273 1491 3287 χ

336 3309 520 3380 haereseos.
543 3309 654 3388 Quare
676 3311 823 3376 omnihus
845 3319 953 3393 putet,
985 3318 1209 3391 praesumptos
1229 3327 1360 3374 errores
1378 3317 1435 3368 unu
1489 3351 1490 3386 ,

336 3411 469 3494 Origeui
490 3413 748 3491 committendos,
770 3421 820 3476 ast
835 3432 971 3478 suorum
993 3411 1241 3494 corruptoribus
1261 3418 1295 3474 et
1312 3408 1434 3472 falsato·
1488 3427 1489 3489 y

336 3513 427 3590 ribus
448 3533 585 3595 opernm
597 3535 608 3594 3
631 3515 749 3595 quibus
771 3515 865 3578 ambo
883 3513 1082 3595 Epiphanius
1102 3521 1136 3578 et
1158 3512 1376 3596 Hieronymus
1393 3507 1434 3568 in·
1487 3547 1488 3591 p

336 3615 394 3680 scii
414 3633 452 3680 ac
472 3616 617 3680 uolentes
637 3617 869 3696 praestiterunt
888 3613 1005 3678 ddemr
1028 3621 1062 3678 et
1081 3613 1166 3680 uude
1186 3606 1434 3695 praeclarissima
1486 3629 1487 3692 y

333 3717 433 3797 ipsius
446 3714 596 3798 Origeuis
610 3717 707 3797 lama,
723 3719 755 3782 iu
770 3717 975 3800 ignominiam
995 3734 1092 3784 versu
1108 3724 1158 3784 est
1170 3733 1300 3784 omnem
1320 3713 1430 3778 disour
1485 3713 1486 3795 l

336 3825 461 3886 rentem
481 3819 604 3886 orbem.
