2982 4934
311 477 440 552 derunt,
456 491 491 538 sc
511 475 667 540 nimirum
682 491 756 539 cnm
780 471 924 540 Ecclesia
939 471 1106 541 Gatbclica
1126 475 1312 549 sentientes,
1334 487 1418 554 pree·

310 587 458 658 sumptos
478 577 634 641 damnare
653 593 797 652 errores,
819 595 878 642 nec
900 581 1005 641 lamen
1026 584 1143 658 putare
1163 577 1297 639 illorum
1318 581 1419 637 aucto

311 683 382 743 r'em
405 679 502 742 inisse
516 676 700 757 origenem.
723 675 843 742 llnffini
860 678 958 743 rerba
981 685 1101 759 patens,
1123 695 1198 742 cum
1219 678 1249 740 in
1263 675 1365 740 Libro
1385 673 1418 738 ll.

313 798 344 843 n.
360 777 411 846 28.
426 779 465 842 ad
488 777 723 864 Hieronymum
737 779 907 860 loquitur:
925 801 942 840 s
957 776 1188 844 Verumtamen
1209 781 1304 854 scito,
1321 794 1372 839 me
1386 793 1419 839 nc

312 881 352 946 dc
373 882 434 944 bec
449 880 579 961 quidem
602 880 839 960 poenitudinem
854 899 980 962 gerere,
997 883 1075 963 quin
1095 880 1211 955 diram,
1228 897 1290 942 nou
1308 877 1420 952 omnia,

314 998 398 1062 qnae
420 981 450 1042 in
471 980 563 1043 libris
583 979 732 1061 Origenis
760 981 972 1045 inveniuntur
994 989 1146 1062 tanquam
1178 977 1340 1044 catholica
1361 993 1420 1040 estc

313 1081 523 1162 suscipiende.
547 1079 641 1157 Quae
662 1089 773 1146 utrum
787 1101 846 1148 sus
867 1085 943 1160 sint,
960 1090 998 1148 ut
1015 1082 1104 1159 dicis,
1120 1099 1162 1145 an
1181 1083 1224 1144 ab
1235 1081 1311 1145 aliis
1330 1079 1420 1143 inser·

266 1237 274 1250 .
314 1193 483 1263 ta,utncs
506 1183 773 1264 pulamus,i)ens
796 1183 954 1248 viderit.»

317 1307 321 1312 ·
395 1283 436 1346 tta
457 1284 519 1346 boc
541 1283 615 1346 item
637 1303 699 1346 non
715 1286 876 1362 ignoravit
897 1282 1128 1368 Hieronymus,
1150 1281 1228 1344 dum
1255 1279 1420 1345 monacho
1476 1279 1477 1336 ξ

252 1379 255 1386 ’
313 1403 388 1447 rum
410 1386 636 1468 aegyptiorum
657 1402 785 1447 sensnm
807 1387 949 1464 exponit.
973 1383 1037 1461 Qui
1058 1401 1169 1447 coram
1192 1380 1418 1464 Theopbiioiu

314 1485 445 1569 Synodc
465 1485 677 1548 alexandrina
701 1487 817 1566 rogati,
842 1491 878 1550 ut
898 1487 1067 1549 anathema
1083 1485 1113 1548 in
1128 1484 1302 1565 origenem
1325 1481 1420 1543 firma·
1476 1499 1477 1564 ι

316 1595 389 1649 rent
410 1603 449 1650 ac
469 1585 728 1661 subscriberent,
753 1597 932 1650 rennerunt
952 1587 1114 1662 dicentes,
1136 1585 1324 1665 sequidem
1346 1581 1419 1644 dicta

314 1687 476 1749 haeretica
492 1703 554 1748 non
571 1685 743 1749 defendere
753 1705 766 1765 3
784 1694 891 1750 tenere
908 1677 1169 1768 tamen'ejnsdem
1183 1685 1284 1749 libros
1301 1684 1344 1746 ab
1356 1684 1420 1745 bae

313 1787 422 1852 reticis
442 1788 636 1868 depravatos
647 1809 658 1869 3
681 1805 719 1852 ac
739 1787 813 1851 idee
835 1787 1012 1852 tinctorem
1034 1788 1074 1852 ab
1096 1789 1266 1852 haeresees
1286 1785 1361 1849 labe
1379 1784 1418 1846 ire
1476 1809 1477 1826 ι

314 1890 513 1953 immunem:
545 1889 633 1969 qnod
656 1888 834 1953 maximnm
866 1894 937 1952 crat
956 1895 989 1953 et
1009 1896 1058 1953 est
1078 1892 1110 1954 iu
1132 1889 1193 1952 bac
1211 1905 1310 1951 cansa
1321 1905 1334 1967 3
1354 1899 1417 1948 cun
1476 1907 1477 1942 l

313 1992 361 2054 sic
380 1991 457 2053 istos
475 1989 552 2070 iure
573 1991 776 2054 anathemate
801 1991 901 2055 lerire
921 2007 985 2054 non
1006 1997 1114 2070 posset
1136 1987 1349 2069 Theophilus,
1369 1989 1418 2048 dec
1476 1967 1477 2016 Ψ

313 2093 454 2156 istorum
477 2091 687 2172 pessumdare
708 2092 838 2168 lamam,
855 2101 888 2156 ct
910 2093 1018 2156 sitam.
1035 2091 1268 2171 Quamobrem,
1291 2085 1416 2168 acceptis
1476 2115 1477 2144 ι

314 2200 347 2258 et
369 2193 632 2274 probatis,·qnae
652 2211 757 2274 usqne
778 2193 875 2257 modo
895 2207 1031 2258 excussa
1051 2204 1127 2258 sunt
1147 2193 1186 2257 dc
1200 2192 1354 2273 Origene,
1373 2188 1417 2250 de·
1476 2171 1477 2212 i

315 2308 380 2374 qne
402 2293 566 2358 monacbis
589 2296 758 2378 aegyptiis,
780 2294 866 2374 qued
891 2294 1015 2358 scilieet
1035 2311 1093 2357 nec
1116 2293 1243 2358 ductor
1267 2289 1415 2357 baeretici
1476 2301 1477 2376 ι

317 2398 480 2475 docuerit,
504 2413 609 2477 neque
630 2397 662 2461 in
683 2393 808 2461 Nitriae
821 2397 986 2460 asceteriis
1008 2397 1185 2460 instaurata
1203 2396 1268 2460 sint
1287 2393 1380 2474 impia
1397 2389 1417 2451 i·

315 2500 403 2580 psius
424 2498 574 2579 dogmata
584 2519 595 2578 5
612 2515 670 2562 nec
685 2497 833 2562 monacbi
849 2503 1054 2579 praesumpta
1075 2497 1224 2578 dogmata
1241 2495 1416 2577 pmtiteren·

317 2610 386 2674 tur,
407 2597 509 2663 albis
531 2599 633 2662 tribus
654 2581 751 2663 simul
774 2597 862 2662 taleis
883 2599 1040 2673 admissis,
1056 2597 1097 2660 ab
1118 2599 1184 2660 imo
1204 2595 1244 2660 ad
1266 2609 1415 2662 summum
1476 2659 1477 2664 ,

255 2721 256 2726 ’
317 2707 385 2764 lota
407 2701 668 2764 criminationum
689 2705 855 2762 structura
871 2700 951 2776 ruit,
967 2709 1000 2763 et
1014 2699 1105 2779 quasi
1123 2697 1256 2774 ncbnla,
1272 2691 1417 2763 insndlan·

316 2807 349 2864 te
372 2806 480 2878 rento,
504 2799 705 2879 disperditur
715 2818 727 2878 3
742 2807 775 2864 ct
795 2800 901 2864 omnia
915 2817 979 2864 una
1001 2804 1138 2882 pereunt
1152 2803 1265 2864 contra
1286 2799 1361 2864 istos
1376 2809 1418 2857 ac·
1476 2797 1477 2878 }

317 2900 515 2965 dibeantinm
535 2900 653 2965 studia.
1476 2881 1477 2938 l

400 2999 506 3064 Porro
526 3000 558 3063 in
579 3017 706 3077 eornm,
729 3017 813 3080 quae
835 2999 1001 3080 praelatus
1020 3015 1093 3063 snm
1115 2999 1154 3063 de
1174 3019 1200 3064 s.
1216 2995 1415 3080 Hieronymos
1476 2997 1477 3022 ¹

318 3100 587 3177 illustrationem,
603 3102 708 3182 ipsum
721 3101 843 3164 scilicet
857 3101 990 3164 nimium
1007 3117 1103 3165 anres
1117 3103 1316 3183 praestitisse
1328 3095 1416 3161 msc
1476 3119 1477 3174 l

319 3201 466 3281 philost
487 3200 527 3263 ab
548 3219 587 3265 cc
608 3201 766 3278 illusum,
788 3209 821 3264 et
840 3219 882 3266 ex
903 3203 1041 3266 adverso
1062 3203 1154 3265 nibili
1175 3202 1289 3266 decissa
1313 3191 1417 3264 nond
1476 3179 1477 3210 ¹

318 3309 530 3381 arpnrneuta,
551 3301 779 3366 obtestationes
800 3309 832 3366 et
852 3320 985 3383 preces,
1007 3303 1102 3368 sicuti
1124 3309 1311 3368 ceterorum
1330 3296 1414 3364 cidem

319 3399 451 3466 linibnc
466 3412 654 3467 consortum
670 3401 702 3464 in
717 3403 905 3482 quaestione
920 3403 1116 3483 origeniaua3
1132 3411 1164 3467 el
1176 3404 1317 3484 amplius
1329 3419 1353 3464 s.
1366 3395 1416 3458 ⁰⁰·
1476 3439 1477 3494 p

318 3509 442 3567 ctorem
464 3503 507 3566 cb
528 3501 610 3565 banc
630 3501 682 3565 sni
702 3520 814 3566 sensns
842 3504 1043 3568 tenacitatem
1066 3521 1142 3584 erga
1164 3495 1416 3584 Theopntlumet
1476 3511 1477 3560 t

319 3611 432 3670 centra
455 3601 632 3678 liuffinum,
654 3613 841 3668 sanctorum
856 3609 1002 3670 virorum
1018 3604 1196 3669 detraxisse
1217 3605 1413 3681 descripte
1476 3629 1477 3660 ι

320 3705 526 3786 sbpierornm
549 3721 760 3768 romanorum
790 3707 991 3786 sapientiae,
1016 3723 1055 3770 ac
1075 3705 1181 3771 Siricii
1204 3703 1311 3785 Papae
1333 3695 1414 3778 dipi-
1476 3729 1477 3740 ι

320 3807 389 3881 tati,
412 3805 544 3868 lectoris
563 3803 686 3885 judicic
707 3805 904 3885 obsignabo,
927 3823 1013 3886 quac
1033 3805 1059 3868 is
1080 3823 1121 3869 ex
1143 3805 1255 3868 multis
1280 3802 1411 3868 enarrais
1476 3851 1477 3870 ι

317 3908 511 3986 exemitque
543 3904 734 3984 pracsertim
764 3906 796 3967 in
819 3904 963 3985 Epistola
994 3903 1064 3971 tal.
1086 3905 1126 3968 ad
1160 3904 1349 3986 Principiam
1366 3892 1413 3961 sub

254 4025 255 4029 ¹
320 4022 371 4067 an.
387 4001 457 4071 lta.
473 4022 505 4067 n.
518 4017 548 4086 9.
565 4002 646 4068 Cam
662 4011 770 4068 autem
794 4005 873 4070 baec
888 4006 1075 4083 edisseram,
1099 4023 1137 4070 ac
1159 4005 1346 4089 Hieronymi
1359 4011 1414 4064 rer·
1476 4029 1477 4090 p

320 4104 369 4168 bis
389 4105 551 4168 contraire
572 4103 706 4180 ridear,
739 4107 858 4168 totuin
881 4107 984 4187 ipsum
1007 4107 1188 4171 reverentia
1215 4106 1296 4170 lllnd
1318 4111 1411 4184 agatii

317 4204 468 4287 mihique
488 4213 594 4271 tamen
613 4201 740 4284 lactor,
763 4213 865 4288 puto,
889 4207 1022 4289 benigne
1042 4206 1231 4291 indulgebit.
1256 4199 1412 4278 Necessitrs
1476 4229 1477 4248 ι
