3186 4946
348 345 391 418 bb

431 451 649 538 Hieronymus
673 472 775 530 rero,
798 455 857 535 qul
876 453 1053 518 Eusebium
1083 451 1315 518 caesariensem
1338 452 1466 517 romstt
1553 513 1554 520 ,

350 551 541 618 omanorum
550 552 746 634 principem,
758 554 875 619 illusus
891 555 1021 618 videtur
1035 554 1076 616 ab
1090 554 1163 635 Arii
1182 553 1318 633 epistola
1337 553 1379 616 ad
1402 551 1467 617 Eu·

350 654 475 718 sebium
498 655 777 731 nicomediensem,
802 664 838 720 nt
862 658 948 718 testis
974 665 1022 718 est
1042 654 1160 718 citatus
1182 655 1333 720 Socrates
1353 652 1425 717 Lib.
1443 652 1465 714 l.

352 773 381 817 c.
397 753 435 818 V.
454 753 535 818 illst.
558 754 728 818 Ecclesia
750 774 814 835 qua
837 757 936 820 Arius
951 757 1112 834 glorietur
1132 775 1211 819 suae
1233 756 1391 836 opinionis
1413 755 1467 816 ha·

352 854 430 918 bere
453 854 598 917 fautores
621 853 798 918 Eusebium
828 859 1016 935 episcopum
1037 853 1236 930 Caesareae,
1263 853 1468 917 Theodotum

352 951 546 1030 Laodiceae,
569 962 602 1019 et
623 954 796 1018 Paulinum
819 953 908 1038 Tyri.
941 954 1032 1030 Quos
1055 962 1159 1018 tamen
1181 952 1330 1018 Volusius
1351 954 1469 1016 ibidem

353 1054 386 1117 iu
406 1057 502 1130 notis,
526 1073 590 1117 uon
612 1055 711 1119 inisse
732 1057 810 1119 dicit
830 1057 872 1117 ab
894 1055 1083 1118 Alexandro
1106 1055 1393 1117 anathematizatos
1401 1074 1414 1131 3
1434 1071 1471 1116 ac

354 1156 544 1234 praesertim
561 1153 734 1230 Eusebius,
758 1157 815 1235 qui
833 1155 892 1218 etsi
914 1155 1044 1230 dubius,
1067 1163 1104 1218 ut
1121 1156 1270 1229 vidimus,
1293 1155 1324 1217 in
1346 1153 1468 1235 primis,

353 1255 562 1318 nihilominus
578 1256 677 1336 paulo
702 1264 774 1338 post
795 1255 826 1317 in
847 1275 881 1318 se
910 1256 1031 1332 iactus,
1056 1254 1130 1320 iidei
1155 1257 1306 1319 nicaenae
1330 1255 1471 1319 subscri·

328 1375 331 1385 ·
353 1356 416 1437 psit
436 1363 468 1418 et
489 1356 695 1434 amplexatus
718 1364 766 1418 est
784 1365 954 1436 perpetuo.

436 1454 533 1533 Quod
554 1465 666 1518 auteur
686 1456 762 1520 dicit
782 1475 810 1519 s.
833 1455 1052 1540 flieronpmus
1073 1459 1113 1520 de
1134 1457 1276 1522 Eusebio
1298 1458 1359 1520 hoc
1382 1471 1473 1532 repe·

357 1557 488 1620 tendum
506 1564 554 1619 est
569 1557 610 1618 ab
630 1559 749 1620 arianis
767 1558 855 1638 ipsis,
868 1559 918 1634 (ot
933 1560 1020 1622 tastis
1035 1567 1084 1622 est
1098 1577 1124 1622 s.
1142 1558 1337 1621 Athanasius
1351 1557 1384 1618 in
1400 1555 1472 1636 Epi·

354 1657 438 1722 stola
455 1656 499 1720 De
521 1654 658 1736 Sprodis
680 1676 711 1720 n.
727 1656 790 1734 16.)
812 1659 869 1738 qui
889 1676 969 1722 suae
991 1660 1163 1739 impietatis
1178 1661 1405 1738 investigantes
1420 1674 1472 1736 pa·

356 1766 466 1824 tronus
488 1757 571 1822 inter
592 1757 758 1822 Ecclesiae
779 1758 915 1834 Patres,
947 1759 1033 1824 hune
1054 1759 1232 1824 Eusebium
1255 1762 1470 1830 invocarunt,

354 1866 532 1922 asserentes
555 1860 659 1938 ipsum
681 1859 806 1923 litteras
828 1860 951 1924 dedisse
985 1859 1202 1940 Euphratioui
1225 1857 1387 1922 Balaueue
1408 1859 1472 1936 epi·

353 1977 465 2038 scopo,
488 1960 543 2022 nbi
565 1960 703 2022 docebat
728 1957 888 2024 Christum
909 1977 973 2022 occ
994 1979 1056 2023 ease
1075 1979 1183 2024 omnm
1199 1959 1310 2023 Deum.
1336 1958 1384 2022 De
1404 1959 1472 2040 qui·

354 2059 415 2121 bus
431 2065 536 2121 tumen
551 2058 633 2121 inira
650 2058 880 2139 disputabitur.
900 2059 979 2122 ltem
995 2079 1037 2123 ex
1055 2061 1200 2141 eiusdem
1217 2058 1385 2121 Athanasii
1400 2057 1472 2137 Epi·

355 2155 440 2220 stola
458 2155 501 2218 br
519 2156 656 2219 Decretis
670 2156 791 2236 Spaodi
810 2158 960 2222 cicuratas
975 2177 1005 2220 n.
1026 2157 1057 2224 3.
1073 2159 1202 2222 eruitur
1219 2157 1287 2220 Arii
1308 2167 1471 2238 patronos,

356 2256 522 2335 inquibus
538 2257 708 2333 Acacium,
728 2257 922 2322 contendere
939 2257 1118 2322 Eusebium
1134 2257 1365 2324 caesariensem
1386 2264 1471 2320 metu

355 2357 582 2436 subscripsisse
602 2360 748 2440 synodali
772 2359 944 2423 Sanctioui.

439 2456 649 2538 Quapropter
662 2478 701 2521 ne
716 2461 929 2523 imminuatur
941 2458 1082 2524 Socratis
1098 2463 1276 2525 auctoritas
1288 2459 1330 2522 ob
1340 2477 1377 2522 ea
1390 2473 1473 2540 quae
1557 2479 1558 2484 ¹

358 2565 492 2622 testatus
513 2570 562 2623 est
582 2559 621 2622 da
642 2559 797 2637 Eusebio,
813 2579 851 2622 ac
871 2560 971 2622 simul
992 2579 1032 2623 ne
1053 2563 1148 2625 etiam
1171 2561 1304 2641 oblique
1325 2569 1471 2622 uestrum

357 2657 541 2723 infirmetur
573 2661 776 2739 propositum
805 2661 846 2722 de
867 2658 1030 2740 Origene,
1055 2663 1142 2723 testis
1169 2662 1286 2725 subeat
1308 2659 1473 2739 praelatus

354 2775 380 2821 s.
403 2757 626 2834 Athanasius,
648 2761 793 2824 sincerus
817 2761 886 2834 sir,
910 2769 1016 2822 aetate
1038 2761 1264 2841 propinquior,
1286 2768 1319 2823 st
1340 2759 1474 2839 peritior

358 2875 482 2935 rerum,
505 2877 590 2939 quae
612 2868 719 2939 gestae
739 2866 815 2922 sunt
831 2859 862 2920 iu
878 2858 1010 2922 Eusebii
1029 2877 1138 2924 causa
1162 2857 1271 2940 Huius
1295 2861 1378 2922 enim
1404 2874 1473 2938 par·

358 2965 406 3021 tes
426 2961 568 3039 suscepit
588 2960 730 3024 scribens
757 2959 797 3020 ad
827 2961 994 3040 episcopos
1016 2960 1105 3024 airus
1126 2961 1161 3022 dc
1181 2959 1269 3022 Filio
1290 2959 1387 3026 Patri
1406 2975 1476 3018 cosr-

359 3057 582 3132 substantiali,
605 3078 636 3122 ιι.
660 3057 688 3124 6.
713 3060 842 3140 inquit:
858 3082 874 3120 ιι
894 3059 1044 3141 Episcopi
1067 3079 1146 3125 varo
1168 3060 1335 3139 (nicaeni)
1356 3075 1476 3138 nequa·

359 3176 457 3238 quam
482 3177 577 3222 voces
600 3159 671 3222 illes
693 3161 929 3240 excogitarint3
961 3162 1017 3224 sed
1039 3159 1175 3225 Petrum
1198 3163 1379 3225 testimonio
1402 3157 1474 3222 ireti

358 3257 402 3321 itu
423 3258 634 3337 scripserunt.
671 3258 836 3339 Siquidem
860 3261 956 3340 prisci
987 3261 1128 3343 episcopi
1150 3270 1224 3324 ante
1255 3278 1354 3323 annos
1376 3275 1474 3340 prope

359 3367 487 3422 centum
511 3359 638 3439 triginta
660 3379 734 3423 cum
757 3378 888 3439 magnae
912 3359 1047 3438 Romae,
1073 3372 1140 3424 turn
1162 3363 1258 3425 etiam
1275 3371 1406 3425 nostrae
1421 3375 1475 3422 ur·

360 3457 419 3533 bis,
441 3460 568 3538 scriptis
589 3459 655 3523 suis
677 3476 731 3522 eos
753 3459 984 3536 culpaverunt,
1007 3460 1063 3539 qni
1087 3458 1205 3524 Filium
1228 3478 1296 3524 rem
1313 3461 1430 3524 iactam
1444 3464 1476 3520 et

358 3555 448 3618 Patri
470 3576 533 3620 nou
555 3558 860 3622 consubstantialem
882 3557 1036 3621 dicerent.
1061 3557 1163 3639 Cujus
1185 3559 1232 3620 rei
1253 3577 1317 3622 uon
1344 3561 1474 3638 ignarus

359 3655 520 3722 Eusebius
542 3659 719 3724 Caesareae
740 3659 818 3722 olim
841 3659 1022 3739 episeopus,
1045 3661 1115 3737 qut,
1139 3677 1213 3724 cum
1235 3661 1326 3740 prius
1347 3660 1475 3723 adauae

359 3758 484 3822 haeresi
507 3759 756 3840 suffragaretur,
779 3768 890 3839 postea
913 3759 1064 3822 nicaenae
1084 3758 1214 3842 syuodo
1229 3758 1430 3838 subscripsit,
1445 3756 1476 3818 iu

358 3856 475 3922 litteris
496 3861 536 3922 ad
558 3879 634 3924 suos
657 3861 758 3924 missis
780 3860 861 3923 haec
881 3858 1066 3924 affirmarit.
1091 3858 1143 3923 Ex
1164 3860 1305 3940 antiquis
1320 3858 1476 3940 quosdam

358 3959 504 4022 eruditos
525 3960 697 4040 clarosque
718 3959 909 4040 episcopos,
930 3967 1031 4040 atque
1050 3960 1228 4040 scriptores
1248 3961 1369 4024 scimus
1390 3959 1475 4022 circa

358 4057 463 4122 Patris
485 4068 518 4122 et
539 4057 613 4124 Filii
629 4061 842 4135 divinitatem,
857 4057 1026 4124 bercoteria
1044 4060 1327 4126 consubstantialis
1348 4056 1473 4124 nomine

357 4176 475 4226 usos.»
500 4159 551 4226 Ex
583 4162 631 4226 bis
656 4161 785 4227 iuterim
814 4161 972 4226 statuitur
1001 4178 1079 4228 osus
1107 4160 1259 4229 soeabutt
1288 4155 1474 4224 lomoosioa
