3170 4958
1169 401 1233 470 285

3 514 6 519 ·
108 495 313 562 consolatum
344 491 528 562 Vultiscric'.
557 493 599 561 Et
620 497 755 562 cessabit
775 497 915 580 emplius
936 501 1123 578 admiratio,
1146 503 1225 568 duro

111 601 233 664 scimus
247 599 427 678 episcopos,
447 603 500 663 sis
518 601 605 664 Petri
621 600 818 665 Cathedrom
840 603 995 677 ascendit,
1011 621 1029 666 o
1043 603 1228 685 longinquis

0 753 2 756 ,
112 701 300 782 regionibus
320 701 359 762 ei
381 703 531 764 somniem
553 703 720 782 scripsisse
741 701 909 784 vigilium,
928 705 1014 767 hunc
1038 723 1100 770 ceu
1123 707 1229 786 legitis

14 840 15 843 =
112 818 204 866 utum
225 799 313 864 Petri
342 820 564 866 successorem
592 805 811 894 consulturos.
845 802 972 880 Quibus
1001 808 1227 886 respondebor,

110 903 201 968 <lese
223 904 356 968 locutus
378 906 425 967 uti
440 925 462 967 o
478 903 538 967 Deo
559 918 688 970 vocatos
710 909 752 971 od
771 906 967 973 Cotidiccm
983 911 1152 990 rependens
1168 909 1229 974 us·

110 1005 251 1070 etesium:
272 1026 363 1088 qoem
383 1007 550 1070 constitnit
568 1007 720 1073 Dominus
742 1029 836 1090 sopor
849 1007 1008 1090 [amilium
1023 1029 1125 1074 suom.
1141 1011 1227 1088 Quin

0 1166 2 1169 .
111 1111 248 1188 iusuper
273 1127 416 1188 uuquam
449 1110 542 1173 ullibi
566 1112 596 1172 in
628 1113 695 1174 suis
721 1113 864 1190 epistolis
883 1122 940 1175 aut
971 1103 1109 1177 decretis
1130 1123 1226 1192 quot·

1 1269 5 1282 ,
107 1210 377 1290 onothuousque
399 1213 535 1288 genuino
560 1213 669 1277 haberi
693 1215 872 1291 potuerint,
892 1215 966 1283 toln¹
980 1213 1078 1293 hujus
1100 1217 1228 1294 generis

0 1375 16 1386 .
113 1313 341 1390 culpatiouuan
364 1312 532 1391 (quorum
556 1314 655 1392 vulgo
676 1315 797 1379 dicitur
824 1316 925 1390 reus)
947 1315 1149 1395 proindeque
1170 1323 1229 1380 aut

109 1413 320 1478 couiessiouis
348 1426 406 1477 out
429 1417 666 1479 renunciationis
696 1418 922 1480 manifestetur
943 1416 1105 1480 iodicium.
1129 1416 1228 1494 Quod

8 1565 9 1568 ,
109 1515 271 1578 sirerera
294 1517 324 1578 in
349 1515 558 1580 Pontificatus
580 1519 766 1596 primordiis
784 1528 846 1581 tans
869 1519 1056 1596 pronissime
1077 1518 1228 1582 clientiis·

112 1626 166 1681 set
181 1615 331 1696 vigilius,
348 1620 387 1678 nrt
404 1619 583 1682 notoriecim
605 1619 673 1682 iera
688 1637 848 1684 concrum
865 1623 1005 1700 spatium
1028 1637 1090 1682 uon
1105 1623 1229 1684 omisis-

3 1785 6 1794 ,
111 1727 164 1784 set
186 1722 302 1799 queris
324 1722 449 1783 ratione
470 1721 601 1799 culpam
622 1725 743 1801 quippo
759 1721 921 1801 publicem
942 1721 1126 1802 significare
1143 1732 1175 1786 et
1192 1744 1230 1787 u·

1 1885 2 1888 ,
112 1841 156 1885 na
173 1824 435 1903 resipiscentiam.
458 1821 571 1902 quue
593 1827 693 1904 magis
707 1826 733 1885 si
748 1824 994 1887 considerentur
1006 1824 1229 1889 severissimos

115 1924 284 1990 Ecclesiae
311 1943 482 2000 censurae,
505 1925 537 1987 in
562 1943 643 2004 quas
671 1927 834 1988 incidisset
855 1923 1004 2004 vigilius,
1025 1924 1094 1988 siro
1116 1924 1229 1988 haerc-

111 2031 332 2107 sior-species‚
354 2029 424 2090 sive
452 2028 674 2100 homicidium,
696 2029 765 2090 sire
785 2028 967 2100 simoniam.
990 2029 1060 2090 sire
1080 2025 1227 2108 ejusdem

112 2131 340 2194 intrusionem:
362 2129 480 2210 quibus
502 2139 662 2208 perpetue
683 2147 700 2190 e
724 2147 859 2190 munere
880 2128 1054 2205 pontificali
1076 2147 1227 2192 umoreu·

113 2233 177 2294 sius
197 2241 281 2303 erat,
304 2231 330 2292 si
352 2247 465 2308 reopse
489 2231 564 2293 talia
588 2238 805 2308 perpetrasset
826 2227 956 2306 iiagitia.

202 2331 283 2395 item
300 2351 359 2412 pro
372 2329 491 2412 vigilio
506 2332 597 2407 iecit,
613 2330 700 2410 quod
716 2330 756 2392 tle
771 2329 859 2392 Actis
876 2327 1031 2395 Boniiecii
1049 2329 1153 2410 Pepae
1168 2330 1231 2393 cir·

114 2453 153 2500 ca
176 2451 296 2498 nouom
317 2429 388 2500 530.
401 2433 446 2496 oit
461 2431 583 2496 Binios:
601 2453 618 2493 s
634 2429 716 2496 Cum
739 2432 927 2510 gotthorum
945 2449 1036 2511 reges
1057 2432 1115 2496 sibi
1133 2441 1228 2496 usur*

114 2547 244 2616 possent
268 2533 401 2598 iiomoni
420 2533 580 2598 Pontificio
603 2534 806 2606 electionem,
823 2531 863 2594 ad
885 2532 1047 2614 ejusmodi
1060 2541 1227 2612 praesumss

116 2650 206 2720 ptem
228 2648 261 2702 et
282 2646 472 2718 usurpatum
494 2639 657 2702 licentiam
680 2655 721 2701 ex
739 2637 927 2717 gotthorum
950 2637 1096 2700 manibus
1117 2646 1229 2700 extor-

3 2797 5 2824 ὲ
114 2739 291 2818 quendam,
316 2735 498 2802 Bonilocius
522 2737 686 2801 Ecclesiae
706 2738 892 2801 consultum
914 2753 985 2799 esse
1003 2735 1173 2816 iudicante
1191 2742 1227 2801 ut

1 2899 2 2908 ,
114 2841 210 2904 nulio
229 2841 342 2904 relicto
358 2841 448 2905 Sedis
462 2837 613 2902 vocantis
635 2839 720 2914 ioco,
737 2835 957 2902 successorem
970 2837 1031 2900 sini
1052 2837 1226 2918 eligerett

1 2971 13 3041 ,ς
115 2944 193 3007 ideo
216 2951 412 3021 congregato
433 2939 576 3023 syuodo,
600 2942 717 3004 eiectio
739 2937 849 3003 incidit
869 2941 900 3006 iu
922 2937 1086 3018 vigilium.
1108 2937 1229 3014 Quem·

118 3047 167 3107 ris
188 3054 296 3108 autem
319 3041 418 3122 paolo
440 3053 512 3122 post
532 3041 574 3105 ob
595 3045 663 3123 ipso
680 3041 846 3106 Boniiaciu
867 3041 959 3105 irrita
974 3040 1136 3103 tieoierata
1160 3042 1229 3104 iue-

0 3197 8 3230 s
118 3149 172 3220 rit,
195 3165 256 3209 ceu
279 3147 458 3209 inconsulte
481 3153 513 3208 et
542 3154 674 3224 praeter
694 3142 860 3208 Ecclesiae
891 3159 1030 3206 canones
1059 3143 1155 3218 locta,
1183 3148 1228 3205 ni·

116 3251 293 3312 hilominus
315 3243 426 3327 vigilii
445 3263 581 3326 persona
603 3247 643 3310 eti
667 3249 730 3311 hoc
751 3261 869 3312 monus
890 3253 965 3308 onte
986 3252 1112 3323 tempus
1135 3264 1230 3308 voco-

2 3329 5 3424 ,⁴
115 3362 160 3425 ta,
176 3352 275 3430 ipsius
291 3349 508 3429 praesignavit
522 3352 668 3428 egrogios
682 3349 778 3412 animi
801 3349 904 3426 dotes3
921 3345 1040 3427 quibus
1062 3346 1228 3410 Ecclesiae

0 3515 2 3518 .
115 3453 344 3534 gubernandae
365 3470 425 3533 pur
450 3451 575 3523 luisset,
598 3459 632 3514 et
653 3453 698 3516 ita
724 3445 761 3516 ut
783 3461 905 3532 posteo,
929 3451 1071 3526 absente,
1094 3459 1152 3512 ont
1174 3469 1230 3528 pu·

117 3559 182 3620 tius
203 3563 335 3618 mortuo
355 3553 508 3626 silverio,
525 3551 612 3617 Cleri
637 3551 772 3618 Romani
797 3555 890 3624 rotis,
913 3551 1086 3631 piuudenic
1108 3550 1229 3614 Beliso·

1 3720 8 3736 ,,
115 3661 179 3733 rio,
201 3655 241 3718 ati
266 3656 351 3719 Petri
373 3653 569 3720 Gallicorum
593 3655 692 3717 irrorit.
714 3656 831 3719 elatus.
856 3654 1077 3731 Quamobrem
1099 3655 1229 3732 saepius

1 3799 6 3854 3⁴
113 3778 208 3825 suam
236 3759 276 3822 ed
308 3757 423 3824 Sedere
446 3758 664 3834 Apostolicsm
696 3760 869 3820 elationem
900 3766 1049 3834 repetens
1080 3750 1228 3832 vigilius,

1 3894 6 3912 ι
114 3861 196 3923 hooc
211 3858 391 3922 obtestetur
411 3867 471 3921 est:
492 3856 552 3920 Cui
567 3853 652 3933 (Sodi
668 3855 878 3937 Apostolicoc)
898 3856 1054 3919 Densum
1071 3852 1231 3936 proscide-

113 3979 147 4020 re
177 3957 290 4020 vnlan't.
314 3955 415 4042 Sicuti
447 3957 559 4022 eodem
583 3957 690 4018 corruis
713 3957 896 4036 integritate
920 3958 1084 4036 professus
1106 3969 1165 4028 est,
1188 3957 1229 4016 oin

115 4061 282 4140 Apostolis
304 4059 400 4124 ficem
426 4057 576 4120 traslitnm
598 4067 631 4120 et
652 4076 668 4118 o
692 4067 837 4136 quattuor
867 4059 1002 4142 Spnotiip
1032 4057 1156 4118 sincero
1177 4073 1229 4116 oo·

109 4165 233 4224 tonsae
247 4179 277 4222 se
297 4157 447 4234 tenuisse,
464 4167 576 4233 tenere,
594 4169 786 4236 concretum,
804 4167 831 4220 et
847 4157 992 4220 orercrurc'
1012 4171 1104 4240 otpue
1124 4159 1228 4240 cirsen-

112 4266 185 4328 dere
206 4274 262 4327 etc.
