3048 4946
89 490 180 572 dices,
200 491 319 574 quihus
333 494 540 560 eommtmnm
562 495 671 561 luerat
684 497 855 578 processus
875 509 1024 560 cadmeas
1046 509 1087 558 ae
1106 501 1192 558 cete·

87 593 119 656 ri'
132 593 308 658 omiserunt
327 596 483 678 episcopi,
498 598 554 677 qni
578 606 651 678 post
671 596 794 678 legatos
818 595 1012 677 pontificios,
1030 593 1136 660 Photil
1156 602 1191 661 et

86 691 239 760 Enalathii
259 696 522 778 subscripserunt
536 698 726 772 sententiae,
742 697 854 761 eadem
877 698 1014 761 latorum
1031 697 1130 760 rsrha
1143 697 1191 760 in·
1234 709 1239 726 ¹

85 792 283 860 irrorantes?
304 792 386 861 Cnau
401 797 441 860 da
464 797 593 879 reliquo
606 797 808 878 apertissime
821 803 958 873 cunstat,
974 797 1035 862 hac
1057 803 1191 877 accepta

86 895 175 974 impla
196 893 353 976 Epistola,
377 895 528 964 Photium
550 908 584 964 et
606 897 833 974 Eustathinm,
854 898 979 979 legatos
999 897 1192 980 pontificius,
1214 907 1218 916 ’

84 1004 270 1077 ceterosque
291 998 448 1064 antistites
469 998 529 1062 sihi
550 1000 750 1077 adversatos,
778 1016 817 1064 en
838 997 978 1066 dirulaae
997 1015 1083 1082 quae
1104 1006 1193 1065 tanto

83 1095 184 1160 studio
204 1103 318 1162 contra
341 1095 528 1166 Nestorium
549 1108 741 1166 statuerant.

156 1195 238 1261 Hinc
260 1215 339 1278 erpo
364 1199 473 1281 liquet
497 1206 629 1280 praeter
655 1210 764 1266 cetera
792 1207 983 1280 argumenta
1012 1199 1095 1264 hane
1116 1197 1192 1282 Epi·

82 1297 190 1362 stolam
211 1299 243 1361 in
264 1301 436 1382 pericopes
458 1303 574 1367 relecto
594 1301 664 1385 rjus
688 1301 841 1383 Epistola,
870 1299 1060 1382 epaoor'mau
1086 1299 1193 1382 dparsua

81 1395 188 1480 (llum)
208 1417 274 1464 erse
293 1403 514 1478 orthodoxum,
536 1403 711 1468 dednitloni
730 1401 833 1484 Photii
854 1411 888 1466 et
904 1401 1063 1466 Eustathil
1083 1401 1193 1483 auhja-

81 1507 171 1576 etam,
185 1518 205 1563 a
218 1500 334 1583 legalla
356 1505 526 1586 pontideiis
553 1511 773 1586 acceptumst
798 1522 815 1568 a
835 1503 986 1570 Patribus
1007 1503 1191 1584 prohatam,

82 1604 257 1667 necosaario
272 1606 548 1688 comprehendero
559 1603 743 1710 γράμματα
761 1607 899 1685 litteras,
912 1607 1037 1688 quasin
1050 1599 1195 1676 onicinu-

27 1691 31 1702 ’
84 1699 193 1802 *paple-e
216 1707 433 1772 delensiunem
455 1710 541 1772 misit
561 1708 633 1773 lhas
654 1709 695 1772 ad
718 1709 829 1772 l’atrea
858 1707 1050 1793 synodalesr
1073 1707 1192 1785 quihus

11 1865 12 1868 ,
84 1810 244 1890 prolessus
265 1820 325 1888 est,
342 1828 377 1874 se
397 1810 581 1875 orthodoxe
600 1810 733 1888 sentire,
750 1809 871 1874 ntideo
893 1809 1061 1875 luooslum
1080 1826 1117 1875 se
1137 1810 1194 1874 ha·

83 1911 164 1976 here.
189 1913 260 1980 Nee
281 1914 378 1977 aliter
408 1910 571 1998 Hypatius
591 1909 710 1998 Synodl
731 1928 844 1976 musas
872 1911 1104 1992 interpretatus
1133 1917 1192 1977 eat

11 2039 12 2072 t
83 2009 122 2076 Et
141 2013 219 2079 haec
243 2013 349 2094 quoad
373 2014 509 2094 primam
531 2021 657 2095 partem
679 2012 796 2076 citatae
817 2012 1010 2077 collationis
1032 2017 1151 2077 textos.

157 2111 204 2179 lla
229 2112 372 2196 Epistola
395 2132 495 2196 porro
517 2112 605 2190 lhae,
629 2129 729 2194 qnam
751 2111 1013 2178 coutmhceutes
1033 2111 1194 2206 severiani

11 2241 12 2280 t
85 2213 272 2296 objecerunt
292 2213 479 2294 Catholicis,
507 2216 561 2280 hlc
581 2215 781 2292 instauratis,
798 2233 883 2297 quae
904 2215 945 2277 ah
964 2215 1056 2280 initio
1077 2215 1139 2277 hao
1155 2213 1197 2279 de

84 2315 246 2382 locotione
268 2318 462 2396 dictasunt,
490 2317 600 2383 Patres
621 2319 891 2384 chalcedonenses
916 2327 980 2381 noh
1009 2323 1132 2382 tantum
1155 2316 1197 2382 de

11 2471 12 2480 ,
85 2415 224 2498 Epistola
248 2420 288 2482 ad
311 2419 443 2496 Marion,
466 2428 624 2501 qnantum
647 2421 686 2489 de
700 2435 835 2500 persona
853 2418 928 2482 lhee
948 2434 1022 2483 eum
1044 2417 1199 2483 sollicitos

88 2518 181 2585 luisse
202 2527 341 2598 constut,
363 2529 545 2603 opportune
578 2536 663 2587 nnuc
684 2523 775 2587 nohis
799 2521 888 2586 anhit
906 2520 1033 2596 eccesie
1058 2520 1119 2584 hoc
1140 2537 1198 2583 ex·

11 2655 12 2658 =
85 2619 230 2698 placandi
254 2623 294 2685 de
314 2624 375 2686 hae
396 2641 432 2686 re
466 2621 600 2687 Pulsum
626 2623 799 2704 judicium.
822 2621 985 2703 Hypatius
1011 2622 1122 2702 itaque
1148 2637 1199 2684 re·-

85 2723 242 2802 spundons
256 2724 445 2801 severianis,
461 2728 517 2806 qni
539 2726 599 2790 sibi
622 2724 697 2789 lhae
713 2733 937 2807 praesumptas
952 2723 1090 2788 Litteras
1111 2720 1200 2802 ohy'e·

86 2831 204 2901 cenant,
228 2826 391 2890 revocatis
405 2827 436 2888 ln
453 2827 589 2890 Actione
603 2824 645 2890 x.
661 2825 807 2906 ejusdem
828 2825 946 2910 synodi
969 2823 1131 2895 discussis,
1154 2820 1199 2884 cl·

86 2931 130 2987 tat
151 2943 289 3008 qnoque
314 2935 402 3007 gesta
433 2925 518 2992 hesli
540 2927 670 3013 (lyrilli,
698 2928 752 2992 uhi
782 2927 901 2991 mentio
921 2925 1032 2992 incidit
1057 2925 1200 2988 altarum

11 3065 12 3068 =
83 3028 320 3106 epistolarumr
344 3031 385 3094 de
405 3031 523 3110 quihus
544 3030 652 3094 subdit
673 3028 847 3116 Hypatius,
869 3027 1049 3092 nullimode
1071 3033 1197 3089 motum

83 3126 177 3194 luisse
200 3128 378 3212 cyrillum,
400 3133 555 3195 scientem
586 3149 621 3195 ae
642 3140 763 3195 rectam
788 3131 882 3194 tidem
915 3127 1063 3211 prollterl
1086 3133 1119 3190 et
1139 3124 1199 3192 Ga·

85 3230 220 3297 lholicae
245 3233 487 3298 communicare
517 3231 690 3297 Ecclesiae.
720 3231 763 3295 Et
792 3233 834 3294 oh
855 3232 937 3294 hauc
967 3229 1133 3305 dduciam,
1155 3226 1201 3291 alt

84 3325 258 3414 Hypatius,
281 3335 432 3398 eumdem
453 3333 615 3420 cyrillum
637 3333 677 3396 ud
699 3331 911 3398 Valerianum
935 3333 1113 3410 scripsisse,
1135 3346 1200 3392 uon

85 3447 151 3498 ease
170 3434 349 3500 credendas
365 3452 423 3500 nec
444 3435 648 3516 accipiendos
669 3437 717 3498 uti
739 3437 881 3498 sinceres
902 3442 935 3496 et
949 3432 1072 3496 loetum
1095 3430 1197 3508 illius,

86 3535 177 3616 eujus
199 3539 392 3618 praeierunt
413 3554 541 3615 nomen,
568 3537 733 3617 epistolas·
752 3535 847 3600 ddern
877 3540 1073 3598 ostentantes
1093 3532 1201 3598 diser·

86 3651 152 3699 sam
172 3639 214 3701 ah
230 3638 300 3714 illa,
317 3655 415 3720 qnam
437 3641 505 3719 ipss
526 3655 642 3702 revera
666 3636 894 3718 prodtehator.
911 3634 988 3713 Quo
1008 3640 1201 3715 argumento

87 3737 158 3802 ideo
179 3742 299 3816 ntitnr,
322 3731 359 3805 ut
381 3741 563 3805 munituras
595 3730 837 3820 praesumptam
862 3738 937 3801 lhae
967 3735 1147 3818 Epistulam
1168 3741 1202 3800 et

88 3841 217 3920 quidem
241 3844 437 3908 hoereticum
453 3842 533 3923 (sisa
556 3850 634 3905 tune
649 3857 707 3906 sen
727 3837 842 3903 deinde
857 3835 946 3902 Actis
960 3837 1079 3922 Synodi
1101 3839 1202 3900 insor-

89 3944 172 4024 tam)
194 3945 419 4028 apocrypham
442 3942 623 4009 hahendam
644 3959 728 4017 esse,
748 3957 788 4004 ae
810 3940 900 4005 nulle
923 3953 1057 4021 prorsus
1078 3938 1204 4002 ratione

89 4039 163 4112 lhae
184 4047 293 4112 eidem
314 4047 563 4121 luseribendam,
585 4044 642 4125 qnl
664 4042 848 4108 orthodoxo
869 4043 977 4123 sapuit
998 4049 1031 4106 et
1055 4039 1200 4104 credidit.

167 4147 318 4231 itemque
338 4147 501 4235 Hypatius
518 4145 638 4232 Gyrilll
659 4153 851 4227 argomento
873 4145 1006 4222 insunt,
1028 4143 1089 4207 hac
1110 4158 1203 4222 praa·

90 4249 183 4317 missa
200 4251 456 4333 comparatione,
471 4253 665 4333 prosecutus
685 4247 718 4313 in
738 4245 923 4314 relelleudis
936 4244 1112 4313 severianis
1133 4245 1199 4306 ait:
