3186 4946
111 505 263 572 omuctir
279 507 442 587 propbetis
469 519 497 572 et
524 510 687 590 apostolis,
713 510 750 582 ds
775 509 960 574 aeternitate
988 507 1072 574 Verbi
1092 512 1223 592 capim

110 607 222 670 morat
230 629 242 688 ς
263 611 318 672 sod
339 627 410 672 cora
425 609 501 690 plus
521 608 622 674 nimio
641 609 833 690 indulgeret,
855 629 954 675 conss
982 621 1027 676 est
1054 615 1224 678 secundam

110 705 294 787 hypostasim
321 706 408 771 Verbi
426 707 624 772 constituere.
648 709 709 786 lto,
731 712 880 791 sequitur
899 709 1082 790 Eusebius,
1105 713 1222 790 illisce,

111 825 186 886 quse
207 810 386 874 rectissime
406 812 447 872 ab
460 807 601 890 Origene
616 811 802 888 dictasunt,
820 830 882 876 non
897 813 997 876 licere
1011 814 1136 879 scilicet
1147 833 1220 879 cor·

111 910 246 988 perstem
267 911 444 990 qnamdam
465 920 499 973 et
519 912 678 991 passivam
700 913 938 991 generationem
954 913 1128 976 divinitatis
1145 913 1220 976 Filii
1271 969 1276 978 .

111 1005 391 1086 pescenninus,
414 1029 472 1092 per
492 1013 551 1074 isto
573 1014 788 1087 contradicit,
810 1021 843 1076 et
864 1015 896 1074 in
918 1014 1028 1093 primis
1050 1014 1138 1093 quod
1161 1018 1222 1102 by·

111 1114 250 1191 postasirn
271 1115 471 1178 concesserit
495 1111 622 1176 Filio.»

177 1212 257 1278 Corn
279 1215 393 1294 itaque
415 1213 592 1279 bisrcellns
614 1233 657 1278 ex
679 1213 776 1280 Libro
807 1215 861 1280 lv.
884 1236 914 1279 n.
940 1214 991 1282 ts.
1021 1215 1221 1280 Periorclsoo

111 1317 273 1394 exprobret
286 1317 436 1397 Origeni,
455 1318 543 1397 qnod
560 1317 635 1380 Filii
649 1318 873 1384 aeternitatem
888 1337 963 1383 cnm
981 1319 1077 1384 Putre
1092 1320 1220 1383 docuis-

110 1423 161 1491 set,
182 1434 218 1480 nc
236 1417 342 1497 ipsius
355 1417 429 1481 Filii
443 1419 623 1482 distinctam
647 1420 857 1502 hypostasim,
871 1421 1084 1501 consequitur
1101 1421 1219 1501 primo,

112 1515 218 1580 Rudini
248 1519 432 1583 versionem
464 1537 581 1602 graeco
610 1522 760 1600 originali
791 1541 992 1598 consonare,
1026 1541 1101 1586 enm
1130 1524 1225 1586 istinc

112 1619 265 1680 translatio
288 1620 351 1682 nisi
373 1620 581 1696 verbotenus,
605 1622 637 1682 in
657 1639 753 1687 sensu
774 1623 889 1686 saltem
913 1625 1017 1686 textui
1040 1640 1161 1702 graeco
1180 1623 1225 1688 ci·

113 1725 204 1780 utos
226 1717 391 1784 Marcello
412 1722 605 1784 conveniat:
628 1723 771 1786 secundo
792 1722 966 1801 Origeoem
987 1731 1076 1786 rectu
1097 1725 1219 1786 sentire

112 1833 173 1880 cunr
202 1817 352 1884 Ecclesia
379 1820 545 1886 Ootbolicn
571 1832 685 1888 contra
711 1823 856 1904 ejusdem
888 1823 1038 1887 Marcelli
1065 1825 1226 1887 baeretici

112 1929 249 1983 mentem:
268 1921 368 1984 tertio
383 1939 446 1984 nnn
460 1923 542 1986 sdeo
564 1925 595 1986 in
611 1923 784 2004 Origenem
800 1925 987 2004 prorupisse
1008 1923 1221 2000 Marcellum,

113 2017 134 2076 si
153 2019 244 2098 impia
266 2020 419 2099 dogmsts
434 2023 465 2084 in
486 2023 578 2086 libris
593 2024 785 2103 origenianis
800 2021 995 2088 Perinrcitoa
1010 2028 1142 2100 inserts,
1157 2025 1220 2088 sin·

113 2134 196 2182 cerus
216 2119 422 2184 babercnlnr
443 2121 596 2186 Auctoris
619 2124 736 2187 ioetus.

180 2217 240 2282 Sed
263 2220 438 2286 audiamus
453 2239 537 2301 qnae
552 2223 691 2288 ulterius
708 2244 749 2288 ex
764 2225 877 2288 eodem
892 2233 925 2288 et
939 2225 970 2288 in
985 2225 1134 2290 eumdem
1149 2223 1225 2288 Ori·

112 2335 212 2397 genem
232 2323 398 2386 scribebat
420 2321 597 2404 Episcopus
619 2340 801 2408 ancyranus
819 2324 916 2406 juxta
933 2344 1018 2405 quae
1035 2325 1133 2390 tradit
1158 2324 1225 2389 Eu·

113 2421 231 2486 colloss
255 2423 391 2488 «Addit
413 2422 616 2503 (Marcellus)
638 2423 811 2506 Origenem
840 2427 1017 2490 maledictis
1046 2428 1225 2506 impetens,

113 2529 243 2588 streete
264 2525 308 2588 nb
329 2525 391 2588 isto
413 2527 524 2604 positis
545 2527 790 2590 contradicens:
817 2525 978 2605 Origenes,
1010 2529 1127 2608 inquit,
1148 2527 1226 2590 scri·

109 2619 168 2700 ptis
185 2625 253 2688 stris
274 2625 422 2704 mnndum
439 2624 582 2706 propriis
601 2625 669 2690 snas
689 2626 913 2691 assationibus
933 2625 1046 2690 utitur.
1070 2625 1109 2690 Id
1129 2628 1226 2710 liquet

114 2734 220 2798 nutem,
241 2726 329 2806 quod
350 2743 414 2788 noo
434 2744 503 2790 aon
518 2734 645 2790 tontum
658 2726 724 2790 vics
737 2747 797 2790 sca
824 2726 926 2806 ipsius
944 2726 1093 2791 subvertit
1108 2739 1228 2790 asserta

113 2835 199 2890 recto.
225 2825 424 2908 Consequens
443 2837 548 2892 autem
568 2829 699 2903 rst,ilio
719 2829 771 2893 istc
791 2827 860 2891 ideo
881 2847 1228 2909 commemoraremus

113 2927 181 2991 olibi
198 2929 234 2991 dc
257 2928 322 2991 Deo
342 2927 440 2992 dicits
463 2929 513 2992 Ad
537 2931 617 2992 boec
637 2939 747 2994 sutem
778 2931 876 2994 verba
904 2931 1017 2993 scribit
1045 2931 1224 3011 Origenes:

114 3025 176 3092 Noa
194 3029 279 3092 roim
299 3030 418 3110 incepit
444 3049 508 3092 csse
529 3030 628 3095 Pater
656 3030 739 3094 Deus
759 3048 794 3092 eo
813 3029 909 3111 quod,
926 3038 962 3091 ut
983 3028 1066 3091 inter
1090 3028 1228 3095 inmissos

113 3127 180 3206 sieri
197 3131 287 3208 solet,
311 3129 408 3194 Pntcr
427 3149 489 3192 esse
509 3129 705 3210 nequiverat.
727 3127 810 3194 Nam
829 3127 859 3190 si
872 3146 992 3208 semper
1000 3129 1163 3209 perfectus
1175 3149 1228 3192 sa·

115 3227 209 3294 litarat
233 3231 316 3294 Orus
335 3240 363 3292 st
378 3240 529 3310 potestate
546 3231 844 3311 prestitissemus
860 3227 968 3307 Pater,
983 3249 1020 3292 nc
1037 3229 1152 3293 boam
1167 3242 1226 3306 cst,

114 3324 195 3394 trum
214 3351 278 3394 csse
296 3330 423 3395 Patrem
444 3331 520 3394 tuiis
536 3330 631 3408 Filii,
648 3332 723 3395 dum
738 3350 805 3394 reos
819 3331 932 3413 differt,
950 3349 989 3392 etc
1004 3348 1067 3410 quo
1081 3329 1164 3393 Filii
1172 3349 1229 3410 po·

115 3438 163 3494 tut
176 3451 237 3494 csse
254 3432 366 3507 Potor,
378 3431 515 3512 seipsum
536 3444 626 3496 tuoto
640 3435 717 3496 borso
724 3431 836 3513 privat
857 3431 942 3496 Idem
955 3431 1049 3494 etium
1062 3429 1229 3494 dicentium

116 3542 153 3594 cst
170 3535 205 3596 dr
226 3531 352 3614 Spiritu
371 3530 498 3598 Scorto.
520 3533 572 3598 Ex
593 3523 679 3596 libro
702 3533 728 3595 l.
749 3535 895 3616 ejusdcm
915 3534 1031 3614 Operis
1046 3552 1074 3595 c.
1095 3530 1150 3596 lV.

188 3636 395 3712 «Quomodo
411 3653 490 3715 ergo
506 3635 625 3713 (subdit
643 3634 813 3710 Eusebius)
829 3653 904 3698 cnm
921 3654 958 3699 en
974 3634 1140 3715 scripserit
1153 3632 1230 3695 Ori·

118 3751 214 3814 genes,
235 3737 351 3801 beatus
371 3736 528 3799 Paulinus
545 3735 643 3816 juxta
665 3752 741 3797 cnm
763 3735 972 3810 existimavit,
994 3751 1057 3797 non
1074 3751 1142 3796 esse
1156 3735 1229 3812 qui·

118 3836 182 3900 dem
203 3840 233 3900 in
256 3846 364 3902 tutum
386 3837 447 3900 boo
468 3836 636 3900 occultare
647 3855 659 3916 3
682 3835 722 3920 od
743 3853 819 3899 suas
841 3843 945 3898 minen
968 3836 1133 3916 opiniones
1150 3852 1226 3898 coo·

119 3935 279 4002 firmandas
302 3957 380 4002 usus
400 3938 501 4001 inerit
522 3936 704 4012 contrariis,
728 3935 768 3999 de
789 3935 907 4016 quibus
928 3954 967 3998 ne
982 3933 1138 4014 Origenes
1153 3935 1226 4014 qui·

120 4037 196 4116 dnm,
215 4042 241 4102 si
263 4040 336 4104 fieri
357 4035 475 4120 pdsset.
498 4036 655 4101 Mentitus
676 4044 725 4100 est
746 4045 856 4101 sutem
877 4037 909 4098 in
928 4036 976 4099 bis
991 4034 1171 4098 Marcellus
1186 4033 1228 4097 de

120 4137 260 4220 Origene,
281 4145 375 4222 qussi
396 4140 560 4206 contraria
582 4146 746 4216 tueretur,
769 4156 845 4203 cum
865 4155 929 4200 non
944 4137 1114 4215 intelligat,
1131 4136 1228 4198 illum

122 4257 172 4318 per
189 4244 329 4323 priorem
350 4261 442 4317 suam
464 4239 716 4322 propositionem
736 4239 884 4306 docuisse
907 4237 1036 4302 Putrem
1063 4237 1131 4300 sine
1155 4252 1228 4300 cor·
