2982 4934
354 487 452 552 luisse
472 487 587 552 dehac
609 489 806 569 quaestione,
822 489 903 553 adeo
921 497 957 554 ut
976 491 1063 553 visus
1080 491 1120 554 stt
1134 489 1174 554 de
1187 508 1248 554 suo
1263 487 1371 554 ttinere
1383 507 1440 571 poa·

351 589 481 653 nitentia
498 590 628 664 duetus,
645 609 735 654 suam
751 592 931 670 opinionem
947 592 1131 655 emendasse
1145 593 1185 655 da
1198 592 1439 655 Ammoniosuir·

351 708 415 770 que
436 689 543 767 sociis,
565 698 595 754 et
616 691 764 771 origenis
784 691 887 754 lihris.
912 690 953 754 Et
974 692 1006 753 in
1028 692 1090 755 hoe
1110 691 1189 754 nihil
1212 694 1341 767 mirum,
1355 709 1439 772 quun

349 793 417 871 ipse
440 789 637 872 Epiphanius
653 796 819 856 convictus
832 795 885 866 sit,
899 812 933 857 se
947 812 988 857 ex
1011 792 1125 857 auditu
1141 794 1361 858 tautummodo
1379 794 1439 855 hae·

348 896 448 956 retica
470 895 586 958 dooere
602 896 774 958 monachos
793 893 966 975 judicasse,
987 897 1065 978 quin
1083 895 1184 960 lihros
1200 915 1314 960 eorum
1328 913 1364 958 ae
1382 913 1439 958 sen·

348 1011 420 1058 sum
443 997 658 1074 novisse13ae
683 998 789 1060 otnuia
813 997 924 1060 lenisse
943 1016 984 1060 ex
1002 1016 1104 1078 pravo
1125 997 1259 1061 consiliu
1274 995 1436 1076 Theophili,

348 1096 405 1175 qui
421 1096 459 1159 ad
485 1097 590 1175 ipsum
612 1097 761 1177 scripsit,
784 1097 1011 1178 mandavitque
1036 1107 1074 1162 ut
1104 1099 1172 1162 sino
1193 1115 1284 1162 mura
1304 1095 1437 1163 Constan-

349 1197 518 1276 tinopolim
533 1199 711 1278 proiectus,
734 1199 870 1262 eolleeta
896 1198 1039 1280 undique
1059 1201 1285 1280 episcoporum
1307 1196 1437 1284 syuodo,

348 1298 520 1379 origenem
545 1300 729 1362 nominatim
752 1301 920 1364 damnaret
940 1309 972 1366 et
994 1301 1202 1365 hmmouinm
1223 1309 1440 1380 ceterosquea·

344 1400 474 1482 jusdem
495 1400 650 1464 lautores.
676 1399 718 1463 Et
739 1401 810 1481 quis
832 1399 903 1463 inde
925 1401 956 1462 iu
979 1401 1038 1464 hae
1066 1400 1255 1483 quaestione
1282 1399 1439 1472 ambitum,

348 1502 609 1581 pravitatemque
640 1498 810 1581 Theophili
832 1519 895 1566 uon
917 1489 1095 1582 pereipiet,
1127 1521 1186 1566 nee
1206 1519 1271 1565 uon
1291 1501 1438 1583 iujuriam,

347 1619 411 1681 qua
429 1608 539 1681 postea
557 1601 754 1681 Epiphanius
769 1603 866 1664 sensit
879 1621 914 1666 ae
928 1595 1071 1666 affecisse
1086 1603 1259 1666 mouaehos
1274 1603 1319 1666 oh
1331 1601 1439 1664 nimian

346 1703 586 1778 eredulitatem,
602 1719 666 1782 qua
689 1701 859 1784 Theophili
874 1704 1014 1768 eoustttts
1028 1704 1171 1769 subdolis
1192 1710 1343 1770 ineantur
1358 1720 1439 1768 eote

349 1804 432 1869 rat'l

432 1909 586 1996 Polybius
609 1929 686 1974 vero
701 1911 733 1972 ln
757 1912 818 1973 vlta
834 1927 859 1972 s.
881 1905 1052 1992 Epiphanii
1066 1909 1151 1974 edita
1172 1893 1342 1973 aPetavio
1359 1925 1387 1973 tt.
1399 1903 1437 1974 tt.

346 2009 395 2076 hl.
418 2013 509 2077 nohis
531 2013 625 2077 vuldo
652 2011 851 2091 suffragatur
872 2013 903 2074 in
930 2030 988 2088 re,
1019 2009 1188 2092 Epiphanil
1216 2011 1393 2091 palinodiae
1408 2007 1437 2070 da

344 2111 396 2187 tls,
417 2129 501 2193 quae
515 2122 608 2178 autea
623 2123 765 2194 gesserat
784 2120 896 2177 eontra
921 2111 1199 2195 chrysostomum,
1221 2113 1339 2176 iudicia
1359 2110 1437 2174 menl-

347 2213 425 2276 lesta
450 2215 588 2278 tradens.
602 2215 640 2284 ,la
661 2217 745 2278 euim
767 2215 814 2278 uti
831 2213 999 2296 Epiphanii
1019 2215 1138 2285 socius,
1160 2231 1199 2277 ae
1219 2231 1336 2277 eorum
1357 2212 1438 2275 tidelis

346 2317 452 2389 testis,
475 2333 559 2396 quae
582 2323 659 2380 tune
678 2325 749 2378 aeta
771 2324 845 2380 suut
867 2313 1139 2394 Constantinopoli
1161 2315 1262 2392 paulo
1280 2323 1353 2378 aute
1372 2313 1437 2393 ejus·

345 2417 417 2480 dem
447 2416 615 2498 Epiphauii
642 2417 779 2490 obitum,
805 2417 985 2480 simultates
1006 2425 1118 2478 narrat
1139 2415 1221 2479 inter
1239 2413 1436 2496 Theophilum

347 2529 380 2582 et
400 2519 667 2604 chrysostomum
682 2523 723 2584 oh
742 2520 927 2594 monachos,
950 2521 1007 2600 qui
1028 2517 1068 2580 ah
1082 2515 1230 2599 Aegypto
1244 2520 1359 2582 exules
1378 2535 1434 2580 eon·
1483 2577 1484 2594 1

345 2620 495 2701 ingerant
509 2622 549 2686 ad
571 2623 741 2700 loannem,
757 2633 789 2688 et
804 2605 845 2686 ah
859 2641 898 2686 eo
913 2623 1047 2698 recepti.
1071 2619 1126 2682 hit
1141 2622 1224 2684 onim
1240 2618 1436 2700 Theophilun

348 2727 547 2788 occasionem
569 2733 698 2790 nactum
720 2725 884 2805 quomodo
908 2722 1066 2789 Ioannem
1087 2723 1256 2802 perderet,
1280 2723 1432 2792 enutrisse,

345 2827 582 2906 imperatricem
606 2826 788 2892 Eudoxiam
809 2826 902 2890 valde
916 2845 990 2890 eum
1007 2825 1122 2898 odisse,
1138 2824 1225 2904 quod
1248 2827 1351 2904 ipsam
1370 2839 1435 2887 eou-

346 2927 498 2991 munione
519 2929 732 2992 ecelesiastica
755 2929 921 3007 privasset.
939 2925 984 2990 Et
1003 2925 1045 2989 ita
1068 2945 1141 2990 eum
1162 2943 1199 2988 ea
1223 2925 1304 2990 inito
1325 2921 1435 2988 oonsilio

345 3025 565 3108 Theophilus:
584 3053 599 3089 n
615 3031 741 3107 scripsit
756 3031 794 3090 ad
819 3027 1033 3108 Epiphaniam
1056 3027 1145 3090 lictus
1159 3027 1287 3089 litteras
1303 3024 1435 3087 adversus

345 3127 515 3205 loannem,
531 3130 617 3211 quod
641 3131 835 3208 ipsesentlat
857 3129 981 3200 eadem,
998 3143 1082 3207 quae
1101 3124 1269 3205 Origenes:
1295 3124 1378 3188 lton
1394 3118 1435 3198 igi·

345 3235 401 3292 tur
414 3237 462 3293 est
477 3230 670 3310 imperatrix
691 3229 730 3290 ad
746 3247 821 3292 eum
842 3228 1032 3292 mittendum
1054 3227 1085 3289 in
1106 3227 1253 3289 exilium:
1271 3233 1305 3288 et
1319 3223 1435 3303 Epipha-

343 3329 417 3392 nius
437 3331 502 3394 cito
531 3330 666 3394 credidit
694 3329 885 3410 Theophilo‚
908 3327 1080 3392 Nesciebat
1103 3327 1207 3402 euim,
1237 3323 1433 3406 Theophilum

344 3445 412 3492 esse
434 3429 549 3492 loanni
572 3431 745 3496 inimicum.
769 3428 895 3493 decidit
918 3447 1008 3503 vero,
1026 3435 1062 3492 ut
1084 3426 1284 3507 Epiphanius
1307 3425 1396 3491 vellet
1411 3437 1434 3482 e·

345 3529 419 3592 tiam
442 3549 502 3609 pro
524 3549 560 3593 re
580 3533 642 3594 alia
664 3533 816 3610 navigare
832 3530 870 3593 ad
894 3531 1007 3594 urhem
1030 3529 1161 3609 regiam.
1183 3527 1265 3592 Cum
1287 3533 1388 3590 autam
1406 3519 1434 3580 dt

342 3627 469 3694 Joanue
488 3629 694 3694 audivisseta
708 3627 901 3710 Theophilo‚
923 3629 1028 3693 multu
1051 3627 1150 3708 magis
1164 3627 1292 3694 studuit
1311 3645 1349 3690 eo
1369 3619 1434 3686 vetti·

344 3749 392 3807 re,
415 3729 468 3794 sed
484 3748 548 3794 nou
564 3737 600 3794 ιιι
613 3730 730 3796 Juauui
744 3730 960 3794 malelaeorot.
980 3729 1034 3793 hle
1055 3731 1156 3812 igitur
1174 3725 1434 3812 (Polybiumlte

334 3831 430 3910 oepit
449 3839 482 3894 et
502 3830 605 3906 isaac,
627 3839 660 3895 et
680 3833 901 3911 navigavimus
922 3829 1240 3911 Constantinopolim.
1260 3829 1360 3894 Porro
1376 3837 1433 3888 aad

344 3947 401 3992 uos
424 3931 617 3996 venissemus
637 3932 670 3994 in
693 3932 872 4008 civitatem,
895 3939 966 3994 erat
986 3932 1026 3994 de
1047 3929 1172 3996 Joauue
1192 3945 1308 4010 magua
1328 3927 1433 4009 pertur-

343 4031 441 4105 batio,
465 4035 617 4112 quoniam
639 4032 779 4116 multum
801 4031 973 4095 amabatur
994 4048 1012 4092 a
1034 4031 1204 4096 eivlhus.»

428 4130 552 4197 interea
575 4133 770 4213 imperatrix
799 4134 967 4212 aeeersito¹
985 4131 1179 4212 Epiphanio,
1201 4145 1277 4193 aum
1298 4123 1432 4206 regnunt

343 4236 375 4296 iu
395 4233 531 4299 exilium
552 4231 653 4316 pellat
667 4232 824 4298 loannem
846 4240 1000 4316 tauquam
1023 4231 1223 4298 haereticum
1238 4235 1272 4293 et
1291 4223 1429 4308 indigue·
