3048 4946
156 501 322 572 Nonnulli
351 521 428 570 sune
450 501 569 586 ttpttto
600 504 779 584 exprobrat
812 503 986 570 Focundns
1014 509 1188 584 octennem

85 605 240 671 emitteret
261 603 472 672 iudicetutns
503 613 575 686 post
606 609 808 672 emissionem
832 625 912 672 roro
932 607 978 672 nil
1000 606 1188 692 huiusmodi

82 709 184 789 orguil
204 707 243 772 de
263 725 303 773 co
329 710 389 773 nisi
412 709 594 773 absolutum
627 712 726 776 trium
752 709 978 792 capitulorum
1010 709 1190 774 nanneno-

83 829 161 873 nem.
183 807 311 874 Sciebat
324 829 465 892 numque
487 811 672 891 Facundus,
689 814 743 878 rix
764 813 1072 891 Constantinopolim
1086 829 1189 893 appub

80 911 115 975 lit
137 909 232 992 Papo,
249 916 412 992 negotium
435 914 528 978 obeo
550 914 590 978 de
613 915 661 978 his
676 914 833 995 Gopitulis
854 922 1089 995 pertenentem
1112 913 1192 977 iuis·

82 1031 114 1076 so
132 1031 170 1077 oc
190 1011 380 1079 delinitum:
397 1013 567 1079 «Necesse
589 1021 697 1080 entem
719 1035 793 1081 cum
815 1022 898 1080 esset
919 1015 1081 1095 (innuitur
1100 1015 1188 1093 Pnps

82 1113 111 1176 io
129 1114 261 1192 epistole
283 1116 324 1178 nd
340 1114 533 1192 Rusticum)
556 1122 591 1180 ut
612 1118 789 1196 negotium,
813 1117 899 1197 qnod
923 1117 1029 1181 inernt
1050 1115 1081 1179 in
1101 1117 1189 1200 jndi-

82 1218 131 1279 cio
157 1225 272 1286 nostro
301 1217 509 1297 perductum,
540 1225 570 1281 te
592 1221 687 1282 etism
711 1237 808 1299 quom
830 1219 969 1282 monime
1002 1220 1087 1282 inter
1106 1219 1188 1282 ulios

83 1325 142 1380 torn
163 1321 281 1383 snoroti
312 1319 432 1383 ordinis
453 1337 550 1400 quern
580 1323 742 1402 sequentis
771 1322 999 1395 consentiente,
1030 1322 1189 1412 sententis

82 1418 245 1498 iniretnr3
263 1420 350 1499 qnod
372 1425 498 1484 constet
517 1421 712 1485 ellectum.»
731 1421 777 1486 Dc
802 1422 929 1502 reliquo
951 1425 981 1487 ln
1003 1423 1098 1486 citstu
1121 1419 1189 1502 epl-

81 1521 157 1582 rtolu
172 1521 210 1583 ud
228 1519 399 1585 Rusticum
415 1529 447 1584 et
461 1521 683 1588 Senssnnnnn
699 1527 776 1589 entis
797 1525 966 1604 perspicue
980 1523 1102 1601 legitur
1123 1539 1189 1586 non

83 1631 199 1688 tontum
222 1627 322 1689 trium
344 1623 574 1706 Copitnlornm
597 1626 774 1699 dnrnnotio,
795 1627 897 1690 sedet
918 1643 1032 1689 eornm
1056 1641 1190 1705 suspen·

81 1725 125 1787 sio
138 1743 155 1788 u
170 1728 409 1798 communione,
426 1729 626 1807 uilicumque
641 1737 753 1792 contre
769 1727 958 1793 indiculum
973 1725 1186 1806 scripsissentr

86 1845 101 1884 r
117 1826 204 1904 Quos
219 1827 454 1907 (Lampridium
470 1839 501 1892 et
518 1827 660 1893 Felicem
675 1827 917 1912 dicitlilgilinsl
933 1846 993 1907 pro
1009 1827 1085 1901 hoc,
1098 1825 1188 1908 qnod
1275 1913 1285 1924 '
1338 1781 1346 1792 ⁶

83 1938 187 1994 contre
210 1928 399 1994 lodicotum
413 1937 560 1996 nostrum
575 1933 787 2016 scripserunt,
804 1949 863 2010 per
881 1930 1025 2011 ejusdem
1044 1928 1187 1994 inolent

85 2032 193 2094 seriem
215 2033 380 2094 onnsnnn
400 2033 467 2116 jem
489 2051 506 2096 u
529 2033 619 2096 nobis
643 2033 868 2096 communione
889 2049 1106 2112 suspensos.»

154 2133 295 2210 Ounno,
318 2137 350 2196 in
372 2135 433 2196 tine
454 2133 599 2215 ejusdcm
624 2132 808 2215 Frcpmenti
828 2133 948 2197 dicitur
968 2129 1118 2211 vigilius.
1134 2131 1190 2194 dn·

82 2243 186 2301 musto
206 2235 383 2300 Theodoro
395 2235 617 2306 Caesareano
637 2235 862 2300 commuuione
882 2233 1083 2313 suspendisse
1099 2231 1190 2297 lien·

82 2353 147 2399 norn
169 2355 243 2400 eum
260 2337 410 2399 omninns
432 2337 689 2415 metropolitanis
711 2345 740 2399 et
758 2334 1011 2413 micropolitanis
1033 2331 1190 2416 episcopis

81 2435 116 2497 ad
136 2455 225 2500 susm
247 2438 420 2501 dioecesim
442 2437 687 2517 pertinentibus,
710 2442 838 2499 etcum
860 2433 1008 2498 omnibns
1030 2431 1188 2514 episcopis

82 2539 286 2603 onentoltnns
304 2541 355 2602 rel
376 2540 578 2603 diversorum
599 2537 840 2619 provinciarum
864 2535 1038 2616 unionum,
1056 2535 1111 2624 rel
1131 2535 1190 2598 nti·

81 2655 188 2703 norurn
204 2643 372 2705 civitatum
394 2649 455 2703 etc.
474 2638 703 2703 Verumtamen
726 2655 783 2700 nec
801 2635 974 2700 Facundus
993 2653 1054 2700 nec
1074 2633 1189 2700 Victor

82 2743 176 2806 uitem
191 2749 329 2824 egerunt
343 2745 537 2806 mentionem
554 2741 593 2804 de
607 2741 670 2806 hoc
692 2739 914 2822 suspensionis
930 2737 1074 2812 decreto,
1089 2753 1192 2818 quen·

83 2845 196 2906 tomeis
217 2845 398 2923 plurimum
420 2861 540 2907 onusae
562 2845 714 2924 propriso
745 2841 944 2920 proiecisset.
967 2839 1121 2907 Ceterum
1142 2839 1191 2902 io·

82 2944 192 3023 quendi
215 2943 370 3018 lor-mulo,
392 2963 491 3026 quum
514 2943 641 3008 ductor
671 2944 815 3023 precicrt
837 2944 868 3005 ln
890 2943 1117 3024 episcoporum
1139 2937 1191 3004 re·

87 3045 227 3108 censione
248 3061 287 3109 uc
303 3045 492 3125 praesertim
515 3045 569 3107 ont
590 3045 633 3106 oit
654 3047 696 3108 nd
716 3054 806 3108 cnon
825 3041 987 3108 dioecesim
1004 3040 1190 3125 pertinenti·

83 3143 146 3222 ins,
168 3147 245 3227 qnid
279 3147 453 3210 ndmodum
475 3146 683 3227 peregrinum
710 3144 828 3210 indicet
849 3163 865 3206 n
889 3146 1052 3209 communi
1074 3150 1106 3208 ct
1126 3143 1190 3206 sin·

84 3263 151 3310 cero
170 3247 394 3313 liomnnnrum
409 3248 602 3313 Pontificum
624 3247 820 3323 elocutione,
836 3247 917 3311 odeo
940 3253 977 3311 nt
993 3253 1026 3310 et
1045 3247 1119 3310 hinc
1134 3262 1191 3326 pe·

86 3355 144 3412 tent
165 3349 263 3430 nujus
284 3349 406 3414 decreti
429 3350 563 3414 saisitus.
1169 3341 1176 3378 ¹

163 3449 286 3517 Verum
319 3462 351 3515 et
380 3469 440 3531 pro
463 3450 570 3532 vigilii
599 3451 751 3515 firmitate
779 3449 936 3514 adversus
958 3449 1018 3512 trio
1040 3449 1190 3530 Cupituiu

81 3549 168 3629 juxte
198 3553 285 3632 qnod
307 3553 339 3614 in
360 3551 513 3616 ludicoto
544 3551 710 3616 decretum
734 3551 855 3619 lueret.
877 3551 1031 3632 quodque
1051 3551 1192 3648 iteretur

83 3650 112 3711 in
130 3651 311 3719 Constituto
331 3653 517 3730 novissimo,
559 3654 631 3717 iecit
660 3671 765 3731 nuper
784 3653 879 3716 eltuto
903 3652 1049 3717 Facundi
1073 3653 1191 3732 episto·

83 3751 111 3838 lu
131 3756 254 3835 aliquot
282 3758 370 3820 uncis
391 3756 509 3835 scripto
532 3763 604 3835 post
629 3753 794 3840 synodum
817 3755 1057 3818 oecumenicum
1080 3761 1112 3816 et
1134 3751 1190 3814 Vi·

85 3853 143 3930 pilii
163 3857 297 3920 obitum.
323 3855 357 3918 ln
378 3875 415 3920 en
438 3874 577 3935 numque
598 3873 659 3935 pro
688 3875 778 3918 moro
798 3875 859 3919 suo
882 3855 1038 3918 reilioons
1060 3853 1190 3940 Pontiil·

84 3969 158 4028 cem,
181 3958 272 4036 quusi
294 3957 467 4021 ambitione
488 3965 520 4018 et
541 3955 731 4020 muneribus
752 3953 911 4019 obductus
934 3955 1018 4018 ieret
1039 3953 1078 4014 nd
1095 3951 1194 4031 Cupi<

85 4055 222 4120 tnlorum
244 4059 427 4133 anathemo,
449 4057 580 4122 subdite
608 4077 625 4116 n
652 4056 700 4121 Ac
721 4059 764 4121 ito
787 4043 1021 4135 ncephnlorom
1045 4055 1189 4119 iuniores

85 4155 168 4234 (ipse
188 4157 274 4240 Pnpr
295 4177 370 4225 cum
391 4161 479 4236 suis)
512 4167 743 4238 consortesque
764 4156 868 4221 ellectl
898 4164 985 4230 sont,
1017 4162 1050 4219 et
1072 4157 1189 4218 ceteris

86 4253 248 4330 haereticis
269 4260 420 4328 dexteros
450 4261 622 4341 dederunt,¹
643 4265 680 4326 ut
698 4259 797 4325 licent
815 4257 861 4324 eis
887 4260 1015 4340 quoties
1042 4255 1186 4330 libuerit,
