3066 4950
1144 385 1206 460 309

96 489 218 558 Etenim
240 493 325 556 circa
347 509 466 558 sonum
479 491 551 560 533.
569 495 620 558 sel
639 491 710 564 set.
727 490 929 558 lastinianus
943 492 986 554 de
1002 497 1090 558 statu
1104 493 1208 560 eccle·

94 595 213 660 siarum
235 595 267 658 in
281 594 415 660 Oriente
435 597 578 662 scribens
599 595 639 660 ad
663 594 822 662 loannem
848 593 983 676 Papam,
997 597 1045 660 ait
1065 613 1129 660 uou
1149 597 1210 662 uisi

95 698 250 778 quosdam
263 705 345 762 tuuc
361 698 536 764 monachos
556 697 700 766 Nestorii
716 695 886 779 perfidiam
908 699 1026 762 sectari
1037 718 1048 762 s
1060 714 1078 758 s
1090 695 1211 764 Omitcs

93 815 170 877 ergo
192 799 378 863 sacerdotes
397 807 570 880 sequentes
599 798 781 865 doctrinam
804 798 1013 882 apostolicae
1033 797 1124 866 Sedis
1155 817 1210 867 se·

93 909 191 976 strae,
213 899 259 963 ita
279 900 420 966 creduut
439 910 472 965 et
490 901 686 967 confitentur
705 907 739 967 at
760 902 949 982 praedicant
959 920 972 982 3
989 900 1074 966 unde
1094 919 1213 983 prooe-

94 1001 238 1066 rasimus
254 1001 317 1066 hoc
336 1000 376 1065 ad
391 1003 537 1066 notitiam
558 1002 688 1068 deierra
711 1008 838 1067 restrae
859 1001 1044 1069 Sanctitatis
1063 1021 1124 1086 per
1146 1001 1213 1089 lly-

95 1100 219 1181 uatium
239 1109 273 1166 et
286 1101 489 1168 Demetrium
510 1103 711 1168 beatissimos
731 1102 911 1185 episcopos,
933 1113 970 1170 ut
989 1122 1050 1171 uec
1072 1114 1212 1169 rostram

96 1203 304 1268 Sanctitatem
320 1204 455 1282 lateant,
476 1224 561 1287 quae
575 1223 594 1270 a
609 1206 804 1288 quibusdam
827 1207 939 1286 paucis
959 1209 1126 1274 monachis
1145 1227 1214 1273 ma·

95 1305 127 1370 lo
146 1315 180 1370 et
197 1307 329 1388 iudaice
348 1309 527 1373 secundnm
550 1307 693 1373 Nestorii
715 1305 882 1388 perfidiam
904 1309 1059 1390 denegata
1080 1319 1166 1376 suut.
1195 1330 1212 1370 s
1312 1307 1316 1314 '

97 1407 148 1474 Ex
162 1408 297 1475 ioannis
318 1430 419 1491 porro
441 1427 594 1493 responso
615 1413 778 1490 monachi,
800 1413 857 1493 qui
872 1429 892 1476 a
909 1410 1092 1478 turtiniaco
1112 1415 1214 1480 citan-

99 1520 166 1586 tur,
190 1512 232 1576 de
245 1513 458 1578 acoemetensi
484 1515 679 1577 monasterio
699 1521 804 1590 erant,
821 1522 974 1595 negantes
994 1513 1213 1582 condiendum

98 1612 226 1678 beatam
242 1611 406 1696 Virginem
429 1633 505 1678 rere
526 1623 559 1679 et
579 1617 711 1696 proprie
725 1613 784 1680 Dei
799 1612 994 1682 Genitricem
1016 1624 1212 1698 essentque

99 1734 200 1780 uuum
222 1715 261 1780 de
281 1713 438 1781 Trinitate
459 1718 660 1782 incarnatum
676 1725 710 1780 et
730 1735 859 1797 passum
882 1736 962 1783 esse.
985 1716 1143 1784 Similiter
1154 1716 1215 1784 Ju-

97 1818 256 1883 stiuiauua
275 1819 362 1884 cir'ea
383 1835 502 1885 anunm
521 1815 593 1884 5³6.
612 1815 685 1886 5le-
705 1825 739 1883 et
759 1815 831 1884 558.
850 1821 881 1883 in
903 1819 1047 1900 epistolis
1068 1830 1136 1887 tum
1151 1821 1216 1901 ori-

98 1939 169 1986 scos
192 1921 263 1983 tom¹
284 1926 431 1985 recentes
452 1921 619 1985 nominans
640 1919 861 2002 damnansque
884 1921 1076 2002 haereticos,
1101 1922 1217 2006 Orige-

99 2040 172 2087 uem
194 2031 228 2086 at
248 2023 500 2102 origenistarum
520 2029 640 2088 sectam
663 2021 825 2104 transigit.

180 2120 305 2199 Tertio,
321 2124 403 2187 illud
420 2125 612 2204 praesertim
633 2123 835 2202 mirandum,
859 2125 946 2206 quod
969 2125 1045 2190 dicit
1058 2123 1217 2210 cyrillus,

98 2246 125 2294 s.
146 2227 285 2294 Sabbam
307 2225 527 2293 iustiniauum
555 2244 700 2306 rogasse,
722 2235 760 2291 nt
780 2227 864 2306 Arii,
885 2227 1030 2295 Nestorii
1050 2240 1084 2296 et
1103 2227 1218 2310 Orige-

98 2333 148 2395 nis
168 2329 320 2410 dogmata
342 2329 507 2394 Ecclesiae
529 2329 600 2412 paci
621 2329 751 2393 hostilia
772 2328 940 2396 demedio
962 2331 1104 2422 tolleret.
1126 2329 1220 2396 Atta-

101 2449 174 2496 meu
195 2433 283 2496 circu
303 2431 389 2495 istud
406 2437 544 2511 tompus,
562 2437 598 2492 ut
620 2437 713 2508 putat
729 2427 904 2510 Barouiua,
929 2429 1098 2497 decretum
1120 2429 1221 2496 edidit

99 2533 286 2614 imperator
303 2531 459 2597 adsersus
473 2549 584 2595 omues
605 2531 756 2596 haeream
775 2540 808 2597 et
822 2533 1003 2599 haereticos
1016 2531 1217 2598 nominatim:

99 2638 156 2702 ubi
174 2637 266 2700 nulla
278 2635 427 2715 origenis
443 2633 575 2709 mentio,
599 2651 658 2698 nec
675 2634 923 2716 origenistarum
941 2635 1123 2700 haereseos.
1139 2632 1221 2698 item

102 2738 200 2802 valde
220 2737 340 2800 mirum
361 2736 449 2817 quod
465 2735 580 2799 deiude
595 2736 719 2818 legitur
742 2739 774 2800 iu
788 2735 878 2802 Actis
893 2735 1027 2803 Concilii
1049 2729 1223 2803 coustanti-

101 2839 280 2922 uopolituoi
300 2837 362 2900 snb
384 2835 499 2899 llenna
521 2837 680 2903 adversus
704 2837 918 2923 anthymum,
939 2837 1099 2905 Severum
1119 2838 1223 2903 antio-

100 2942 256 3015 chenum,
281 2937 413 3004 Petrum
435 2955 655 3019 apamensem,
677 2937 816 3004 zoaram
847 2941 1066 3017 monachum,
1081 2947 1222 3006 eeteros·

99 3063 168 3124 quo
194 3043 258 3107 sub
283 3029 516 3122 acephalorum
541 3039 611 3105 sire
632 3041 985 3126 semieutychianorum
1014 3041 1142 3106 nomine
1166 3059 1221 3104 ve·

102 3145 239 3208 aientes.
263 3141 414 3219 Quorum
429 3142 626 3206 damnationi
643 3141 865 3221 subscripsero
882 3161 947 3206 uua
969 3161 1044 3208 cnm
1065 3141 1224 3227 episcopis

101 3245 254 3310 monachi
278 3242 468 3318 orientales,
490 3260 529 3307 ae
550 3242 804 3323 praesertim‘de
828 3241 950 3307 Eremo
981 3243 1224 3326 Hierosolymo·

101 3365 192 3422 rum,
215 3346 255 3407 de
284 3343 424 3409 secunda
453 3344 545 3428 Syria
568 3343 661 3408 etde
690 3344 795 3409 tribus
824 3343 1013 3412 Palaestinis
1040 3346 1224 3413 archimen·

101 3451 209 3514 dritae
229 3450 338 3512 cuncti
360 3447 548 3510 orthodoxi.

187 3547 230 3614 Et
250 3549 389 3629 amplius
408 3551 494 3611 inter
514 3565 582 3624 eos,
604 3548 660 3626 qui
682 3546 814 3631 Synodu
832 3548 995 3614 adstantes
1016 3549 1176 3628 monachi,
1190 3549 1224 3614 iu

102 3649 272 3735 praelatos
297 3650 477 3714 haereticos
496 3649 559 3713 sub
586 3666 669 3712 uors
694 3648 800 3715 lorma
829 3648 987 3728 Nestorii,
1010 3647 1172 3734 Eutychis
1190 3659 1226 3718 ot

102 3751 245 3816 Manetis
265 3751 698 3826 instauratoreslsaercseos,
721 3750 891 3814 anathema
912 3749 1143 3828 inclamarunt,
1166 3771 1224 3816 no·

104 3855 273 3916 minantur
295 3849 472 3933 agapetus,
489 3851 613 3916 Paulus
636 3869 805 3928 romanus,
822 3848 993 3925 Leontius,
1008 3849 1223 3930 Domitianus,

103 3955 262 4030 loannes,
292 3952 652 4037 Cassianus‚·Cyricus,
678 3951 813 4025 Mamas,
839 3953 974 4033 aliiquer
1002 3971 1147 4034 quorum
1172 3971 1225 4018 ae·

105 4068 187 4134 tate,
211 4057 258 4120 uti
281 4064 374 4137 putat
388 4054 548 4140 cyrillus,
570 4055 764 4136 origenistae
785 4052 954 4118 iersebant
974 4056 1008 4118 iu
1029 4051 1224 4133 Palaestina,

101 4175 289 4240 eorumque
319 4157 448 4222 nomina
473 4157 617 4221 citantor
638 4156 680 4219 ab
705 4156 775 4236 ipso
797 4163 829 4220 et
851 4151 993 4236 Evagrio
1024 4155 1225 4221 scholastico

100 4263 260 4328 intereos
284 4260 377 4324 raldo
392 4259 541 4340 Origenis
555 4259 730 4322 studiosos.
751 4256 905 4323 stramen
927 4259 959 4323 itt
978 4253 1104 4337 libello,
1128 4273 1227 4339 quem
