2994 4938
1004 474 1009 492 ,
1061 423 1120 478 xtn

144 523 292 616 Quarto,
313 528 400 602 item
421 530 613 638 manifeste
633 543 889 631 consequetur,
904 531 1024 637 graeci
1043 555 1122 608 ser-

47 657 155 730 monis
183 657 420 752 ignorantiam
446 671 485 732 et
503 679 614 733 sanae
633 661 780 735 criticae
799 659 996 744 deiectum,
1020 659 1123 734 dein-

46 784 83 856 de
101 783 340 878 pervicaciam
369 796 408 858 et
435 784 625 882 perfidiam
647 788 716 862 tria
733 787 903 885 Capitula
926 786 1123 861 defenden-

47 911 139 993 tium,
165 909 236 983 tale
270 910 306 984 in
340 909 505 988 Ecclesia
535 915 744 989 scandalum
770 936 1014 1012 provocassc3
1042 914 1123 988 diu-

45 1051 250 1136 turnumque
274 1061 340 1137 per
365 1063 429 1114 eos
458 1039 493 1113 in
529 1039 650 1114 Airica
680 1041 870 1139 speciatim
900 1054 938 1117 et
967 1041 1002 1114 iu
1037 1039 1122 1137 llly-

45 1165 108 1238 rico
138 1187 392 1262 perseverasse
418 1166 589 1242 schisma.
612 1165 843 1266 Quapropter
868 1192 914 1242 ne
940 1173 1017 1261 jota
1042 1167 1123 1266 qui-

45 1293 116 1365 dam
147 1293 356 1371 donandum
385 1296 439 1370 eis
472 1309 593 1372 erata
623 1297 800 1372 consultis
827 1296 1002 1371 historiae
1027 1307 1124 1372 vete·

45 1421 87 1492 ris
112 1422 377 1498 scrutatoribus
410 1423 445 1498 iu
483 1423 621 1523 Synodi
645 1423 687 1498 V.
722 1424 971 1523 expendendis
1005 1425 1119 1499 Actis:

46 1549 373 1650 sedtentum,quos
400 1551 584 1650 praemisi,
613 1551 709 1628 tituli
737 1551 911 1630 adversus
940 1575 1005 1628 eos
1036 1575 1123 1626 con·

46 1675 194 1751 lirmandi
222 1691 329 1753 erant
357 1679 488 1754 merito
517 1678 588 1754 illis
617 1679 779 1778 inscripti
814 1679 1008 1754 asummis
1029 1677 1123 1752 Pon-

46 1803 184 1879 tificibus
209 1804 356 1903 Vigilio,
379 1805 526 1905 Pelagio
547 1807 573 1880 l.
594 1805 739 1905 Pelagio
758 1807 807 1881 ll.
829 1830 871 1881 ac
890 1807 1122 1905 potissimum

47 1953 106 2004 as.
124 1931 299 2031 Gregorio
326 1933 470 2032 Magno,
491 1935 553 2034 qui
581 1934 693 2033 proha
727 1935 944 2020 calluerunt,
976 1936 1022 2009 de
1049 1958 1121 2033 qua

45 2058 215 2153 agebatur,
231 2061 485 2160 quaestionem
514 2075 552 2140 et
570 2063 763 2138 insidiosos
782 2085 824 2138 ea
850 2061 1120 2140 defendentium

48 2187 197 2284 (lapitula
230 2203 399 2266 conatus.
580 2197 582 2202 '

139 2316 289 2408 Quinto,
318 2320 486 2395 similiter
517 2345 584 2396 ceu
621 2323 869 2420 praelatorum
898 2339 1123 2418 cousequen-

50 2445 103 2526 tin,
133 2464 169 2522 et
211 2449 373 2524 maxime
403 2475 494 2549 quos
533 2451 657 2536 citavi,
686 2451 940 2526 historicorum
975 2455 1122 2525 eruetur

49 2571 164 2662 illusio,
184 2579 246 2676 qui
275 2579 309 2651 in
331 2578 555 2677 *quaestione
582 2579 692 2652 trium
711 2576 963 2674 Capitulorum
995 2573 1121 2649 simul·

51 2715 150 2778 tatum
183 2707 329 2781 initium
367 2708 594 2805 interpretati
623 2721 709 2781 sunt
745 2706 841 2780 inter
871 2705 1123 2802 episcopatum

50 2833 246 2910 orientalem
269 2850 307 2910 et
332 2835 607 2920 occidentalem,
633 2859 726 2934 quae
752 2834 883 2920 serius,
913 2832 1043 2907 Photio
1068 2830 1123 2905 in-

49 2961 201 3056 stigante,
222 2965 259 3037 in
280 2979 447 3062 apertum
477 2963 634 3038 schisma
649 2964 885 3061 irruperunt,
914 2982 1028 3058 usqua
1055 2958 1123 3033 ho·

49 3086 95 3160 die
121 3089 380 3168 infaustissime
409 3092 623 3189 perdurans.
647 3088 746 3165 llaec
772 3099 895 3164 autem
921 3086 1121 3185 suppositio

48 3221 230 3307 euanescit,
261 3219 434 3318 dissipata
463 3243 510 3293 ex
532 3219 743 3294 eorumdem
772 3214 987 3292 Pontificum
1016 3213 1122 3288 dictis

48 3356 79 3414 et
110 3347 323 3442 praesertim
357 3371 389 3420 s.
424 3345 586 3443 Gregorii
623 3343 767 3443 Magni,
808 3342 868 3441 qui
899 3340 1119 3416 contrarium

47 3475 178 3550 cannino
206 3475 293 3551 huic
317 3473 510 3574 hypothesi
540 3486 708 3550 testatur.
730 3471 952 3562 Quinimmo,
976 3482 1017 3543 et
1041 3468 1121 3566 qui-

47 3596 119 3672 dem
146 3601 349 3698 aegerrime
377 3601 511 3686 dicam,
540 3601 574 3674 in
597 3601 707 3672 trium
732 3596 982 3695 Capitulorum
1012 3615 1126 3692 quaa·

49 3725 152 3801 stione
185 3751 257 3803 non
287 3726 496 3813 orientales,
516 3728 579 3801 sed
608 3723 863 3807 occidentales,
893 3745 958 3796 seu
986 3731 1026 3793 ut
1046 3739 1123 3794 me·¹

49 3849 108 3926 lius
125 3854 280 3940 dicatur,
307 3852 429 3952 plures
450 3853 606 3937 Africae,
628 3852 826 3949 superioris
843 3849 967 3923 ltaliae
987 3862 1024 3922 et
1045 3845 1125 3943 llly·

49 3979 102 4054 rici
122 3985 279 4083 episcopi
311 3983 494 4058 incusandi
529 3995 635 4058 sunt:
663 3980 794 4079 quibus
824 3976 996 4052 celebrati
1030 3973 1124 4048 Pon-

51 4107 152 4183 tifices
181 4117 263 4204 jnre
296 4105 1053 4208 exprobraruntinscitiam,pervicaciam
1086 4119 1124 4213 et
1193 4141 1196 4146 ·

49 4240 236 4329 perfidiam.
