3066 4950
330 398 392 475 m
410 503 575 572 «Constat
588 519 667 586 ergo
688 521 730 570 ax
744 503 898 587 praelatis
920 503 1109 570 testimoniis
1129 503 1268 575 Patrum
1282 521 1382 587 quana
1397 508 1441 568 te·

329 626 409 672 uere
430 608 604 674 debeamus
625 625 685 688 pro
702 608 908 688 Apostolicaa
921 606 1010 673 Sedis
1034 608 1228 672 rectitudine
1241 615 1275 672 et
1295 627 1358 688 pro
1372 607 1442 672 uui·

332 710 466 774 cerealis
487 708 653 776 Ecclesiae
681 710 936 776 consideratione
957 710 1139 774 cautelam:
1166 709 1262 791 cujus
1284 728 1342 774 uus
1362 727 1443 791 quo-
1523 783 1524 792 ἦ

332 827 398 894 quo
417 810 566 875 cautelae
586 809 730 891 ejusdem
754 827 927 884 memores,
941 810 974 873 in
989 827 1074 885 eam,
1091 828 1189 889 quum
1213 817 1290 874 tuuc
1310 809 1444 872 dedera-

334 929 408 978 mus
421 911 460 975 ad
483 909 634 974 Meuuam
650 910 1035 992 constantinopolitanum
1051 913 1238 990 episcopum
1260 910 1441 991 epistola,

331 1021 515 1096 quamtum
538 1013 759 1093 praesentibus
776 1013 925 1091 pluribus
946 1012 1168 1076 sacerdotibus
1186 1019 1220 1074 et
1239 1012 1385 1090 glorioso
1397 1031 1442 1076 sa·

331 1125 423 1192 natu,
439 1113 555 1180 Manna
576 1123 706 1180 sauctae
728 1115 960 1180 recordatiouis
982 1115 1133 1194 episcopo
1150 1122 1278 1176 restrae
1298 1113 1443 1178 Clemen-
1523 1143 1524 1174 1

331 1218 396 1284 tiae
411 1216 580 1294 offerente,
604 1225 637 1282 et
658 1218 776 1298 pietate
792 1225 898 1280 vestra
921 1215 1012 1278 nobis
1033 1233 1107 1280 cum
1129 1215 1200 1297 eius
1216 1234 1374 1280 consensu
1398 1235 1443 1278 re·
1523 1247 1524 1260 2

331 1319 486 1386 stitueuta
508 1325 684 1398 receptam,
706 1325 865 1398 quactum
888 1317 926 1384 ad
951 1319 1049 1381 trium
1066 1317 1294 1398 capitulorum
1316 1335 1443 1382 musam
1523 1373 1524 1392 ,

333 1420 488 1502 pertinet,
504 1433 716 1492 evacuamus,
739 1417 926 1483 nullalenus
940 1435 959 1480 a
974 1418 1038 1481 loci
1060 1418 1160 1480 nostri
1182 1427 1282 1497 atque
1302 1419 1444 1498 proposi·
1523 1403 1524 1428 ³

334 1521 360 1586 li
374 1521 665 1598 circumspectione
680 1527 853 1594 comantes,
865 1525 1100 1600 competentem
1115 1519 1379 1583 chalcedonensia
1392 1519 1445 1600 Sy·

331 1620 407 1685 nodi
430 1621 649 1686 reuerentiam
670 1621 860 1685 curavimus
881 1620 1031 1686 omuibus
1052 1621 1208 1698 exiber03
1230 1621 1327 1684 aienti
1348 1621 1442 1683 series

334 1721 480 1802 ejusdcm
514 1728 649 1787 testatur
671 1721 838 1802 epistolae.
870 1719 974 1801 Cujus
994 1720 1034 1784 ad
1066 1720 1266 1801 probandam
1288 1721 1443 1785 cautelam
1523 1699 1524 1714 ἶ

334 1831 477 1886 nostram
499 1824 697 1904 subjecimus
723 1838 886 1904 perpauca
908 1822 948 1886 da
979 1822 1130 1903 plurimis
1142 1843 1154 1902 3
1176 1822 1297 1902 quibua
1318 1821 1444 1902 diligen·
1523 1821 1524 1824 ’

336 1931 388 1988 ter
405 1924 568 2004 inspectis,
586 1924 729 2004 qualiter
751 1922 837 2004 apud
860 1942 917 1988 uos
937 1934 1045 1987 sancta
1068 1923 1332 1988 chalcedonensis
1353 1921 1446 2003 Spon-
1523 1935 1524 1940 ’

337 2023 397 2090 dus
418 2025 572 2090 inviolata
587 2028 813 2104 permanserit,
830 2035 928 2106 atque
945 2032 1146 2106 permaneat,
1165 2024 1337 2087 evidenter
1349 2031 1445 2086 osten·

337 2126 446 2191 ditor.
465 2170 541 2190 ....
559 2125 801 2190 .tluatltematis
815 2128 992 2190 sententiae
1012 2144 1089 2190 eum
1107 2143 1243 2205 quoque
1263 2125 1442 2200 subdentes,

337 2229 395 2308 qui
410 2229 553 2308 quaeris·
567 2235 678 2306 contra
695 2227 893 2308 praedictam
908 2226 1075 2310 Synodum
1089 2227 1378 2294 chalcedonense·
1400 2225 1444 2290 rel

338 2332 512 2412 praeacuti,
529 2330 583 2394 uel
602 2329 770 2409 quaelibet
785 2331 817 2394 in
833 2330 893 2393 hac
914 2347 1012 2394 causa
1033 2331 1103 2395 sira
1118 2347 1137 2396 a
1150 2330 1244 2395 nobis
1256 2331 1328 2394 aive
1347 2327 1445 2408 aqui·

336 2429 542 2512 tuscumque
556 2438 656 2512 posta,
678 2431 840 2513 scripturo
854 2433 1077 2510 iuvouiuutur,
1093 2450 1153 2515 pro
1175 2432 1289 2515 aliqua
1303 2449 1446 2514 suscepe-

337 2533 383 2598 rit
402 2532 556 2599 firmitate
568 2579 666 2599 .....

422 2634 510 2700 ollis
539 2637 639 2716 igitur
655 2677 800 2701 .......
812 2637 984 2702 statuimus
1009 2646 1042 2702 et
1068 2637 1285 2714 deceruimus,
1307 2637 1390 2701 uulli
1408 2635 1444 2699 al

339 2735 468 2800 ordines
485 2745 518 2800 et
538 2737 706 2817 dignitates
729 2739 962 2804 ecclesiasticas
976 2740 1148 2819 pertinenti
1170 2740 1272 2803 licere
1293 2736 1444 2820 quidquid

340 2840 543 2905 contrariom
567 2840 627 2915 luis,
644 2856 729 2919 quae
744 2841 904 2919 praesenti
919 2841 1116 2904 asseruimus
1131 2850 1164 2902 et
1183 2841 1360 2904 statuimus
1372 2838 1447 2904 cos·

341 2939 457 3012 utituto
479 2941 518 3004 de
538 2959 634 3020 saepe
656 2941 750 3006 dictis
778 2941 880 3004 tribus
901 2939 1059 3020 Capitulis
1080 2951 1138 3004 aut
1159 2942 1377 3018 conscribere,
1399 2938 1446 3002 rel

340 3040 503 3122 prolerre,
520 3043 573 3104 rol
594 3059 801 3120 componere,
819 3042 874 3106 vel
893 3043 1024 3117 docere,
1039 3051 1097 3106 aut
1109 3042 1255 3122 aliquam
1271 3049 1346 3122 poet
1363 3059 1447 3122 prae·

341 3149 464 3206 sautem
482 3142 699 3206 definitionem
714 3161 847 3208 movere
869 3143 1009 3210 ulterius
1023 3147 1258 3224 quaestionem.
1275 3143 1386 3225 Siquid
1401 3161 1447 3206 re

341 3261 384 3308 ro
405 3243 577 3306 deeiadam
600 3243 704 3308 tribus
718 3242 889 3323 Capitulis,
904 3253 1014 3308 contra
1037 3263 1122 3325 quaa
1144 3243 1447 3308 asseruimus...di·

343 3352 396 3409 cta
417 3345 469 3410 rel
489 3347 609 3424 scriptu
626 3344 819 3410 refutamus.
837 3365 853 3403 o
870 3345 1008 3408 lienium
1026 3347 1153 3410 uomina
1175 3348 1386 3410 novendecim
1400 3363 1448 3406 no-

343 3453 479 3521 tantur,
502 3445 559 3525 qui
581 3446 658 3512 huic
678 3443 789 3526 vigilii
809 3444 993 3510 Constituto
1015 3457 1249 3513 consenserunt
1267 3457 1301 3512 et
1320 3445 1447 3512 sumeri-

341 3555 481 3629 pserunt
494 3565 569 3612 cum
583 3545 713 3628 Pelagio
735 3549 886 3622 diacono,
901 3550 1041 3628 episcopi
1060 3548 1250 3626 Primasius,
1264 3550 1446 3630 Stephanus,

341 3648 495 3724 loannes,
512 3648 666 3714 Julianus
686 3656 749 3716 etc.
774 3649 895 3714 Desinit
910 3648 1129 3717 coustitutum
1153 3653 1212 3716 trac
1234 3653 1445 3731 inscriptionec

342 3747 462 3818 linum
480 3747 585 3830 pridie
607 3749 684 3814 Idas
705 3748 800 3830 Majt,
817 3749 988 3830 imperante
1011 3749 1137 3816 domino
1155 3760 1263 3816 nostro
1277 3749 1448 3816 resumo

339 3861 493 3933 perpetuo
512 3861 649 3931 cnpnato
663 3871 717 3916 nn.
733 3850 785 3918 27.
801 3861 872 3928 post
897 3849 1104 3918 Consulatum
1118 3851 1241 3918 Basilii
1261 3853 1326 3918 siri
1342 3847 1443 3916 clorio

345 3950 421 4016 st'mr'
440 3973 495 4018 cn.
516 3951 568 4020 12.
590 3951 627 4019 in
652 3949 925 4032 Constantinopoli
945 3951 1082 4018 civitate.

425 4051 498 4120 Hoc
512 4054 640 4118 dnobus
655 4053 808 4134 praelatis
820 4055 940 4120 collato
955 4054 1151 4133 Constituto,
1167 4057 1199 4118 iu
1215 4057 1308 4120 unlus
1320 4053 1386 4117 anni
1399 4051 1439 4110 in·
1523 4075 1524 4104 t

347 4155 499 4232 tertullo,
513 4155 595 4220 idest
616 4173 700 4220 auno
718 4157 870 4236 vigesimo
890 4158 1028 4238 septimo
1050 4159 1177 4238 imperii
1190 4141 1365 4230 iustiniani,
1383 4151 1436 4214 tria

344 4254 486 4334 dedisset
508 4257 637 4322 decreta
661 4253 820 4337 vigilius,
835 4275 873 4324 ac
895 4269 945 4328 ter
965 4277 1058 4326 suam
1080 4267 1236 4326 mutasset
1254 4253 1430 4325 senteutiam.
1523 4311 1524 4340 ζ
