3028 4942
85 522 127 584 vis
145 519 274 595 irnstra,
289 519 442 584 obtulisse
462 519 637 600 probatnr;
652 535 725 582 enm
747 518 779 582 in
800 517 897 582 Libro
918 515 944 580 i.
967 535 997 579 n.
1019 515 1069 582 18.
1082 495 1172 581 circe

81 621 218 686 codicem
232 621 486 702 discrepantism,
502 621 665 700 speciatim
680 621 710 682 tn
727 617 830 684 Libris
845 617 1038 683 periarchon
1049 621 1170 699 inquit:

83 721 201 799 «Quod
221 724 246 786 si
269 724 330 787 boe
349 725 381 786 in
396 725 473 786 meis
494 723 610 784 titteris
632 723 813 796 invenisset,
830 723 1002 802 (queritur
1025 721 1171 786 Rudinus

82 823 116 885 de
136 825 286 888 versionis
300 843 378 888 snae
401 824 666 905 interpetatione)
688 831 720 886 et
736 841 811 886 vere
830 825 1021 902 scrupulum
1042 845 1082 887 ex
1104 829 1172 904 ipsa

80 925 205 990 iectione
226 927 377 1007 cepisset,
400 944 473 990 eum
495 927 589 988 sicuti
611 927 677 1006 ipse
697 927 779 988 nosti
801 925 1025 1006 (Aproniano)
1050 925 1172 990 Romae

81 1030 207 1107 positum
228 1028 362 1092 baberet
384 1037 601 1108 praesentem,
633 1029 784 1090 continuo
805 1029 920 1107 utique
942 1027 1171 1108 perquisisset3

83 1139 111 1192 et
124 1130 183 1210 ipsa
203 1129 244 1192 ad
269 1149 318 1192 me
332 1131 451 1210 scripta
473 1129 661 1192 detulisset:
676 1129 795 1209 quippe
810 1130 865 1209 qni
879 1147 982 1209 usqne
1002 1131 1041 1192 ad
1064 1130 1170 1210 ipsunt

73 1239 198 1312 tempus
219 1233 318 1295 etiem
340 1233 449 1296 videre
469 1250 519 1294 me
540 1240 573 1294 et
590 1232 747 1305 sstntrre,
762 1239 793 1294 et
806 1232 837 1292 in
858 1234 1004 1296 oratione
1025 1249 1170 1296 commu·

85 1332 178 1395 uitare
190 1333 307 1397 soiitos
322 1339 392 1396 erat
400 1353 412 1412 ;
429 1331 616 1396 contuiissei
629 1335 696 1396 sine
716 1330 815 1394 dnbio
829 1349 956 1396 mecum
971 1333 1010 1394 de
1025 1332 1086 1408 bis,
1101 1330 1173 1412 qni·

83 1431 132 1496 bns
143 1435 313 1500 videbator
327 1433 463 1498 oiiendi:
479 1435 672 1514 inquisisset,
695 1433 889 1514 quomodoa
908 1451 958 1498 me
974 1433 1086 1496 inisset
1098 1450 1174 1514 pro·

83 1533 182 1612 iatum,
197 1536 365 1616 quomodo
380 1536 557 1600 baberetur
576 1537 608 1598 in
630 1552 746 1614 graeco
759 1540 820 1596 ete.
835 1553 852 1592 s
869 1531 911 1597 Et
930 1552 1006 1598 sene
1018 1536 1045 1597 si
1068 1532 1169 1600 Rubi·

85 1637 110 1696 ni
126 1639 372 1718 propositionem
393 1637 567 1717 accepisset
587 1633 817 1719 Hieronymus,
833 1635 1006 1699 collatione
1020 1637 1096 1698 inita
1118 1653 1171 1700 eo·

86 1735 173 1802 dicum
194 1737 405 1814 Periureison,
427 1758 508 1820 qnos
530 1747 669 1818 uterque
689 1737 788 1817 tegit,
812 1737 985 1817 vertitque,
1009 1738 1171 1802 contentio

85 1839 264 1916 quievisset:
281 1849 313 1903 et
325 1839 473 1919 Origenia
496 1841 579 1903 ieme
599 1839 640 1901 ab
660 1857 700 1902 co
722 1855 824 1919 nsque
844 1839 957 1904 saltem
973 1839 1003 1902 in
1018 1838 1174 1904 Occiden-

84 1944 109 2001 te
126 1943 290 2004 mansisset
308 1941 489 2005 incolumis.

148 2041 208 2107 Sed
225 2043 315 2124 quod
337 2050 413 2106 tune
434 2061 496 2106 non
518 2043 646 2108 videtur
661 2043 841 2123 impletum,
861 2041 957 2107 modo
979 2043 1056 2107 mibi
1075 2043 1174 2108 iiceat

80 2141 246 2208 namnam
261 2143 474 2220 descendenti,
493 2133 712 2224 quaestionem
728 2145 767 2208 de
783 2147 842 2208 boc
857 2163 892 2208 re
911 2145 1105 2220 instaurare,
1121 2162 1174 2209 ec·

80 2254 182 2308 curate
195 2246 359 2326 expensis,
381 2245 421 2308 do
442 2247 560 2326 quibus
574 2247 657 2310 inter
675 2264 710 2309 ee
731 2246 937 2310 decertarunt
956 2243 1173 2330 Hieronymus

81 2351 108 2406 et
120 2344 281 2424 Hniiinus,
297 2348 470 2427 praecipue
484 2349 517 2410 in
537 2349 586 2423 iis,
603 2366 687 2428 quae
708 2365 842 2412 excussa
856 2358 930 2410 snnt
951 2349 982 2409 in
997 2349 1100 2412 citatis
1115 2347 1174 2411 Pe-

81 2445 220 2512 riorebon
235 2449 340 2526 libris,
357 2451 489 2531 adjectis
510 2467 594 2530 quae
608 2469 648 2514 ex
664 2453 880 2514 recentiorum
896 2451 1085 2514 criticorum
1106 2457 1175 2514 stn-

83 2547 130 2610 dio
150 2551 276 2613 utiliter
295 2537 430 2614 obtineri
451 2558 593 2632 possunt.
1003 2565 1007 2572 '

137 2650 281 2715 interim
304 2660 512 2732 repetentur,
544 2673 628 2734 qnae
648 2655 798 2736 superius
819 2673 860 2718 ex
882 2653 978 2718 Libro
1001 2653 1025 2716 i.
1047 2655 1176 2736 scripsit

78 2747 216 2818 Rniiinus
238 2763 350 2818 contra
372 2753 607 2835 Hieronymum
622 2755 663 2819 ob
678 2775 715 2818 ea
730 2755 878 2835 Origenis
892 2756 988 2820 verba
1004 2779 1012 2818 :
1034 2775 1099 2819 non
1119 2755 1175 2821 tibi

78 2852 177 2916 stetim
196 2851 334 2933 impium
352 2856 401 2916 eei
420 2855 590 2920 obaurdmn
609 2854 769 2932 videntur,
791 2854 963 2938 quiesicut
981 2855 1089 2921 Filius
1112 2857 1176 2922 ra·

78 2962 146 3016 trem
165 2975 231 3020 non
250 2954 354 3031 viden
375 2955 422 3020 ito
441 2976 497 3021 nee
519 2955 657 3038 Spiritus
678 2955 813 3022 Sanctm
826 2957 908 3023 videt
925 2957 1058 3033 Filium,
1073 2960 1115 3022 ite
1135 2961 1175 3022 sb

81 3055 143 3135 ipso
162 3057 362 3144 Hieronymo
384 3077 476 3122 versa
507 3061 602 3124 aliter
621 3059 662 3122 ab
695 3060 958 3140 interpretatione
980 3049 1111 3124 Huidni.
1133 3059 1177 3124 Et

78 3155 115 3216 ob
128 3157 200 3236 boc,
224 3160 377 3223 ultimum
398 3160 535 3224 vidimus
548 3179 664 3224 secura
686 3167 791 3223 mente
812 3169 843 3224 et
864 3161 1016 3224 nineriter
1030 3179 1175 3241 pugnare

78 3273 131 3334 pro
150 3259 333 3340 integritate
354 3257 472 3323 codicis
493 3279 530 3324 ee
547 3259 694 3340 Origenis
714 3279 809 3324 sensu
829 3268 941 3325 eontra
963 3262 1098 3324 alterius
1119 3281 1176 3323 ex·

78 3361 271 3438 positionem,
293 3380 332 3424 nc
352 3363 491 3443 amplius
511 3381 566 3426 eos
587 3365 835 3444 corripientem,
856 3365 912 3445 qui
933 3383 1025 3427 suem
1047 3364 1175 3427 mutila-

79 3469 147 3524 runt
167 3463 362 3542 versionem,
377 3484 415 3528 ea
436 3467 610 3528 inserentes
630 3484 715 3546 quae
736 3467 803 3545 ipse
825 3485 887 3529 non
908 3467 985 3546 tegit
1007 3468 1037 3528 in
1059 3483 1176 3546 graeco

80 3561 219 3642 oripinaii
240 3583 355 3629 eorum
370 3566 543 3640 librorum,
566 3586 624 3631 nec
647 3567 754 3642 vertit,
771 3586 829 3630 nec
849 3569 987 3647 scripsit.
1012 3566 1174 3643 Quocirca

78 3660 157 3738 dicit,
173 3683 228 3728 eos
248 3667 296 3728 ita‘
314 3667 437 3744 iecisse,
451 3676 487 3732 ut
510 3669 613 3750 majus
633 3669 772 3734 dedecus
792 3669 851 3731 sibi
870 3671 1036 3733 obveniret
1058 3687 1099 3731 ex
1119 3667 1174 3732 ad-

80 3767 220 3828 versariis
234 3767 300 3828 suis
321 3767 458 3830 ebbone
478 3769 738 3848 translationem
753 3769 825 3832 ideo
846 3769 1048 3848 nmpiissimis
1069 3777 1174 3836 osten·

79 3861 147 3926 dens
165 3869 373 3945 argumentis,
394 3887 430 3931 ee
445 3887 514 3932 esse
527 3887 605 3932 suae
628 3870 763 3932 versioni
779 3887 797 3931 a
819 3869 1023 3934 falsatoribus
1038 3873 1172 3933 intrusa.

80 3960 118 4025 Et
136 3969 281 4046 quamvis
302 3970 427 4034 codices
448 3972 568 4050 praeci,
590 3990 672 4050 quos
692 3974 751 4052 ipsi
773 3973 785 4051 i
796 3971 1011 4058 Hieronymus
1032 3975 1171 4055 aliique)

80 4081 150 4141 pree
170 4071 315 4134 menibus
335 4071 491 4148 habuere,
508 4090 577 4136 eam
599 4072 769 4136 lectionem
791 4073 1000 4137 exhiberent:
1024 4076 1174 4138 nniiimo·

82 4166 116 4228 de
130 4177 230 4234 tamen
251 4176 296 4236 nit
317 4172 470 4236 tinctoris
483 4175 591 4238 sensui
612 4176 795 4252 convenire,
818 4193 923 4255 neque
936 4179 1034 4257 ipsius
1055 4177 1174 4240 doctri·
1252 4182 1263 4196 ‘

81 4284 134 4332 nae
152 4272 400 4352 accommodari,
416 4293 514 4354 quarn
535 4273 610 4337 aiibi
624 4273 766 4352 tradidit,
782 4276 830 4338 uti
850 4276 1033 4356 superinos
1054 4293 1104 4342 uro
1118 4293 1174 4358 pa·

82 4370 223 4442 teiacturn
243 4381 291 4440 est
311 4395 352 4442 es
374 4373 472 4442 Libro
493 4375 519 4441 1.
542 4373 739 4443 Periurcbon
759 4393 787 4442 e.
810 4375 834 4441 1.
856 4395 886 4441 n.
908 4373 939 4442 8.
