2982 4934
54 488 139 554 euim
163 486 229 555 tsoc
250 492 366 570 uspet3
388 485 538 570 quaestio
557 485 588 550 tu
604 483 766 568 postuiat;
788 485 909 554 sestias
929 483 1046 566 estpttJ
1067 499 1107 550 uc
1128 486 1175 549 tn·

56 589 223 652 nocentiae
243 590 310 671 lus,
331 587 582 671 qualiscumque
601 589 643 650 sit
662 586 883 665 sdversarius,
903 586 997 652 nullo
1017 602 1174 667 personae

53 689 186 765 intuitu,
209 690 334 772 ubique
353 709 392 754 ac
412 698 575 770 perpetuo
591 687 816 753 vindicantium
836 695 896 753 est.
989 757 992 764 ,

132 789 358 876 Hieronymus
372 792 483 872 itaque
502 792 535 853 in
549 789 586 854 iis
600 789 717 854 titteris
740 806 934 866 memorans,
948 807 1034 872 quae
1050 789 1174 855 Romae

54 891 138 955 circa
159 892 246 956 itinn
270 901 395 973 tempus
416 897 487 956 acta
515 895 610 966 sunt,
633 888 848 954 invalescente
867 889 1016 972 Origenis
1035 892 1173 973 ejusque

53 992 214 1058 librorum
237 993 438 1073 quaestione,
453 990 569 1056 Siricio
590 999 667 1056 tuuc
686 989 910 1056 Pontificatum
932 997 1074 1072 gerente,
1095 991 1175 1055 sosi-

55 1091 115 1156 bit:
133 1113 150 1154 ι
166 1093 203 1156 in
227 1094 290 1158 isac
311 1093 546 1174 tsanuiiiitato
566 1099 600 1158 et
619 1091 745 1158 Domini
764 1092 935 1168 servitute,
958 1092 1119 1156 haeretica
1140 1093 1174 1156 iu

55 1194 100 1257 his
120 1193 299 1274 provinciis
319 1205 434 1259 esuris
458 1201 650 1275 tempestas,
672 1201 789 1258 ennete
812 1192 978 1273 turbavit,
999 1198 1032 1257 ot
1052 1193 1084 1256 in
1106 1199 1174 1256 tan·

57 1301 117 1357 tam
137 1294 267 1358 rabiem
281 1297 440 1360 concitata
461 1301 522 1372 cst,
546 1302 590 1360 ιι
603 1295 736 1360 naosioi
757 1310 816 1358 neo
836 1292 899 1358 nili
918 1294 1080 1358 bonosum
1095 1309 1172 1375 psa·

58 1403 153 1460 cerei.
175 1395 221 1460 Et
242 1399 337 1478 qussi
357 1414 475 1477 pas-um
497 1403 600 1475 emet,
632 1397 687 1460 istc
708 1397 861 1459 universa
879 1396 1031 1471 mosime,
1053 1411 1170 1459 navens

56 1495 177 1576 plenam
192 1497 471 1579 blasphemiarum
484 1515 619 1562 romano
634 1497 743 1561 intulit
753 1498 875 1577 portui.
889 1495 1080 1578 invenitque
1092 1513 1168 1576 pro-

58 1595 137 1662 tinus
161 1598 286 1678 patella
307 1597 527 1677 operculum
548 1605 579 1662 et
601 1615 754 1662 romanae
776 1597 855 1662 ticiei
871 1597 1079 1678 purissimum
1100 1595 1172 1661 iou·

58 1701 117 1759 tem
135 1697 246 1762 lutosa
262 1715 363 1761 coeno
384 1697 604 1777 permiscuere
619 1699 761 1778 sestipia.
785 1695 854 1762 Nec
875 1699 994 1761 mirum
1014 1697 1041 1760 si
1056 1697 1088 1760 iu
1104 1697 1174 1779 pis·

59 1799 126 1874 teis,
138 1805 171 1862 et
191 1799 226 1864 tu
249 1799 322 1862 toro
338 1817 451 1864 serum
474 1799 635 1863 venalium
650 1800 744 1864 tictus
762 1799 887 1866 ariolus
906 1799 1085 1863 stultorum
1100 1815 1174 1863 ses·-

59 1895 145 1962 bsset
170 1906 286 1978 uates3
318 1906 351 1963 et
371 1899 502 1965 obtusio
534 1898 751 1965 insistentes
783 1899 1008 1965 mordentium.
1022 1900 1170 1979 quasiste

61 2015 156 2078 quum
172 2007 332 2065 venenata
347 2016 531 2080 spurcaque
552 1999 697 2064 doctrina
716 2000 837 2066 Romae
852 1999 1010 2065 invenerit
1030 1985 1112 2081 unos
1126 1999 1174 2062 iu·

60 2098 196 2166 incessi.
218 2100 314 2168 Tune
333 2102 495 2166 librorum
519 2099 563 2164 Dc
584 2100 764 2181 Principiis
784 2102 913 2166 intsmts
933 2099 1170 2181 iuterpretstim

61 2208 131 2266 tunc
149 2203 343 2283 discipulus,
363 2197 494 2292 Ολβιις
508 2199 696 2282 (tineamus)
712 2204 780 2269 sori
802 2204 951 2276 nominis,
973 2202 999 2265 si
1020 2203 1053 2265 in
1074 2201 1172 2265 talem

62 2303 242 2382 magistrum
265 2321 328 2368 non
351 2304 546 2384 impegisset.
578 2301 670 2370 Tune
689 2314 876 2369 nostrornm
897 2301 1052 2382 διαλιτις
1071 2302 1173 2368 ‹tisso-

61 2401 123 2466 iuta
143 2395 374 2482 contradicito,
397 2415 429 2469 et
451 2406 695 2486 pharisaeorum
717 2408 847 2472 turbata
868 2413 916 2472 est
935 2406 1058 2471 soisots.
1079 2404 1173 2470 Tune

63 2513 161 2569 saucia
181 2505 357 2583 Marcella,
377 2507 540 2586 quaestio
560 2525 594 2573 so
615 2507 820 2588 cohibuerat,
841 2525 882 2571 ne
902 2525 962 2588 pes
980 2506 1172 2572 aemulatio·
1290 2503 1293 2510 '

62 2619 126 2666 nem
145 2607 315 2687 quippiam
334 2605 442 2672 iacere
465 2607 644 2683 videretur,
668 2611 840 2688 postquam
859 2607 958 2671 sensit
978 2604 1072 2671 fldem
1094 2621 1172 2685 apo·

64 2705 169 2770 stotieo
191 2721 252 2771 oso
276 2706 445 2772 laudatam
465 2708 497 2772 in
522 2709 688 2790 plerisque
709 2709 840 2784 violari,
865 2710 909 2772 its
930 2713 969 2772 ut
986 2706 1173 2770 sacerdotes

65 2819 198 2885 quoque,
220 2813 257 2873 et
269 2809 442 2873 nonnullos
462 2809 709 2885 monachorum,
726 2808 934 2892 animeque
951 2809 1055 2872 secuti
1070 2807 1173 2871 homi·

64 2919 114 2968 ιιι
132 2899 163 2971 iu'
182 2925 352 2974 assensum
372 2909 423 2974 sni
445 2909 616 2989 manaret,
646 2927 686 2972 ac
704 2909 901 2989 simplicitati
922 2908 1077 2975 illusisset
1098 2907 1174 2988 Epi·

65 3007 142 3084 scopi
160 3008 283 3086 (Sisicii
306 3008 430 3089 Papae)
451 3010 508 3089 qui
530 3009 575 3074 da
591 3028 653 3076 suo
673 3011 799 3090 inuenio
820 3015 947 3074 cetoros
966 3010 1169 3086 aestimabat,

67 3106 184 3182 publice
204 3110 336 3183 resisti,
359 3109 480 3176 maleus
502 3108 570 3178 Deo
592 3110 735 3190 plaeere,
758 3125 855 3190 quam
877 3111 1070 3175 hominibus.

139 3208 295 3277 «Laudat
310 3209 463 3276 Salsatos·
476 3211 509 3276 iu
519 3209 703 3292 ,Evangelio
717 3213 864 3278 villicum
880 3212 1068 3292 iniqnitatis,
1081 3211 1169 3292 quoi

69 3313 168 3372 contra
189 3310 359 3376 dominum
380 3311 511 3392 quidem
535 3312 776 3388 fraudulenter,
798 3320 938 3378 attamen
958 3331 1021 3395 pso
1040 3332 1076 3379 se
1096 3333 1175 3394 pru·

66 3403 167 3474 tentes
181 3411 306 3478 iecerit.
327 3411 503 3478 Cernentes
517 3412 672 3478 haeretici
685 3415 726 3478 sto
747 3431 847 3495 passa
871 3415 1010 3479 scietitia
1031 3417 1171 3480 maxims

70 3503 200 3576 incenma
221 3513 401 3592 concitari3
431 3521 464 3577 et
483 3516 683 3594 suppositam
704 3514 828 3580 dudum
856 3513 1016 3579 flammam
1043 3515 1111 3597 jum
1131 3515 1172 3578 ssi

68 3607 194 3678 minim
216 3615 424 3695 peruenisse,
445 3605 619 3696 neo'posse
640 3615 766 3691 latere,
788 3614 875 3696 quod
898 3619 1021 3680 multos
1039 3615 1174 3696 decepe-

70 3716 123 3784 iits
142 3722 255 3792 petunt
274 3724 307 3782 ei
327 3717 501 3797 impetrant
520 3716 754 3782 ecclesiasticas
775 3716 947 3796 epistolas,
969 3725 1006 3780 ut
1026 3734 1172 3782 eommu-

70 3807 196 3880 uiuautes
228 3815 393 3882 Ecclesiae
414 3809 538 3894 (urbe)
570 3815 751 3882 discessisse
774 3815 970 3881 siderentur.
994 3815 1067 3881 Non
1088 3819 1174 3882 mni·

71 3911 128 3974 tum
148 3921 272 3998 tempus
292 3919 323 3980 in
344 3916 473 3993 mettio,
498 3916 643 3980 succedit
663 3917 694 3980 in
724 3915 948 3981 Pontificatum
972 3918 1022 3980 sic
1043 3917 1171 3999 insignis

73 4007 256 4094 Anastasius,
272 4036 370 4099 quem
391 4016 449 4082 diu
470 4015 573 4082 Roma
590 4016 710 4081 babere
724 4035 787 4080 uoo
803 4019 935 4094 meruit,
950 4037 991 4084 ne
1010 4020 1099 4084 orbis
1118 4037 1172 4084 ca·

72 4117 123 4185 put
138 4116 196 4180 suu
217 4118 274 4183 tati
296 4117 456 4200 Episcopo
485 4125 712 4184 truncus-etus..
729 4115 832 4182 lmmo
855 4119 976 4183 idcirco
1004 4127 1118 4201 sapius
1139 4127 1174 4184 et

74 4210 232 4286 trinitates
251 4226 313 4299 est,
327 4217 480 4286 nesemei
500 4219 600 4286 istam
614 4217 803 4286 seutentiam
817 4219 885 4284 suis
899 4221 1050 4300 precibus
1064 4219 1171 4286 ticcio·
