2982 4934
1095 397 1156 466 ult

54 498 195 561 cavimus
210 515 315 580 neque
329 499 361 562 in
374 497 478 578 legero
494 496 682 576 salvatoris,
699 518 804 581 neque
823 501 855 563 iu
876 501 990 580 ipsum.
1007 497 1055 564 hd
1080 500 1159 564 haec

52 600 188 666 ioannes
208 619 340 683 spernus
362 601 456 666 lacilc
476 621 510 666 se
530 599 700 684 Theophili
720 603 877 667 strenus
896 620 951 667 eos
971 603 1083 666 odium
1103 603 1156 666 nc·

52 711 266 779 mutaturum,
290 704 427 767 lihenter
447 707 609 784 negotium
631 706 761 786 arripit,
782 705 955 768 admonens
976 725 1043 781 eos,
1066 711 1104 770 nt
1123 722 1156 767 a·

53 807 109 886 pud
132 821 246 867 omncs
267 805 417 886 religioso
438 805 565 870 silentio
586 805 742 870 adventus
762 809 813 870 sni
835 825 965 870 causam
988 815 1153 887 tegerent,

54 907 144 969 inuec
166 907 248 987 ipse,
272 907 386 987 inquit,
410 906 526 970 misero
547 907 586 969 nn
610 906 741 969 lintrem
761 903 977 986 Theophilum
980 950 1055 972 ......

121 1006 341 1087 «Contigerat
355 1015 463 1070 autem
474 1007 535 1070 suh
546 1009 576 1069 iu
592 1015 719 1087 tempus
734 1017 770 1071 ut
785 1007 893 1070 clerici
908 1007 1038 1087 quidam
1050 1005 1154 1072 Theo·

49 1105 116 1184 phili
127 1103 403 1186 Constantinopoli
418 1106 575 1181 adessent,
586 1105 842 1186 magistratuum,
853 1107 909 1186 qni
925 1107 1080 1184 regendae
1093 1106 1154 1170 he·

53 1215 138 1287 pppis
159 1205 424 1286 nesignahaotnr,
442 1206 657 1286 promotiones
680 1215 948 1287 praemercantes,
963 1216 995 1268 et
1016 1205 1151 1270 heneau-

53 1304 171 1368 lsutiam
193 1303 377 1387 Theophiln
398 1307 603 1370 conciliantes
624 1307 655 1368 in
676 1305 847 1386 pernicicm
869 1323 1004 1381 corum,
1027 1307 1082 1386 qui
1104 1305 1151 1368 illi

54 1407 169 1468 minime
185 1409 367 1488 placebant.
390 1406 457 1471 Hos
479 1408 628 1488 igiturest
650 1427 684 1472 se
704 1409 822 1471 accitos
842 1407 994 1484 Jcanues,
1017 1424 1152 1488 percun-

55 1507 191 1572 ctabatur
212 1527 256 1571 en
285 1520 467 1589 praesentes
490 1511 662 1573 monachos
693 1510 863 1574 novissent.
886 1509 938 1573 litt
958 1509 1091 1575 candide
1112 1511 1152 1574 de

57 1607 116 1687 ipsis
133 1612 354 1674 testimoninm
369 1611 575 1690 perhibuere,
588 1611 727 1673 (licentes
737 1608 864 1673 loanni:
878 1619 909 1672 et
921 1598 1068 1674 norimus
1082 1629 1149 1686 eos,

56 1717 80 1767 et
98 1708 158 1770 sim
179 1727 329 1789 magnam
353 1712 493 1790 perpessi
519 1719 605 1773 aunt.
636 1711 684 1774 Ac
704 1712 730 1774 si
752 1711 868 1792 placet,
891 1708 1038 1785 Domine,
1058 1713 1150 1791 spiri·

56 1806 138 1870 talem
158 1811 206 1872 cis
221 1811 481 1873 communionem
502 1812 658 1893 impertiri
680 1812 758 1887 noli,
774 1831 812 1873 ne
833 1811 974 1874 ohcudas
989 1809 1149 1890 Theophi-

54 1907 132 1972 lnun=
154 1911 186 1974 iu
207 1913 327 1974 ceteris
349 1911 517 1991 benignum
532 1921 563 1976 te
584 1915 701 1992 pruche
712 1933 724 1993 5
746 1915 807 1977 hoc
821 1915 904 1976 enim
928 1923 957 1975 te
973 1921 1008 1975 ut
1028 1915 1150 1994 cpisco-

56 2029 119 2088 pnm
139 2013 245 2078 decet.
275 2012 327 2076 Sic
347 2011 487 2077 ioannes
507 2033 562 2077 eos
589 2015 718 2102 quidem
739 2017 778 2079 ad
807 2016 1064 2079 communionem
1086 2033 1148 2080 non

54 2113 174 2176 aluisii.
196 2111 380 2194 Theophilo
403 2133 480 2177 vero
493 2115 604 2179 scrihii
625 2134 719 2179 ornus
734 2137 741 2178 s
757 2117 792 2180 ia
812 2116 869 2178 hcc
888 2113 967 2180 miii
985 2126 1021 2178 act
1038 2115 1107 2196 filio
1119 2125 1150 2180 ct

50 2213 135 2290 [ratri
152 2215 356 2296 parificare,
369 2215 424 2277 hos
441 2216 525 2280 uiros
547 2215 769 2296 complectitor.

102 2316 175 2381 chii
187 2319 270 2382 haec
281 2317 478 2397 Theophilus
493 2320 627 2397 gratiani
642 2319 773 2398 quidem
788 2319 914 2398 negarit
924 2315 1059 2382 ioannis
1075 2319 1147 2382 nait·

54 2415 84 2477 iit
100 2427 206 2484 antem
229 2421 386 2502 quostiam
401 2421 440 2482 au
463 2423 676 2484 contentiosas
690 2421 862 2484 verborum
877 2437 998 2499 pugnas
1019 2422 1142 2484 exerci-

53 2519 335 2602 calesiensibus
357 2538 455 2603 snpra
477 2521 629 2593 diximus,
651 2527 683 2582 et
704 2529 822 2592 monet,
845 2520 920 2582 nent
945 2519 992 2582 illi
1014 2519 1143 2584 libellos

52 2633 183 2697 precum,
207 2639 291 2702 qnos
313 2640 402 2684 more
422 2639 484 2684 sno
511 2623 577 2701 ipse
598 2621 793 2694 dictaverat,
808 2621 864 2698 qui
886 2619 1089 2682 continebant
1109 2637 1144 2684 a·

51 2729 163 2796 perium
177 2724 311 2804 quidem
332 2724 544 2797 mendacium,
561 2723 712 2785 amictum
737 2739 814 2784 vero
831 2722 917 2783 caria
933 2731 966 2782 et
986 2721 1142 2801 multipli-

52 2818 75 2878 ci
94 2822 249 2888 calumnia
270 2842 398 2896 eorum,
413 2841 497 2903 quae
517 2833 592 2886 sunt
613 2823 795 2896 invisibilia,
812 2839 886 2884 cuns
908 2821 986 2885 nihil
1010 2821 1142 2886 haberet

53 2919 124 2983 unde
138 2939 253 2987 eornm
270 2925 366 2986 vitam
381 2923 637 2986 calumniaretur
646 2941 657 3001 ;
675 2923 815 3002 laciiquc
831 2931 867 2984 nt
885 2921 916 2982 ln
932 2921 1050 3001 palatio
1065 2939 1144 3002 qua·

51 3019 72 3081 ti
89 3025 342 3105 praestigiatores
357 3023 454 3104 digito
476 3032 742 3087 monstrarentur.
758 3043 774 3080 c

119 3119 261 3199 iuterim,
277 3125 399 3190 omissis
419 3125 491 3188 aliis
511 3125 593 3188 inira
606 3124 758 3199 dicendis,
781 3141 822 3198 es
844 3124 904 3186 hac
918 3125 1053 3202 genuina
1073 3121 1142 3186 Pal·

52 3217 115 3282 hiii
135 3229 338 3302 narratione,
373 3229 427 3291 cni
448 3228 545 3291 ceteri
568 3225 704 3307 praelati
724 3223 904 3305 Scriptores
935 3227 981 3304 (si
1003 3227 1143 3306 excipias

55 3317 273 3409 hieronymum
286 3329 296 3406 )
309 3331 529 3409 acquiescunt,
546 3329 712 3408 percipere
732 3326 821 3399 licat,
836 3326 931 3389 aliter
947 3345 1045 3407 quam
1065 3345 1141 3408 snp-

54 3425 153 3501 positas
173 3428 320 3509 origenis
341 3431 517 3509 impietates
541 3431 624 3492 tueri
645 3429 817 3492 monachus
837 3448 879 3492 ex
902 3429 1049 3514 Aegypto
1070 3427 1143 3508 pul·

54 3539 97 3586 sns
114 3545 130 3590 a
148 3527 337 3611 Theophilo.
367 3529 551 3607 Quinimmo
565 3538 690 3594 constat
710 3531 838 3594 eosdem
859 3529 981 3593 nullius
1000 3529 1143 3593 criminis

56 3619 137 3690 luisse
157 3649 240 3709 reos,
261 3650 320 3696 nec
340 3632 379 3694 uo
402 3632 538 3706 haeresi,
562 3649 665 3710 neque
687 3631 726 3694 (le
746 3631 899 3711 obsequii¹
913 3630 1041 3692 delectu
1062 3645 1140 3709 erga
1245 3665 1252 3682 ·

57 3719 229 3811 Episcopum
240 3751 252 3811 3
274 3741 323 3795 ast
347 3733 432 3794 siros
451 3735 520 3813 pios
534 3731 691 3794 catholice
711 3734 892 3807 sentientes,
916 3731 1057 3794 modeste
1078 3729 1140 3794 unc

57 3832 83 3885 tt
97 3845 185 3906 opera
207 3835 238 3893 in
268 3834 365 3896 totins
386 3831 540 3896 ccclesiae
560 3842 735 3912 conspectu
752 3851 786 3894 se
808 3839 971 3911 gerentes,
996 3831 1139 3894 veritatis

58 3931 84 3984 ct
99 3929 212 4004 pietatis
233 3933 423 3995 christianae
444 3932 659 3994 aemulatores
680 3943 712 3994 et
742 3931 783 3993 ah
803 3933 888 3994 omni
910 3948 1043 4010 prorsus
1064 3929 1140 3995 dolo

59 4023 167 4092 alienos.
183 4031 316 4097 Praeter
332 4035 409 4096 haec
424 4053 465 4096 ex
484 4035 596 4097 eodem
611 4031 754 4095 Palladio
775 4032 889 4095 eutlirc
899 4031 993 4113 juvat
1010 4049 1094 4111 quse
1109 4032 1140 4094 in

60 4118 178 4196 historia
197 4133 352 4200 Lausiaca
372 4136 536 4216 speciatim
558 4143 686 4198 enarrat
707 4135 747 4196 ‹lc
768 4135 906 4209 eisdem,
933 4152 1014 4214 quos
1035 4132 1139 4198 Theo·

59 4225 146 4303 iiiios
163 4236 328 4302 calumniis
347 4238 541 4316 exagitarit,
570 4237 802 4302 contumeliosa
829 4237 874 4302 cis
896 4235 1035 4301 inferens
1062 4253 1139 4302 con·
