2982 4934
314 365 377 439 256

315 469 472 534 Dominus
494 468 675 533 meminerit
695 463 843 534 sacridcli
864 469 967 534 omnis
987 463 1131 547 Joaunls,
1147 470 1204 552 qul
1224 471 1263 534 ad
1284 477 1419 536 mortens

317 587 422 650 usque
437 568 589 649 loquendi
610 567 793 632 libertatem
808 573 871 633 dou
891 565 1018 652 abjecit.
1036 571 1159 651 Scopua
1176 569 1337 634 Ecclesiae
1359 569 1421 634 llo·
1461 567 1466 582 '

314 685 428 734 manne
449 678 497 733 est
518 672 588 745 iste,
612 687 675 732 non
697 671 937 735 communicare
959 690 1100 754 uuquam
1128 671 1338 736 orientalibus
1359 671 1422 750 epl-

314 770 433 851 scopis,
455 772 643 851 praesertim
660 765 853 853 Theophilo,
876 772 981 838 donoc
994 773 1149 837 Dominus
1170 773 1295 837 dederit
1313 773 1421 836 locum

316 871 493 934 universali
509 870 650 955 syuodo,
665 888 749 951 quac
764 873 953 952 putrefactis
967 875 1119 939 membris
1133 891 1261 951 eorum,
1275 875 1331 953 qui
1349 875 1424 937 hacc

313 978 498 1052 patrarunt,
523 973 701 1036 medeatur.
725 969 794 1036 Etsi
816 977 900 1038 euim
922 973 1043 1039 dormit
1063 975 1226 1052 Joaoucs,
1249 976 1361 1056 vigilat
1381 982 1424 1037 ta-

314 1089 388 1136 men
412 1075 553 1152 veritas,
576 1084 711 1156 propter
731 1093 829 1158 quam
851 1076 1013 1156 inquisitio
1035 1079 1107 1141 erit.
1130 1073 1195 1142 Eos
1216 1083 1349 1150 autem,
1371 1077 1424 1154 qui

314 1173 391 1266 talia
414 1177 445 1237 iu
461 1173 602 1240 Ecclesia
625 1182 854 1257 perpetrarunt
875 1177 1015 1242 libenter
1030 1177 1235 1241 convenirem
1258 1179 1289 1240 iu
1313 1175 1422 1239 lacicn

314 1275 442 1340 dicensi
460 1277 589 1340 ubinam
610 1275 859 1342 sacerdotium?
879 1275 939 1344 Ubi
961 1275 1141 1342 sauctitas?
1161 1274 1222 1342 Ubi
1244 1284 1425 1340 mausuetu-

313 1376 357 1442 do
378 1385 410 1442 et
430 1379 615 1442 commuuio
636 1377 798 1444 naturaei
820 1377 879 1444 Ubi
901 1379 1083 1446 Servatoris
1104 1377 1318 1444 mandatum?
1332 1397 1351 1436 s

396 1475 486 1541 llaec
500 1479 628 1542 iuterim
644 1481 749 1542 omnia
766 1481 822 1560 qni
835 1482 1058 1561 {percurrerim
1076 1480 1176 1562 probe
1189 1497 1227 1542 ea
1243 1479 1425 1555 meditatus,

317 1577 454 1655 viderit,
487 1597 564 1642 num
585 1578 708 1661 Spiritu
730 1577 787 1643 llel
813 1582 874 1644 uctl
897 1577 1096 1661 Theophilus
1117 1579 1284 1660 ceterique
1299 1596 1426 1659 praesu·

313 1680 363 1744 les
380 1679 499 1744 luerint
519 1681 552 1743 in
566 1680 751 1761 hujusmodi
768 1686 987 1762 persecutione
1009 1681 1191 1761 expleuda3
1209 1689 1242 1744 et
1260 1681 1342 1744 hino
1356 1695 1427 1742 num

314 1781 433 1862 injuria
455 1799 496 1845 ex
518 1789 610 1861 purte
640 1783 764 1845 steterit
786 1773 1019 1845 monachornm
1040 1781 1305 1860 origenistarum,
1327 1797 1369 1842 ao
1388 1797 1425 1842 ex

315 1878 488 1964 Theophili
509 1890 541 1946 ct
564 1883 727 1946 sociorum
759 1891 861 1964 parte.
896 1879 1119 1947 Ecclesiastico
1151 1883 1349 1944 monimenta
1376 1880 1426 1959 qui

316 1984 528 2064 investigarit,
552 1983 711 2065 repererit
724 2001 903 2064 nunqnam,
920 1981 1302 2048 ecclesiarum-antistites
1317 1983 1351 2044 iu
1366 1979 1428 2060 Spi-

197 2161 200 2166 ,
314 2085 382 2150 ritu
403 2085 519 2151 Sancto
540 2091 749 2167 congregatos
770 2085 927 2150 adsersus
942 2085 1090 2148 haereses
1112 2083 1155 2147 ita
1177 2083 1361 2157 dimicasse,
1378 2097 1424 2144 re·

294 2185 378 2250 ·luti
400 2184 639 2268 Theophilum,
661 2195 694 2252 cl
717 2205 792 2254 cum
820 2207 860 2252 eo
880 2187 1103 2263 Severianum,
1127 2184 1296 2259 Acacium,
1321 2182 1424 2246 Aulio

315 2286 427 2362 chum,
452 2285 620 2372 cyrinum,
644 2287 802 2366 Atticum,
819 2287 1037 2373 Porphyrium
1058 2288 1091 2349 iu
1113 2292 1340 2367 praesumptos
1361 2285 1426 2347 bae

315 2390 445 2453 reticos.
472 2387 634 2466 Quocirca
666 2393 784 2454 merito
813 2390 983 2454 dicendum
1010 2398 1059 2452 est
1087 2389 1245 2451 adsersus
1268 2385 1426 2450 Ecclesiae

316 2505 466 2567 munuca,
490 2491 647 2556 adversus
662 2501 778 2556 cuncta
797 2492 873 2573 jora
895 2505 987 2554 socru
1004 2499 1035 2554 et
1058 2489 1192 2570 prolana
1208 2489 1376 2552 incessisse
1389 2486 1425 2550 ci

318 2596 401 2654 talos
415 2590 595 2672 cpiscopos;
618 2609 675 2654 neo
691 2592 763 2655 idco
785 2607 845 2670 pro
860 2591 1010 2672 dogmate
1031 2591 1193 2655 catholico
1207 2589 1423 2658 decertantes,

317 2691 489 2756 insectatos
511 2692 609 2756 luisse
631 2693 817 2769 monachos,
842 2691 1122 2776 (lhrysostomum,
1146 2699 1341 2770 ceterosque
1360 2688 1424 2753 Ori

316 2793 405 2873 genis
425 2793 587 2875 patronos.
608 2792 812 2875 l'roiodeque
834 2793 1018 2870 tenendum,
1040 2792 1122 2857 illud
1144 2791 1359 2856 damnationis
1378 2789 1423 2852 de·

315 2899 441 2958 cretum
463 2913 505 2958 cx
526 2896 667 2976 partium
687 2895 795 2960 studio
817 2903 926 2959 ortum
950 2895 1048 2959 inisse
1068 2901 1100 2974 et
1115 2912 1157 2957 ex
1178 2889 1278 2954 auimi
1301 2907 1423 2974 perscr-

318 2992 413 3058 sitate
434 2995 541 3076 potius
556 3013 655 3077 quam
670 3015 711 3060 ex
723 2997 903 3062 catholicae
917 2995 990 3060 ildci
1002 2996 1088 3074 rslo;
1102 3011 1142 3058 ac
1156 3009 1220 3057 uus
1234 2991 1422 3072 putandum,

318 3097 491 3162 monachos
512 3099 699 3179 origenistas
719 3106 753 3164 ct
771 3097 944 3178 Oriqeuem
966 3100 1071 3178 ipsum
1093 3096 1182 3160 omui
1203 3094 1424 3174 planabaere·

316 3214 388 3260 aeos
409 3198 482 3261 labo
503 3216 632 3280 racare3
651 3201 880 3281 immeritoque
903 3207 949 3262 tot
971 3215 1079 3280 passos
1100 3195 1200 3260 luisse
1220 3194 1423 3259 calamitates.

398 3296 546 3380 lienique
576 3300 663 3365 haud
694 3300 908 3381 ignorandum
929 3306 989 3375 est,
1015 3297 1236 3362 innocentium
1260 3294 1378 3375 Papam
1398 3291 1423 3352 lu

319 3395 465 3479 Epistola
480 3399 519 3462 ad
538 3398 715 3464 Arcadium
740 3401 970 3482 imperatorum
985 3397 1093 3480 (cujus
1107 3397 1227 3460 mentio
1248 3394 1336 3476 apud
1351 3391 1425 3458 Gen·

319 3497 472 3574 badium,
494 3497 621 3564 Glieam
641 3506 674 3564 et
694 3497 872 3581 Georgium
892 3495 1163 3573 alexandrinum)
1193 3495 1275 3558 hauc
1296 3493 1424 3558 edixisse

320 3601 510 3665 senteutiam
531 3603 570 3666 de
591 3600 792 3685 Theophilus
811 3600 896 3664 cdd
917 3579 1089 3680 Theophili,
1112 3599 1178 3675 ait,
1200 3589 1423 3660 mommolo·

320 3718 391 3764 orm
411 3703 558 3768 nddimnr
579 3719 746 3768 ccsmrnm
760 3695 1423 3776 excommunicationis,oscihcmotismsm,

321 3809 382 3865 ctu
397 3799 640 3867 Christiuairmn
652 3801 809 3883 inicorum
826 3821 864 3866 cc
879 3803 1053 3882 perfectam
1066 3793 1301 3862 alienationem.
1317 3813 1334 3854 r
1349 3789 1425 3868 Qut-

322 3921 360 3966 re
384 3903 444 3977 hau
473 3905 565 3983 gravi
587 3909 742 3968 oneratus
767 3903 985 3967 ecclesiastica
1013 3916 1149 3964 censura
1173 3895 1309 3975 (subdit
1330 3891 1421 3958 door·

320 4003 404 4083 gius)
425 4022 487 4068 nou
510 4006 614 4069 multo
636 4015 707 4085 post
725 4005 855 4068 Arcadii
870 4012 1021 4078 mortem,
1037 3999 1228 4066 succedente
1248 3989 1419 4058 Theodosio

321 4104 388 4172 lilio
401 4124 475 4184 suo,
491 4105 690 4187 Theophilus
712 4111 844 4188 quisque
859 4125 901 4169 cx
914 4105 1095 4184 lethargico
1108 4103 1177 4166 sire
1197 4105 1332 4164 soteruo
1345 4107 1418 4158 mor-

320 4205 362 4270 bo
381 4225 474 4272 suum
495 4209 576 4274 obiit
595 4208 691 4273 diem.
714 4207 756 4275 Ei
775 4208 981 4291 episcopatus
1000 4203 1041 4270 ad
1061 4201 1222 4288 cyrillum
1241 4189 1418 4275 sensibili·

321 4323 417 4374 neum
438 4326 536 4375 suum
552 4309 710 4378 transisit.
