3048 4946
399 469 458 538 llis
477 475 672 555 praemissis,
704 475 739 538 ni
762 473 894 555 pertidia
916 473 1017 556 ma'pls
1047 477 1156 554 pateat
1176 467 1318 536 Facundi
1338 470 1367 532 io
1384 471 1420 534 cl·

317 574 422 640 tundis
441 575 583 640 aliorum
597 576 737 656 scriptis,
759 583 793 640 et
813 575 1037 657 interpolando
1058 590 1174 639 eorum
1193 589 1301 648 sensa,
1322 589 1421 651 quan-

319 678 368 740 vis
388 675 591 740 desideretur
622 674 744 758 Pelagii
764 684 799 740 ot
829 672 970 742 anatem
992 675 1135 758 ,epistola
1157 673 1198 737 ad
1221 669 1419 747 Ferreolum,

317 773 526 842 nihilominus
546 787 721 858 supersunt
741 778 849 843 adhuc
869 777 1084 860 responsionis
1103 775 1244 851 litterae,
1267 791 1347 853 quar
1365 773 1421 853 ipse

297 876 507 962 „Ferrandus
521 879 608 942 dedit
623 879 776 958 praelatis
789 878 952 944 diaconis:
969 877 1056 942 unde
1070 893 1235 956 exponere
1253 875 1332 940 licet
1343 871 1422 956 quid·

319 977 397 1060 quid
418 978 478 1059 ipsi
498 997 541 1042 ox
573 975 681 1059 vigilii
702 987 734 1044 ei
754 977 928 1043 iustiniani
962 977 1112 1042 mindun
1144 967 1363 1056 significarunt
1386 974 1423 1036 ai·

238 1129 240 1132 .
319 1077 393 1142 dem
409 1075 574 1142 Ferrando
590 1078 630 1140 de
646 1077 743 1141 triam
759 1077 986 1158 Capituiorurn
1002 1075 1217 1140 damnatione.
1233 1072 1327 1138 Patet
1339 1074 1420 1146 enim,

318 1185 354 1241 ei
373 1175 474 1257 paulo
493 1185 568 1240 ante
587 1176 668 1253 dixi,
692 1177 867 1242 lormnlant
889 1177 920 1239 io
941 1177 1009 1257 ipsa
1043 1174 1178 1258 opininio
1200 1173 1355 1238 contineri
1373 1170 1421 1235 ln·

320 1277 432 1353 dicati,
453 1296 594 1358 quacum
609 1297 647 1343 aa
669 1277 819 1358 Capitale
834 1277 1104 1342 anathematizata
1126 1275 1261 1340 inerunt
1273 1293 1293 1338 a
1306 1272 1420 1356 Vigilo:

320 1387 406 1459 noae
427 1379 568 1444 iormnta
589 1379 770 1459 subscripta
793 1378 835 1442 ab
855 1379 924 1459 ipso
939 1376 1023 1459 Papa
1045 1387 1078 1442 et
1098 1376 1370 1458 fflnsmntinopoii
1383 1393 1423 1438 ra·

319 1480 434 1559 partia,
450 1479 633 1560 longinquis
653 1479 880 1547 committenda
896 1488 967 1543 erat
982 1479 1139 1559 episcopia
1154 1495 1214 1559 pro
1234 1475 1420 1542 adhaesione.

321 1576 366 1643 Et
387 1580 450 1644 ltoc
480 1581 611 1644 eruitur
632 1599 673 1644 ea
695 1580 796 1659 ipsios
818 1577 974 1644 Ferrandi
1004 1597 1179 1661 responsor
1205 1596 1248 1642 cx
1280 1594 1345 1659 qno
1370 1593 1423 1638 an·

312 1679 411 1758 ,plius
432 1687 464 1744 et
485 1679 627 1744 iudicati
648 1697 760 1744 sensns
781 1680 923 1756 elucent,
949 1677 1123 1760 vigiliique
1147 1679 1317 1759 sapientia,
1339 1675 1420 1748 unde,

314 1781 497 1860 -praernisso
507 1779 734 1860 capitulorum
749 1781 966 1856 anathemate,
979 1780 1149 1845 incolumia
1162 1779 1194 1843 in
1209 1779 1357 1844 omnibus
1367 1776 1421 1840 anis

314 1881 472 1959 ‚partitus
491 1889 662 1962 superarat
688 1881 766 1948 lidcs
787 1878 907 1966 Synodi
930 1880 1213 1961 chalcedonensis;
1235 1881 1282 1944 iia
1303 1890 1339 1944 ut
1356 1875 1421 1940 niltii

323 1982 399 2046 nori
420 2000 440 2045 a
461 1984 585 2048 cunctis
617 1982 809 2046 crederetur
829 1981 940 2060 luisse,
972 2000 1032 2048 nec
1052 1983 1158 2048 ullum
1179 1977 1421 2065 praescriptionis

194 2171 198 2182 ι
323 2099 424 2162 genus
444 2085 503 2166 ipsi
525 2083 655 2169 Spnodo
677 2091 913 2166 perpetratum.

403 2184 577 2252 Facundos
606 2206 697 2264 saro,
726 2205 801 2252 cnm
830 2187 859 2251 ei
884 2186 1070 2269 displiceret
1098 2187 1269 2252 amborum
1292 2185 1421 2250 diacono·

320 2304 395 2352 rum
417 2285 576 2368 Epistola,
597 2288 778 2368 negativam
790 2286 952 2352 ¹latrandi
974 2289 1212 2370 responsionem
1233 2285 1419 2367 complexus,

321 2389 486 2452 varimode
508 2407 568 2468 pro
582 2389 688 2452 lubitu
702 2407 777 2464 sno,
795 2407 891 2454 unam
906 2398 939 2454 at
958 2388 1096 2453 alteram
1118 2387 1233 2466 citans,
1247 2387 1421 2468 interprete·

323 2496 376 2552 ins
397 2497 458 2562 cst,
475 2491 591 2568 partim
604 2493 780 2569 monicum
798 2489 918 2568 Pelagii
935 2494 967 2552 ei
982 2489 1123 2552 dnaioiii
1138 2488 1296 2569 epistolae
1308 2503 1418 2552 sensnm

320 2603 545 2669 corrumpens,
561 2593 676 2670 partim
689 2590 822 2666 addans,
843 2607 928 2672 qnae
943 2588 1131 2654 Ferraadus
1152 2607 1216 2655 uon
1234 2589 1369 2670 scripsit.
1387 2583 1421 2650 Ei

321 2688 410 2753 clare
432 2690 494 2755 ltoc
522 2691 810 2772 comprehenditur
831 2692 885 2757 ubi
916 2691 993 2756 dicit
1015 2689 1199 2767 Facundus,
1231 2691 1316 2756 itanc
1338 2689 1419 2754 trinu

322 2789 550 2872 Capitnlornm
580 2793 801 2870 quaestionem
823 2801 855 2856 et
885 2791 959 2856 hinc
980 2791 1231 2866 damnationem,
1262 2790 1421 2854 haeretico·

324 2908 398 2954 rum
420 2891 519 2956 luisse
538 2894 744 2974 surreptione
758 2902 953 2958 commotam
975 2901 1007 2956 et
1027 2893 1192 2973 speciatim
1213 2893 1254 2956 alt
1270 2892 1420 2957 haereticis

295 2993 483 3073 =acspltalis
504 3001 537 3056 ei
567 2995 769 3074 origenistis3
801 2996 888 3075 qnod
910 3013 1045 3076 prorsus
1073 2996 1279 3060 laisissimnm
1308 3002 1365 3068 est,
1388 2989 1421 3054 si·

321 3095 387 3156 cuii
410 3093 442 3155 iu
469 3094 651 3174 praemissis
672 3095 923 3160 discussionibus
948 3096 1145 3161 ostendimus
1167 3104 1236 3160 ium
1268 3095 1365 3160 relate
1389 3089 1421 3153 ad

320 3189 486 3268 Hennam,
510 3201 578 3272 iutp
599 3194 640 3256 ad
661 3193 878 3260 lastinianum
901 3197 1023 3260 aliosve
1044 3197 1213 3278 episcopos
1240 3203 1274 3259 et
1302 3192 1422 3258 marinna

321 3292 424 3356 relate
438 3295 477 3356 ad
499 3292 707 3360 Theodorum
724 3296 959 3378 Cappadociae.
983 3297 1056 3362 Non
1069 3300 1153 3362 enim
1175 3297 1357 3378 acephalos,
1374 3309 1421 3356 nac

322 3393 504 3458 haereticos
527 3397 688 3477 cujusque
710 3400 835 3476 generis
858 3409 934 3463 iuno
955 3400 1042 3462 norit
1066 3398 1209 3465 Ecclesia
1231 3400 1262 3462 io
1278 3394 1422 3480 Capitulu-

321 3511 395 3558 rum
412 3477 615 3564 damnatione
637 3509 824 3580 consortes3
840 3519 946 3579 nequa
967 3517 1008 3564 ax
1025 3501 1072 3563 itis
1085 3517 1267 3565 sermonem
1288 3498 1421 3563 instituis·

320 3613 355 3658 aa
377 3593 580 3661 Farrandnm
603 3605 701 3678 patet.
723 3599 824 3665 Sicuti
847 3602 964 3664 laisum
995 3608 1044 3666 asi
1064 3601 1137 3678 laos,
1157 3620 1241 3684 quos
1268 3598 1420 3682 aesptatos

323 3702 419 3758 rossi
440 3693 627 3775 Facundus,
661 3700 742 3762 itanc
763 3701 930 3766 immisisse
960 3703 1181 3782 quaestionem
1203 3711 1312 3768 contra
1333 3697 1420 3762 idalia

321 3793 440 3878 Synodi
471 3797 731 3864 chalcedonensis
762 3803 1003 3866 statuissem
1022 3803 1090 3883 iarn
1116 3803 1375 3882 praeclarissime,
1394 3815 1419 3860 a·

323 3896 426 3972 tiamsi
451 3899 553 3964 tribus
574 3901 731 3983 Capitulis
746 3903 915 3980 damnatis,
938 3903 1064 3968 iirmaut
1084 3895 1194 3967 'tamen
1208 3911 1242 3970 et
1261 3889 1298 3966 in‘
1310 3919 1366 3968 sno
1384 3907 1419 3960 ie

320 4011 400 4060 nora
420 3995 577 4080 integram
598 4002 722 4065 servari
744 4002 832 4066 illius
853 4001 987 4068 Consilii
1009 4001 1117 4079 fldem,
1140 4020 1203 4069 nna
1224 4020 1297 4068 cnm
1320 3997 1417 4082 Vipiiio

319 4096 431 4174 ceteri,
453 4097 511 4179 qui
532 4109 763 4182 coercuerunt,
783 4103 860 4185 jore
883 4103 1092 4172 declararunt
1110 4104 1275 4171 antistites.
