3066 4950
1158 363 1221 434 stt

189 469 331 554 Quarto,
346 479 378 542 et
399 473 481 542 illud
495 461 727 541 attendendum
741 463 915 555 sutdogtse
936 488 1049 554 mnus,
1071 469 1159 553 qnod
1180 472 1223 538 da

108 575 283 644 'Ebeodnrn
302 578 481 645 Caesareae
501 577 725 661 Cappadociae
745 576 896 658 episcopo
912 573 1084 638 Liberatus
1104 581 1138 638 ct
1158 573 1220 659 Cp·

108 680 204 744 rillus
215 689 386 744 ostentant.
400 680 573 746 Liberatus
593 679 720 744 enimin
734 697 763 743 c.
778 675 898 742 XXIV.
913 673 1090 754 Brcm'ors's'⁹
1103 677 1219 760 inquitr

109 801 127 842 ι
143 778 336 846 Tbeodnrus
349 779 528 846 Caesareae
549 779 773 863 Cappadociae
785 778 936 860 origenis
951 778 1103 843 dcicnaor
1116 787 1149 844 et
1164 779 1223 844 Ρο-

107 882 196 964 iagio
216 883 366 948 aemulas
382 901 577 964 cognescens
598 884 703 962 ipsum
716 879 890 963 Origenem
909 879 1007 944 inisse
1019 880 1221 958 damnatum,

107 985 225 1049 dolore
239 985 451 1050 damnationis
465 985 536 1066 ejus
550 984 589 1047 ad
602 983 768 1049 Ecclesiae
783 982 1075 1060 conturbationem,
1092 983 1223 1048 damua-

107 1086 229 1149 tiouem
253 1087 385 1176 molitus
406 1095 455 1150 eat
474 1087 506 1148 in
526 1083 736 1150 Theodorum
759 1091 1023 1165 mopsuestenum
1043 1091 1106 1148 etc.
1124 1102 1141 1142 ιι
1161 1081 1225 1168 Cg-

108 1187 208 1251 riilus
224 1205 302 1250 sero
323 1188 400 1252 dicit
414 1207 444 1252 u.
459 1185 510 1254 85.
528 1185 621 1250 Vitae
635 1186 720 1250 beati
740 1184 877 1250 Sabbaea
895 1183 1222 1268 consensumque·

107 1305 177 1366 que
197 1289 403 1353 subscribere
423 1289 554 1353 decreto
576 1286 788 1351 anathematis
802 1285 834 1348 iu
855 1285 1046 1367 origenistas
1067 1283 1221 1350 Domitia·

107 1405 171 1452 uns
192 1399 225 1452 ot
237 1385 442 1463 Theodorus,
456 1405 599 1469 quorum
615 1396 722 1452 tumeo
740 1386 906 1453 simulatio
927 1387 1052 1452 cunctis
1073 1387 1220 1468 patuit.»

107 1486 164 1552 Ex
186 1487 336 1554 Liberata
350 1507 430 1571 crgo
450 1497 587 1570 apparet
607 1486 795 1568 Origenem,
816 1487 915 1552 inscio
936 1484 1122 1566 Theodoro,
1146 1488 1225 1566 ipis·

107 1607 145 1652 sc
166 1588 367 1668 damnatum,
389 1600 423 1654 et
443 1591 516 1655 binc
540 1590 633 1655 ratde
664 1589 831 1669 doluisse3
853 1606 891 1654 ac
912 1588 986 1654 ideo
1007 1588 1047 1653 ad
1070 1589 1151 1655 banc
1173 1589 1224 1654 ul·

108 1688 292 1754 ciseeudam
304 1693 555 1770 damnationem,
566 1692 723 1755 adsersus
734 1688 943 1756 Theodorum
960 1699 1224 1771 mopsuestenum

108 1808 203 1855 arma
225 1794 367 1862 vertisse.
389 1791 533 1880 Cyrillus
556 1811 632 1860 roro
653 1793 731 1858 dicit
750 1789 958 1857 Theodorum
988 1792 1138 1857 decidam
1168 1811 1222 1858 eo·

110 1893 261 1974 gnorisae
275 1903 308 1958 ct
326 1894 553 1976 subscripsisse
573 1896 770 1960 anathemati
791 1893 1023 1976 biopsnesteoi.
1039 1892 1121 1960 Cum
1143 1911 1223 1975 ergo

107 2013 223 2062 cernas
244 1994 405 2079 Cyriilum
427 1995 578 2061 Liberato
600 2001 775 2074 contraire,
790 1997 872 2062 baec
893 1997 1038 2061 narranti
1058 1997 1099 2060 de
1115 1995 1226 2060 Domi·

109 2098 200 2162 tiano
221 2105 254 2160 et
274 2095 448 2161 l'beodorn
471 2099 587 2162 tiscida
602 2098 783 2165 Caesareae
802 2102 966 2181 episcopo,
988 2099 1071 2164 scias
1091 2115 1225 2180 quoque

109 2199 143 2263 itt
157 2197 292 2263 decreto
305 2201 494 2283 apocrypho
514 2201 576 2264 sub
591 2197 698 2280 Vigilii
720 2203 848 2266 unmiue
868 2199 1025 2264 adversus
1040 2195 1226 2266 nuncius·-

112 2299 257 2364 odurum
271 2301 356 2365 circa
379 2318 497 2364 aurium
509 2298 580 2366 551.
604 2301 660 2367 ubi
681 2308 798 2366 cuncta
819 2307 1045 2365 memorantur
1060 2317 1227 2380 praesum·

111 2407 169 2484 pta
191 2402 290 2477 urata,
316 2419 402 2484 quae
415 2402 487 2482 iste,
505 2403 606 2466 inrito
628 2402 795 2480 Pontibus,
818 2403 949 2468 molitus
970 2399 1054 2467 esset
1073 2401 1104 2464 Ιιι
1126 2401 1226 2466 trium

109 2502 341 2585 Capitnioruus
361 2521 473 2582 causa,
488 2504 631 2570 scandali
650 2514 684 2570 et
702 2505 867 2570 seditionis
888 2505 920 2569 ln
942 2503 1087 2570 Ecclesia
1107 2522 1226 2587 proro-

111 2613 218 2684 catur‚
242 2612 276 2671 et
296 2606 351 2671 nbi
367 2614 476 2672 cetera
496 2617 707 2687 exponuntur
719 2607 762 2670 ab
780 2605 985 2688 episcopatus
1006 2607 1097 2670 initio
1118 2623 1159 2670 eo
1174 2625 1227 2672 us·

111 2725 180 2788 que
199 2716 384 2788 perpetrata
406 2715 518 2771 contra
541 2723 691 2786 canones,
706 2709 741 2772 iu
754 2728 795 2774 eo
813 2707 948 2776 decreto
973 2707 1070 2786 scias,
1091 2706 1131 2772 de
1151 2706 1226 2772 Ori·
1277 2767 1279 2770 .

111 2810 257 2890 genistae
277 2809 550 2876 insimulationem
571 2812 690 2887 omitti,
711 2828 797 2893 quae
816 2829 893 2876 saue
912 2829 976 2876 nou
1000 2810 1172 2874 ridebatur
1191 2828 1227 2873 o·

112 2911 281 2990 mittenda,
294 2912 321 2975 si
344 2929 457 2992 reapse
470 2907 662 2978 Tbeodnrns
678 2911 796 2980 deoida
818 2914 894 2980 talia
914 2911 1063 2996 origenis
1082 2911 1226 2978 admisis-
1306 2979 1311 2988 ,

108 3020 160 3078 sot
180 3013 333 3080 absurda.
963 3047 967 3056 ·

191 3111 326 3193 Quinto,
347 3117 424 3182 item
445 3116 672 3184 obseruatione
691 3117 824 3200 dignum
845 3125 907 3195 est,
921 3117 1008 3201 quod
1032 3119 1098 3200 ipse
1119 3115 1225 3202 Cpril·

109 3213 165 3280 lus
184 3233 217 3278 n.
231 3215 283 3288 tt.
296 3218 414 3299 inquit,
433 3217 571 3284 instante
591 3215 787 3294 iusticiam,
809 3221 842 3283 iu
855 3205 1002 3284 Concilio
1022 3218 1137 3299 quinto
1159 3217 1223 3284 Ne·

110 3319 204 3382 storii
224 3318 391 3384 damnatas
412 3318 608 3401 ct0rlgenis
630 3321 790 3384 haereses.
813 3317 909 3396 Quod
929 3321 1081 3400 superins
1104 3320 1223 3385 laisum

110 3419 224 3484 baberi
245 3421 321 3484 satis
335 3421 594 3486 demonstratum
615 3431 674 3484 est.
688 3419 813 3485 Verum
834 3428 867 3485 et
888 3420 971 3486 illud
985 3423 1118 3499 mirum,
1134 3423 1223 3503 quud
1255 3495 1263 3518 .

109 3521 142 3583 in
158 3521 222 3586 uita
240 3521 406 3607 Eutbymii
421 3541 452 3586 ιι.
468 3521 538 3590 lbi.
562 3524 687 3587 scribit:
705 3543 722 3584 u
738 3519 900 3603 Tempore
928 3539 1008 3586 vero
1022 3539 1225 3603 consequeu-

111 3623 134 3685 ti
156 3625 365 3686 oecumenica
394 3631 503 3688 sancta
525 3621 675 3704 synodus
704 3630 899 3704 congregata
920 3629 970 3687 est
980 3643 993 3704 3
1016 3631 1050 3687 et
1071 3641 1130 3704 per
1150 3641 1223 3688 eam

108 3721 260 3803 Origeuis
281 3729 312 3788 et
326 3722 469 3790 Nestorii
490 3725 696 3805 dogmatibus
717 3726 923 3790 anathemate
944 3726 1106 3806 percussis
1127 3731 1223 3790 cte.»

111 3823 249 3904 insuper
264 3823 296 3888 iu
317 3824 462 3906 praelata
483 3823 610 3890 Sabbas
632 3823 704 3889 Vita
720 3845 751 3890 n.
771 3821 824 3894 90.
846 3826 966 3890 subdit:
986 3823 1132 3907 «ltaque
1146 3843 1222 3892 cunr

107 3934 218 3990 saneta
246 3932 279 3989 et
299 3927 493 3992 universalis
522 3928 634 4008 quinta
655 3926 806 4010 synodus
839 3926 1117 4010 Constantinopoli
1137 3937 1223 3994 essct

107 4033 316 4108 congregata,
348 4027 512 4090 communi
533 4036 566 4091 et
595 4026 739 4106 generali
759 4028 954 4092 anathemati
976 4027 1125 4092 submissi
1144 4039 1222 4093 suut

107 4129 267 4209 Origenes
281 4137 314 4194 et
323 4126 516 4194 tuendorun
530 4138 776 4210 mopsuestenus
791 4147 866 4195 cum
879 4131 930 4208 iis,
944 4149 1030 4212 qnae
1044 4132 1084 4194 de
1108 4147 1222 4212 praee·

108 4230 259 4298 sistentia
291 4236 324 4296 et
345 4229 550 4298 restitutione
580 4230 663 4296 dicta
688 4240 764 4298 suot
787 4231 828 4296 ab
848 4231 992 4314 Evagrio
1016 4240 1047 4297 et
1069 4231 1220 4317 Didymo,
