3138 4950
330 397 391 471 ill

324 505 403 567 hacc
425 502 482 565 nit:
500 499 649 580 Osipsncs
673 499 784 564 ibidem
806 501 840 566 in
869 500 1001 566 ecclesio
1021 500 1126 566 cuncti
1143 497 1309 582 Sepulchri
1330 501 1448 584 requic-

329 603 389 666 scit
404 603 440 665 in
458 621 549 663 sacro
569 602 750 665 conclusus.
775 601 976 668 Christianus
992 602 1198 666 lidricovnius
1220 602 1358 666 batavus
1371 599 1449 665 Tcr·

331 723 386 768 rac
407 703 542 770 Sanctae
557 703 717 767 lustrator
738 721 873 768 nnrrsns
885 709 1024 774 mortem
1044 711 1079 768 et
1097 705 1305 785 sepulturam
1319 705 1352 768 in
1367 703 1446 766 urbe

327 804 405 890 Tyri
428 807 633 886 insperatnvis
655 803 814 870 Eriderici
837 804 1054 870 Barbarossvs
1073 807 1179 882 sueri,
1201 805 1309 869 addite
1335 803 1393 870 titt
1420 813 1447 866 ct

326 907 453 970 illustre
475 904 625 988 Oripenc's
643 907 843 988 sepulchrum
865 909 937 987 (qui
958 916 1032 972 anta
1053 925 1153 972 annos
1174 915 1351 987 nongentos
1370 923 1449 987 ιιιιι-

329 1010 475 1090 draginta
499 1019 648 1073 mortuus
669 1009 750 1082 eret)
772 1009 807 1074 in
828 1007 972 1073 licclcsie
992 1027 1017 1072 s.
1032 1006 1210 1090 Sepulchri,
1228 1005 1356 1089 insipni
1373 1007 1449 1071 tito·

329 1113 359 1174 lc
379 1111 415 1174 in
437 1109 613 1174 marmoree
635 1111 783 1173 edernae
807 1127 889 1175 core
908 1107 1096 1193 pensatisque
1116 1107 1357 1186 omnimedens
1383 1119 1449 1173 ιιιιιι

330 1211 497 1276 clariores.
516 1211 655 1278 ioannes
670 1211 891 1278 cotoniensis
906 1211 1081 1276 itinerario
1094 1209 1371 1292 hierosolymitano
1384 1229 1450 1276 am·

330 1317 415 1395 pluro
446 1317 553 1394 exegit
580 1316 829 1394 descriptionem
859 1316 949 1378 urbis
970 1313 1061 1401 Tyri,
1086 1315 1119 1378 io
1144 1331 1209 1396 qna
1236 1315 1317 1378 nuce
1339 1321 1451 1377 notan·

331 1427 403 1480 turs
421 1439 438 1478 a
459 1416 561 1480 Etiam
578 1417 673 1480 laodic
694 1426 806 1480 extent
823 1418 953 1498 vestigia
975 1417 1119 1482 deornm
1142 1417 1354 1496 templorum,
1370 1433 1451 1497 quo·

331 1541 404 1584 vum
428 1519 539 1600 majus*
555 1519 650 1581 titulo
672 1518 844 1598 Sepulchri
865 1520 1017 1582 dominici
1041 1520 1140 1583 inerit
1160 1518 1354 1583 decoratum
1365 1537 1377 1596 3
1394 1518 1451 1582 mi·

332 1641 391 1684 nus
417 1621 493 1684 divo
513 1619 640 1684 *loanni
672 1620 832 1700 discipulo
865 1616 992 1684 Domini
1023 1622 1179 1694 dicatum,
1208 1629 1241 1684 et
1269 1630 1449 1702 utrumque

332 1723 480 1803 reliquiis
509 1725 692 1787 maltorum
729 1731 914 1808 martyrum
940 1723 1001 1787 sub
1037 1719 1239 1786 Diocletiano
1264 1739 1447 1802 passorum,

332 1825 495 1906 quondam
512 1825 651 1889 clarens.
670 1824 709 1888 Et
724 1825 824 1888 addit:
844 1823 878 1887 ln
895 1824 1012 1906 majori
1037 1839 1119 1907 pone
1134 1825 1239 1889 altare
1252 1813 1451 1902 ιιιιιὶιιιιιι,

327 1929 438 2008 ιιιιςιιὶ
457 1927 610 2008 Origcnis
631 1946 754 2008 corpus
776 1929 943 1992 conditum
967 1925 1088 2006 icrunt.
1104 1925 1185 1994 Vide
1204 1927 1303 1992 etiam
1319 1925 1451 1992 Franci·

330 2047 421 2112 scum
445 2028 675 2106 Queresmium
700 2030 882 2092 minoritam
906 2029 1006 2093 Libro
1028 2027 1099 2092 Vll.
1121 2038 1219 2094 cic.»

335 2157 339 2164 ·
410 2130 469 2196 llis
499 2151 601 2212 porro
627 2133 814 2196 testimoniis
838 2132 876 2196 de
897 2129 1047 2212 Origcnis
1068 2131 1247 2214 sepulchro
1267 2130 1449 2197 addendum
1557 2185 1558 2188 ,

333 2243 394 2310 cst,
416 2235 503 2314 quod
525 2251 631 2315 nuper
651 2250 711 2315 per
731 2233 858 2298 litteras
878 2235 989 2313 accepi
1008 2252 1026 2298 a
1048 2234 1228 2299 clarissimo
1249 2241 1282 2298 ct
1303 2251 1453 2300 reveren·
1557 2249 1558 2288 ι

335 2337 456 2399 tissime
473 2335 658 2416 patriarcha
681 2335 968 2420 hierosolymitano
985 2333 1129 2417 tosspno
1145 2331 1313 2416 Vallergac
1330 2337 1387 2416 qui
1404 2336 1455 2400 ic·
1557 2399 1558 2408 ἢ

232 2530 236 2536 ¹
334 2443 428 2518 nignc
457 2441 534 2503 huic
562 2457 634 2504 mco
660 2438 858 2502 'satisfaciens
885 2437 1057 2514 desiderio,
1084 2437 1213 2517 scripsit
1241 2437 1281 2501 ad
1314 2439 1454 2503 Athana·
1557 2513 1558 2530 χ

334 2543 418 2602 siuns
440 2537 518 2625 Tyri
539 2539 819 2621 archiepiscopum
851 2549 900 2614 ut,
933 2555 1018 2619 quae
1041 2537 1141 2620 vulgo
1162 2547 1341 2603 narrantur
1367 2537 1452 2619 apud
1557 2553 1558 2572 ι

337 2643 441 2726 tyrios
461 2643 506 2713 de,
519 2641 580 2704 hoc
601 2640 793 2721 sepulchro,
809 2641 978 2704 indicaret.
1000 2639 1172 2704 Praesumo
1192 2641 1457 2724 archiepiscopus

336 2763 395 2824 per
415 2761 514 2826 quaen
535 2743 676 2806 sollicite
698 2729 908 2824 respondens,
935 2741 1111 2806 universim
1134 2742 1296 2824 (pluribus
1319 2745 1453 2810 testibus

333 2845 501 2922 adductis)
525 2845 687 2925 praelatas
710 2843 903 2908 confirmans
925 2844 1140 2919 narrationes,
1162 2843 1282 2924 adjecit
1301 2844 1389 2908 istud
1410 2864 1456 2910 sc·
1557 2831 1558 2838 ἶ

334 2947 512 3028 pulchrum
538 2949 636 3010 situm
659 2961 729 3026 csse
756 2943 795 3006 ad
818 2945 970 3026 episcopii
989 2945 1078 3022 ¹latus
1096 2935 1163 3008 'aun
1191 2943 1327 3008 aedibus
1352 2959 1454 3026 quon·

332 3049 408 3110 dam
429 3048 648 3126 spectantibus
669 3046 708 3109 ed
732 3045 910 3110 monuctsos
931 3045 1181 3121 salvatorium,
1204 3063 1291 3110 nnnc
1314 3063 1394 3109 sevo
1413 3044 1452 3108 ed

336 3148 459 3214 Nciruz
482 3147 573 3228 tiphis
585 3167 596 3229 3
626 3148 680 3212 nbi
709 3145 888 3227 antiquitus
911 3147 1047 3210 ccclesia
1072 3146 1133 3211 suls
1154 3145 1304 3228 Origcnis
1327 3147 1453 3211 nomine

334 3259 488 3315 extructa
511 3250 631 3326 inerat,
654 3258 833 3331 sanctoque
855 3246 973 3320 Joenni
995 3249 1112 3313 dicata.
1249 3307 1251 3310 .

417 3354 522 3417 Sintoi
544 3355 654 3434 itaque
673 3360 823 3432 sumptae
854 3353 1050 3433 praemissae
1072 3353 1287 3427 narrationes,
1310 3351 1457 3432 quamvis
1557 3357 1558 3436 ι

336 3455 369 3518 in
391 3454 584 3534 quibusdum
605 3453 801 3530 discordent,
818 3452 850 3516 in
874 3455 935 3540 hoc
953 3461 1059 3516 tamen
1074 3455 1272 3518 conveniunt
1294 3461 1331 3515 ιιι
1351 3459 1454 3516 osten·

335 3556 428 3629 dont,
450 3572 547 3636 quam
563 3555 814 3630 'enucleandam
837 3553 1131 3634 stabiliendamqne
1155 3552 1296 3634 suscepi,
1322 3570 1386 3614 non
1405 3569 1454 3614 so·

338 3657 408 3719 lum
429 3657 578 3737 Origenis
600 3655 791 3738 doctrinam,
806 3655 861 3719 sed
886 3661 919 3718 ct
941 3657 1106 3737 pictatem3
1122 3653 1241 3736 quibus
1262 3654 1294 3717 in
1310 3651 1452 3717 Ecclesia

340 3757 517 3842 praeluxit,
533 3764 565 3819 et
580 3757 611 3819 in
624 3774 689 3837 qna
705 3756 877 3820 defunctus
894 3763 951 3820 est.
969 3754 1179 3836 Proindeque
1192 3773 1257 3819 nou
1276 3755 1336 3819 uisi
1350 3757 1454 3820 obtre-

334 3858 532 3933 ctatoribus,
556 3857 736 3934 malevolis,
761 3858 874 3920 invidis
895 3865 928 3920 ot
949 3857 1054 3921 illusis
1080 3857 1273 3922 inscribendi
1293 3859 1452 3938 suenoni

340 3962 381 4024 ah
401 3967 508 4024 uctutc
526 3957 696 4040 Theophili
719 3959 909 4038 praesertim
939 3961 969 4022 in
992 3959 1111 4040 vulgos
1131 3959 1373 4035 diffunduntur,
1386 3959 1453 4042 ejus
1557 4015 1558 4060 ,

340 4065 373 4124 in
394 4062 456 4126 lide
475 4077 620 4138 errores,
641 4061 778 4142 eiusque
793 4061 900 4126 obitus
922 4068 1014 4125 extra
1038 4059 1218 4126 Ecclesiam
1240 4057 1451 4136 Catholicam,

343 4171 379 4226 ut
398 4164 444 4228 sic
465 4161 629 4237 demetur,
644 4162 732 4243 quod
755 4161 797 4226 ab
817 4163 907 4227 initio
926 4161 1030 4229 ieculi
1052 4160 1110 4226 tv.
1125 4181 1151 4226 s.
1168 4162 1359 4244 Pamphilus
1373 4177 1453 4226 mar·

344 4273 399 4346 ιιι
420 4281 516 4346 saepe
546 4265 744 4346 celebrates,
767 4265 798 4329 in
819 4267 955 4348 prologo
976 4265 1181 4349 Apologetici
1202 4265 1243 4334 de
1262 4283 1303 4334 co
1322 4265 1453 4332 scribite
