3028 4942
323 503 363 566 ad
385 501 590 568 Anastmium
610 501 742 583 Papam.
766 501 962 585 inquibus,
984 503 1080 568 sicuti
1102 504 1134 568 iu
1155 499 1298 565 Historia
1323 499 1431 565 Hecie·
1505 555 1506 576 y

278 635 282 640 ·
322 603 450 667 siastioa
470 603 648 670 obtestatus
668 611 738 681 est,
762 607 926 670 recensuit
946 623 1031 686 quae
1052 605 1095 669 ub
1120 602 1216 668 fldem
1241 603 1430 669 catholicam
1505 655 1506 668 ,

323 723 435 786 passus
456 716 505 770 cst
524 707 555 769 io
571 706 718 789 Aegypto
739 708 780 770 ab
802 709 934 771 arianis:
951 729 968 768 ιι
981 707 1137 785 Quamvis
1153 706 1231 777 tides
1252 711 1364 772 uestra
1380 705 1432 782 (ait

323 805 492 885 lluffiuar)
515 809 745 887 persecutionis
766 810 1005 874 baereticorum
1027 817 1192 891 tempore,
1215 827 1291 873 cum
1311 809 1343 872 in
1365 825 1433 872 sau·

325 916 377 972 cta
392 907 599 972 alexandrina
623 905 766 972 Ecclesia
784 908 987 989 degeremus,
1003 913 1034 974 iu
1056 911 1243 974 carceribus
1261 917 1294 972 et
1313 909 1346 970 iu
1368 907 1432 972 eai-

323 1009 386 1085 itis,
403 1027 487 1088 quae
507 1027 567 1088 pro
589 1009 651 1072 tide
673 1010 907 1087 miserebantur,
930 1013 1062 1091 probriu
1083 1013 1136 1089 sit,
1162 1019 1266 1077 tamen
1295 1017 1329 1074 et
1349 1027 1433 1072 unna

324 1111 424 1191 siquis
445 1118 504 1186 est,
526 1111 583 1191 qui
606 1111 659 1196 rei
680 1111 773 1176 fidem
795 1123 938 1177 nostram
955 1121 1080 1178 tentare
1101 1112 1223 1191 cupiat,
1239 1113 1320 1176 solat
1340 1120 1432 1174 etc.»

404 1209 600 1290 Huiusmodi
628 1209 748 1274 Iiuibui
774 1213 1007 1278 contessionem
1035 1213 1210 1277 admodum
1231 1219 1434 1276 condemnem
1506 1249 1507 1278 i

323 1308 543 1396 Hieronymus
555 1312 587 1374 in
601 1309 700 1376 Libro
716 1311 758 1376 li.
773 1333 803 1375 ιι.
815 1313 847 1379 3.
861 1315 1017 1380 adsersus
1032 1334 1105 1380 eum
1123 1313 1254 1380 elamat:
1269 1335 1286 1374 ιι
1299 1312 1393 1390 Quae
1405 1331 1435 1374 e·

326 1411 417 1488 xiiia,
430 1429 512 1490 qnos
527 1415 588 1476 iste
603 1429 750 1476 carceres
770 1417 911 1487 nominat
924 1414 940 1480 'l
956 1415 1061 1480 Pudet
1074 1433 1126 1479 me
1141 1415 1333 1494 apertissimi
1350 1429 1434 1476 meu·
1506 1403 1507 1446 3

325 1513 407 1578 dacii
421 1533 429 1574 ι
445 1512 538 1592 quasi
559 1529 719 1590 carceres,
741 1517 840 1581 exilia
861 1518 984 1597 absque
1002 1516 1155 1598 judicum
1169 1515 1334 1580 sententiis
1355 1517 1435 1577 irro-

326 1627 452 1701 gentur·
475 1613 559 1688 Volo
578 1629 687 1684 autem
710 1622 796 1700 ipsos
815 1623 898 1684 scire
919 1637 1067 1685 carceres
1089 1629 1122 1683 et
1146 1635 1287 1699 quarum
1309 1618 1435 1698 proriu-

326 1724 451 1786 oiarum
470 1743 505 1788 se
526 1724 611 1788 dicat
631 1725 728 1788 exilio
750 1723 952 1787 sustinuisse.
976 1721 1020 1786 Et
1039 1721 1169 1804 quidem
1193 1720 1291 1782 babet
1310 1720 1433 1798 copiam

327 1823 366 1886 da
382 1824 492 1888 multis
506 1825 691 1890 carceribus
705 1834 737 1888 et
751 1819 880 1888 infinitis
893 1825 999 1889 exiliis
1014 1841 1115 1886 nuum
1135 1819 1259 1918 aliquid
1273 1820 1433 1884 nominan-
1506 1833 1507 1860 ι

327 1925 371 1988 di.
389 1924 510 1989 Prodat
523 1926 615 1990 uobis
628 1926 835 1992 couiessionis
849 1944 929 1991 suae
949 1933 1033 2006 aeta,
1054 1931 1093 1987 ut
1113 1925 1198 1988 inter
1211 1923 1293 1986 aiios
1307 1921 1433 1984 alexau-
1506 1959 1507 2016 ἰ

327 2025 436 2090 drluos
451 2036 622 2111 martyres,
638 2027 736 2109 bojus
749 2045 881 2109 qnoque
896 2035 984 2108 gesta
1000 2029 1183 2092 recitemus.
1200 2041 1217 2084 ιι
1233 2023 1431 2103 Hermique,

328 2146 395 2207 qno
415 2128 490 2190 odio
503 2127 625 2192 Lucius
639 2129 770 2191 arianus
786 2131 955 2210 episeopus
977 2137 1054 2194 tuuc
1068 2129 1100 2192 io
1113 2126 1304 2202 catholicos,
1318 2126 1352 2186 iu
1366 2124 1431 2204 qui·

327 2228 388 2290 bus
409 2226 587 2305 linblunm,
608 2231 760 2304 saeviret,
782 2229 936 2293 audiatur
950 2228 1115 2293 Palladius
1136 2228 1303 2309 inquiens:
1323 2223 1432 2288 «Nau

328 2336 361 2392 et
379 2330 440 2394 iste
456 2328 577 2393 Lucina
593 2337 669 2394 tuuc
689 2330 806 2406 adluit,
820 2341 1008 2395 sanctorum
1021 2333 1189 2396 bominum
1201 2338 1331 2394 coctum
1348 2327 1431 2392 nulla

327 2431 531 2496 miseratione
553 2441 755 2512 prosecutus,
778 2434 910 2513 gravina
930 2451 1028 2514 qnam
1049 2433 1107 2513 ipsi
1130 2433 1260 2509 milites,
1285 2427 1433 2494 adlisit.»

330 2530 550 2609 Quamobrem
561 2549 624 2596 uec
641 2530 858 2619 Hieronymus
879 2533 1009 2613 quidem
1025 2533 1123 2598 Libro
1139 2533 1197 2599 lll.
1213 2551 1245 2596 u.
1260 2529 1313 2598 ᾖ.
1330 2537 1430 2611 nepai,

327 2633 415 2712 quud
432 2643 508 2697 tuuc
529 2633 568 2696 de
591 2632 710 2697 linibui
727 2635 954 2698 vexationibus
966 2635 998 2698 in
1013 2635 1158 2702 ecclesiis
1175 2631 1430 2714 praedicabatur,

329 2751 410 2815 quas
424 2733 644 2800 Alexandriae
658 2753 772 2817 passus
792 2743 886 2800 erat:
902 2737 956 2800 cni
978 2743 1084 2802 tamen
1106 2737 1223 2813 lamae,
1238 2735 1345 2800 nescio
1358 2748 1431 2813 qua·

330 2853 380 2913 re,
403 2834 722 2916 reluctari'putarit.
1507 2907 1508 2918 y

408 2933 538 3002 Cunctis
554 2937 603 3001 bia
624 2939 747 3017 positia,
766 2938 871 3019 iudex
886 2939 982 3004 modo
1001 2938 1118 3005 subeat
1131 2939 1250 3015 lector,
1266 2953 1343 3001 uum
1358 2931 1434 2998 liui-

329 3035 413 3100 iinns
433 3037 466 3100 in
479 3035 608 3102 Litteris
628 3037 837 3119 apologeticis
857 3039 897 3102 ad
919 3040 1125 3106 Anactorium
1140 3039 1260 3120 Papam
1281 3033 1430 3102 reiaieai

329 3139 548 3218 quaestionem
564 3138 797 3218 origenianam,
807 3141 943 3220 ingenua
958 3161 1037 3206 suae
1051 3140 1125 3206 iidei
1137 3135 1432 3222 prolessioueemis·

329 3255 377 3314 so,
400 3242 515 3304 merito
538 3243 590 3304 vei
609 3241 772 3308 immerito
792 3251 988 3322 conquestus
1009 3243 1051 3307 sit
1070 3242 1111 3306 de
1130 3243 1327 3306 adversariis
1345 3237 1429 3308 sais,

330 3357 401 3404 eam
415 3339 612 3408 labefactare
630 3345 764 3408 conatis.
