2982 4934
1114 320 1175 388 Ἀθ

402 433 407 438 ’
502 425 640 496 curet
663 426 733 492 XX.

69 625 152 692 liuor
181 625 326 708 epistolar
355 631 589 711 consereretur,
614 649 682 695 ooo
712 625 875 710 Theophili
897 625 1108 692 chaoadritti
1135 626 1180 688 od

94 750 129 792 a.
155 729 385 820 Hieronymum
409 731 563 795 Murrius
587 729 857 809 Cdrpaoatomm,
879 736 908 790 al
928 728 1030 792 attero
1047 723 1178 806 Chryse-

102 829 193 894 atomi
218 831 261 892 od
283 827 501 895 immerentium
523 829 647 911 Papam
665 830 818 894 oduerm
838 843 991 892 remmom
1014 824 1176 908 ttmptttt

102 929 340 1010 improbitatum:
356 949 491 1012 quemne
511 929 614 1013 mnpit
633 929 803 998 insolescit
819 929 1015 1012 propositum
1035 937 1179 994 merrom

100 1030 135 1094 ie
154 1050 254 1095 corso
274 1031 473 1113 oriprsiooo.
517 1079 522 1090 .

72 1291 208 1420 Oeae
229 1355 515 1436 pertimescendam
537 1356 673 1422 heminis
690 1356 782 1435 praui
804 1354 1037 1420 conditionem!
1054 1355 1097 1422 Et
1119 1357 1181 1420 hee

69 1455 289 1520 manifestatur
299 1474 398 1537 quom
413 1457 553 1520 maxime
564 1474 605 1520 ex
616 1457 797 1520 mutatione
809 1472 936 1530 scenos,
951 1464 988 1520 ut
1003 1456 1046 1519 ltu
1060 1458 1177 1532 dicam,

71 1573 160 1636 quam
183 1563 261 1620 tune
282 1557 381 1621 subiit
395 1555 589 1638 origenismi
603 1556 761 1637 quaestio.
777 1556 859 1621 Cum
880 1557 963 1619 enim
979 1554 1179 1639 Theophilus

71 1657 372 1738 Constantinopolim
394 1676 413 1722 a
433 1657 666 1744 chrysostomo
699 1665 874 1722 vocaretur
901 1659 1178 1725 criminationibus

72 1775 284 1840 responsurus
305 1758 506 1822 amouachis
527 1759 576 1822 illi
596 1758 767 1840 impositis,
788 1759 934 1822 conscius
961 1777 1040 1822 suae
1067 1770 1180 1825 centra
1210 1787 1216 1794 ·

70 1866 189 1922 sanctes
211 1861 298 1922 vires
318 1858 496 1940 perlidiue,
518 1877 592 1922 cum
613 1877 647 1922 se
668 1857 712 1922 ibi
731 1866 923 1938 superatum
944 1858 1178 1924 animadverte·

72 1966 128 2037 rel,
149 1966 183 2024 et
194 1959 268 2023 hine
282 1961 517 2024 monachorum
541 1960 742 2040 triumphum
758 1959 972 2037 oculumeiis,
988 1961 1109 2040 quihus
1123 1961 1181 2026 im·

73 2060 156 2138 politi
178 2059 333 2138 lucrant;
348 2059 497 2140 Origeuis
508 2078 546 2123 ae
567 2061 816 2139 origenistarum
831 2060 1020 2140 queastieno
1042 2061 1111 2126 lere
1127 2062 1182 2127 de·

75 2159 192 2236 relicta,
215 2166 328 2224 centro
350 2159 508 2225 ioannem
530 2160 684 2241 porfldiee
704 2178 784 2225 sure
807 2165 960 2224 uenenato
983 2161 1047 2225 tela
1070 2164 1181 2243 rouit3

76 2267 166 2341 alque
185 2249 290 2342 ipsius'
301 2261 419 2324 lumem
432 2262 601 2342 denigrare
622 2262 739 2341 queris
757 2262 914 2325 lnlsurum
929 2264 1181 2342 imputationum
1301 2286 1308 2296 ⁸

76 2378 185 2440 genere
205 2369 354 2427 cenatur.
375 2361 479 2440 Quem
501 2365 585 2427 enim
606 2363 665 2427 sihi
681 2363 838 2427 intensum
855 2364 1009 2444 preberet
1023 2363 1184 2447 Theophi-

76 2460 123 2524 lus
141 2461 173 2524 iu
194 2460 343 2542 Oripcuia
365 2479 462 2527 consa
486 2470 520 2526 et
540 2461 797 2541 monachornm
818 2463 917 2542 ipsius
938 2465 1066 2528 ruinam
1088 2466 1184 2529 uliter
1217 2541 1226 2555 ·

75 2576 176 2624 cerum
198 2561 367 2638 Eretriis,
394 2570 428 2627 et
447 2564 535 2628 civili
557 2565 740 2644 principatu
760 2579 921 2643 quaerere
947 2565 1069 2643 studet,
1090 2567 1184 2631 lihel·

74 2661 136 2726 lum
156 2680 223 2728 ase
244 2663 400 2729 dictatum
421 2665 513 2730 nevis
528 2665 682 2746 falsisque
703 2672 891 2728 contextum
908 2665 1095 2730 criminibus
1109 2683 1183 2730 cen·

77 2767 122 2824 tra
141 2764 247 2843 ipsum
268 2771 447 2829 ostentans·
475 2762 565 2828 Unde
586 2783 662 2830 eum
683 2782 726 2828 ex
747 2780 806 2826 ree
827 2759 1028 2844 Theophilus
1048 2767 1188 2830 evaserit

74 2861 179 2943 judex,
195 2863 445 2950 chrysostomos
460 2883 502 2929 ex
521 2865 633 2947 judice
656 2871 703 2928 tet
722 2881 852 2944 pressus
873 2864 1055 2944 columniis,
1071 2869 1118 2932 rei
1140 2869 1186 2931 vi·

76 2977 123 3026 ces
141 2964 289 3045 subiens,
312 2966 449 3032 instante
469 2965 621 3031 Eudoxio
641 2965 861 3045 imperatrice,
884 2965 1054 3032 damnatur
1074 2968 1189 3033 exula-

76 3066 263 3145 recepitur.

150 3163 194 3228 Et
208 3165 239 3229 in
262 3167 324 3230 hee
337 3183 413 3230 saue
429 3166 613 3231 miserande
628 3165 796 3244 cenlliclu,
812 3165 899 3247 qued
915 3170 1024 3230 uestra
1040 3168 1184 3246 interest,

12 3285 17 3298 ·
77 3259 167 3345 hujus
180 3265 306 3330 initium
322 3268 592 3348 pervestigantes,
607 3265 823 3346 Theophilum
839 3268 1033 3347 reporimus,
1049 3270 1107 3350 qui
1121 3285 1186 3333 nen

77 3363 178 3430 velena
198 3367 229 3429 in
250 3369 441 3448 quaestione
461 3368 501 3432 de
521 3367 662 3448 Origene
689 3367 910 3452 chrysostomi
930 3388 1060 3434 sensnm
1078 3373 1184 3435 vinee·

77 3478 119 3540 re,
133 3471 164 3528 et
176 3466 404 3532 reluctantium
424 3469 524 3551 hujus
536 3486 694 3549 superare
715 3468 910 3533 damnationi
926 3469 1097 3533 accedendi
1113 3489 1182 3535 me·
1237 3477 1240 3486 '

77 3565 257 3645 nachorem,
273 3587 312 3634 ec
326 3569 440 3634 deinde
457 3570 592 3636 illerum
608 3571 848 3652 proscriptioni,
864 3588 1007 3648 quocum
1023 3579 1055 3634 et
1069 3569 1183 3652 Orige-

76 3664 118 3728 u'u
131 3666 211 3731 lame
225 3670 324 3733 simul
339 3677 576 3752 cousequenter
589 3672 793 3753 pessumdata
811 3672 936 3745 luisset,
952 3672 1015 3734 ulia
1038 3673 1090 3735 vlu
1111 3691 1183 3737 soe·

79 3779 148 3840 pum
167 3769 293 3832 studuit
313 3770 467 3849 perfidiae
481 3789 560 3835 suae
580 3773 776 3852 pertingere,
799 3771 880 3834 idest
894 3779 1072 3851 utrumque
1093 3781 1125 3836 et
1138 3770 1184 3837 0-

79 3863 208 3942 ripenem
218 3867 418 3936 otJeunnem
434 3873 666 3952 prestomeodi.
681 3871 770 3936 llaec
784 3889 885 3954 porro
896 3871 1072 3936 admodum
1087 3890 1181 3954 praa·

81 3962 160 4031 clare
178 3968 393 4062 adstruuntur
413 3973 445 4036 in
471 3974 605 4056 epistola
626 3971 795 4054 Theophili
810 3972 849 4036 ad
868 3971 1125 4059 Hieronymum,
1148 3983 1182 4041 ct

12 4057 16 4072 '
81 4063 117 4126 uh
134 4067 230 4134 altera
251 4071 384 4138 ioannis
414 4074 455 4137 ad
477 4073 700 4140 lunecenlium
721 4073 933 4150 Pontificem,
968 4075 1024 4138 ubi
1046 4079 1182 4158 pennino

81 4177 264 4252 narrentur,
286 4189 373 4256 quse
390 4174 591 4255 iniquissime
619 4180 732 4242 contra
753 4191 890 4240 oenones
911 4181 944 4239 et
963 4174 1051 4256 leges
1072 4195 1181 4244 omues
