<?xml version="1.0" encoding="UTF-8"?>
<!DOCTYPE html PUBLIC "-//W3C//DTD XHTML 1.0 Transitional//EN"
    "http://www.w3.org/TR/xhtml1/DTD/xhtml1-transitional.dtd">
<html xmlns="http://www.w3.org/1999/xhtml" xml:lang="en" lang="en">
 <head>
  <title>
</title>
<meta http-equiv="Content-Type" content="text/html;charset=utf-8" />
  <meta name='ocr-system' content='tesseract 3.04.00' />
  <meta name='ocr-capabilities' content='ocr_page ocr_carea ocr_par ocr_line ocrx_word'/>
</head>
<body>
  <div class='ocr_page' id='page_1' title='image "./insgregoriinyss01vincgoog/insgregoriinyss01vincgoog_0076.png"; bbox 0 0 3186 4946; ppageno 0'>
   <div class='ocr_carea' id='block_1_1' title="bbox 1180 361 1221 434">
    <p class='ocr_par' dir='ltr' id='par_1_1' title="bbox 1180 361 1221 434">
     <span class='ocr_line' id='line_1_1' title="bbox 1180 361 1221 434; baseline 0 0"><span class='ocrx_word' id='word_1_1' title='bbox 1180 361 1221 434; x_wconf 76' lang='lat'>53</span> 
     </span>
    </p>
   </div>
   <div class='ocr_carea' id='block_1_2' title="bbox 69 467 1225 1958">
    <p class='ocr_par' dir='ltr' id='par_1_2' title="bbox 69 467 1225 1958">
     <span class='ocr_line' id='line_1_2' title="bbox 115 467 1220 555; baseline -0.005 -17"><span class='ocrx_word' id='word_1_2' title='bbox 115 469 272 538; x_wconf 79' lang='lat' dir='ltr'>Ecclesiae</span> <span class='ocrx_word' id='word_1_3' title='bbox 302 475 514 555; x_wconf 86' lang='lat' dir='ltr'>scriptorum,</span> <span class='ocrx_word' id='word_1_4' title='bbox 538 491 620 552; x_wconf 91' lang='lat' dir='ltr'>quos</span> <span class='ocrx_word' id='word_1_5' title='bbox 655 467 710 534; x_wconf 91' lang='lat' dir='ltr'>ille</span> <span class='ocrx_word' id='word_1_6' title='bbox 731 467 964 553; x_wconf 76' lang='lat' dir='ltr'><strong>(Pamphilus)</strong></span> <span class='ocrx_word' id='word_1_7' title='bbox 993 470 1220 548; x_wconf 76' lang='lat' dir='ltr'>undecumque</span> 
     </span>
     <span class='ocr_line' id='line_1_3' title="bbox 113 569 1222 654; baseline -0.006 -16"><span class='ocrx_word' id='word_1_8' title='bbox 113 576 294 654; x_wconf 85' lang='lat' dir='ltr'>collegerat,</span> <span class='ocrx_word' id='word_1_9' title='bbox 317 575 536 638; x_wconf 79' lang='lat' dir='ltr'>exhibuimus.</span> <span class='ocrx_word' id='word_1_10' title='bbox 553 593 569 632; x_wconf 80' lang='lat' dir='ltr'>a</span> <span class='ocrx_word' id='word_1_11' title='bbox 586 573 628 638; x_wconf 85' lang='lat' dir='ltr'>Et</span> <span class='ocrx_word' id='word_1_12' title='bbox 648 575 679 637; x_wconf 89' lang='lat' dir='ltr'>ln</span> <span class='ocrx_word' id='word_1_13' title='bbox 701 575 806 653; x_wconf 88' lang='lat' dir='ltr'>capite</span> <span class='ocrx_word' id='word_1_14' title='bbox 825 573 973 653; x_wconf 75' lang='lat' dir='ltr'>sequenti</span> <span class='ocrx_word' id='word_1_15' title='bbox 995 573 1092 634; x_wconf 86' lang='lat' dir='ltr'>iterat</span> <span class='ocrx_word' id='word_1_16' title='bbox 1112 569 1222 633; x_wconf 85' lang='lat' dir='ltr'>llisto·</span> 
     </span>
     <span class='ocr_line' id='line_1_4' title="bbox 117 671 1220 754; baseline -0.004 -18"><span class='ocrx_word' id='word_1_17' title='bbox 117 676 219 736; x_wconf 74' lang='lat' dir='ltr'>meus:</span> <span class='ocrx_word' id='word_1_18' title='bbox 236 697 254 733; x_wconf 81' lang='grc' dir='ltr'><strong><em>κ</em></strong></span> <span class='ocrx_word' id='word_1_19' title='bbox 268 674 331 739; x_wconf 90' lang='lat' dir='ltr'>Sed</span> <span class='ocrx_word' id='word_1_20' title='bbox 353 683 386 737; x_wconf 88' lang='lat' dir='ltr'>et</span> <span class='ocrx_word' id='word_1_21' title='bbox 406 675 468 737; x_wconf 85' lang='lat' dir='ltr'>alia</span> <span class='ocrx_word' id='word_1_22' title='bbox 499 676 539 738; x_wconf 92' lang='lat' dir='ltr'>de</span> <span class='ocrx_word' id='word_1_23' title='bbox 558 673 701 754; x_wconf 76' lang='lat' dir='ltr'>Origene</span> <span class='ocrx_word' id='word_1_24' title='bbox 732 673 973 754; x_wconf 84' lang='lat' dir='ltr'>quamplurima</span> <span class='ocrx_word' id='word_1_25' title='bbox 1005 671 1124 734; x_wconf 87' lang='lat' dir='ltr'>tradita</span> <span class='ocrx_word' id='word_1_26' title='bbox 1145 675 1220 734; x_wconf 92' lang='lat' dir='ltr'>suut</span> 
     </span>
     <span class='ocr_line' id='line_1_5' title="bbox 116 773 1215 855; baseline -0.003 -19"><span class='ocrx_word' id='word_1_27' title='bbox 116 776 281 838; x_wconf 86' lang='lat' dir='ltr'>memoriae</span> <span class='ocrx_word' id='word_1_28' title='bbox 296 793 314 838; x_wconf 86' lang='lat' dir='ltr'>a</span> <span class='ocrx_word' id='word_1_29' title='bbox 329 775 511 839; x_wconf 90' lang='lat' dir='ltr'>senioribus</span> <span class='ocrx_word' id='word_1_30' title='bbox 526 783 655 838; x_wconf 89' lang='lat' dir='ltr'>nostrae</span> <span class='ocrx_word' id='word_1_31' title='bbox 668 776 782 838; x_wconf 88' lang='lat' dir='ltr'>aetatis</span> <span class='ocrx_word' id='word_1_32' title='bbox 797 773 994 855; x_wconf 74' lang='lat' dir='ltr'>presbyteris</span> <span class='ocrx_word' id='word_1_33' title='bbox 1008 791 1016 833; x_wconf 75' lang='grc' dir='ltr'><strong>ι</strong></span> <span class='ocrx_word' id='word_1_34' title='bbox 1031 788 1116 851; x_wconf 90' lang='lat' dir='ltr'>quae</span> <span class='ocrx_word' id='word_1_35' title='bbox 1133 787 1215 851; x_wconf 91' lang='lat' dir='ltr'>quo·</span> 
     </span>
     <span class='ocr_line' id='line_1_6' title="bbox 116 871 1221 955; baseline -0.002 -21"><span class='ocrx_word' id='word_1_36' title='bbox 116 875 190 936; x_wconf 87' lang='lat' dir='ltr'>uiam</span> <span class='ocrx_word' id='word_1_37' title='bbox 208 876 248 937; x_wconf 91' lang='lat' dir='ltr'>ad</span> <span class='ocrx_word' id='word_1_38' title='bbox 271 879 449 954; x_wconf 87' lang='lat' dir='ltr'>praeseutia</span> <span class='ocrx_word' id='word_1_39' title='bbox 464 874 580 955; x_wconf 89' lang='lat' dir='ltr'>Operis</span> <span class='ocrx_word' id='word_1_40' title='bbox 600 875 784 938; x_wconf 90' lang='lat' dir='ltr'>institutum</span> <span class='ocrx_word' id='word_1_41' title='bbox 801 875 880 937; x_wconf 88' lang='lat' dir='ltr'>nibil</span> <span class='ocrx_word' id='word_1_42' title='bbox 897 874 1031 947; x_wconf 87' lang='lat' dir='ltr'>iaciunt,</span> <span class='ocrx_word' id='word_1_43' title='bbox 1047 871 1221 934; x_wconf 86' lang='lat' dir='ltr'>omittenda</span> 
     </span>
     <span class='ocr_line' id='line_1_7' title="bbox 117 973 1220 1056; baseline -0.003 -19"><span class='ocrx_word' id='word_1_44' title='bbox 117 993 177 1038; x_wconf 84' lang='lat' dir='ltr'>esse</span> <span class='ocrx_word' id='word_1_45' title='bbox 196 975 288 1039; x_wconf 79' lang='lat' dir='ltr'>duxi.</span> <span class='ocrx_word' id='word_1_46' title='bbox 306 974 546 1056; x_wconf 79' lang='lat' dir='ltr'>Quaecumque</span> <span class='ocrx_word' id='word_1_47' title='bbox 569 993 648 1040; x_wconf 81' lang='lat' dir='ltr'>sero</span> <span class='ocrx_word' id='word_1_48' title='bbox 669 994 797 1039; x_wconf 88' lang='lat' dir='ltr'>neeesse</span> <span class='ocrx_word' id='word_1_49' title='bbox 811 983 861 1038; x_wconf 89' lang='lat' dir='ltr'>est</span> <span class='ocrx_word' id='word_1_50' title='bbox 881 975 921 1038; x_wconf 89' lang='lat' dir='ltr'>de</span> <span class='ocrx_word' id='word_1_51' title='bbox 942 973 999 1036; x_wconf 90' lang='lat' dir='ltr'>illo</span> <span class='ocrx_word' id='word_1_52' title='bbox 1013 991 1220 1052; x_wconf 89' lang='lat' dir='ltr'>cognoscere,</span> 
     </span>
     <span class='ocr_line' id='line_1_8' title="bbox 69 1075 1222 1156; baseline -0.001 -20"><span class='ocrx_word' id='word_1_53' title='bbox 69 1095 71 1100; x_wconf 68' lang='grc'>’</span> <span class='ocrx_word' id='word_1_54' title='bbox 114 1091 146 1136; x_wconf 84' lang='lat' dir='ltr'>ea</span> <span class='ocrx_word' id='word_1_55' title='bbox 166 1077 227 1154; x_wconf 87' lang='lat' dir='ltr'>peti</span> <span class='ocrx_word' id='word_1_56' title='bbox 248 1086 387 1156; x_wconf 87' lang='lat' dir='ltr'>possunt</span> <span class='ocrx_word' id='word_1_57' title='bbox 407 1095 449 1138; x_wconf 83' lang='lat' dir='ltr'>ex</span> <span class='ocrx_word' id='word_1_58' title='bbox 471 1075 707 1155; x_wconf 80' lang='lat' dir='ltr'>Apologetico,</span> <span class='ocrx_word' id='word_1_59' title='bbox 740 1092 836 1156; x_wconf 91' lang='lat' dir='ltr'>quem</span> <span class='ocrx_word' id='word_1_60' title='bbox 859 1093 916 1136; x_wconf 90' lang='lat' dir='ltr'>nos</span> <span class='ocrx_word' id='word_1_61' title='bbox 937 1081 970 1136; x_wconf 90' lang='lat' dir='ltr'>et</span> <span class='ocrx_word' id='word_1_62' title='bbox 998 1081 1222 1137; x_wconf 89' lang='lat' dir='ltr'>sacrosanctus</span> 
     </span>
     <span class='ocr_line' id='line_1_9' title="bbox 115 1173 1223 1260; baseline -0.004 -22"><span class='ocrx_word' id='word_1_63' title='bbox 115 1185 229 1260; x_wconf 78' lang='lat' dir='ltr'>martyr</span> <span class='ocrx_word' id='word_1_64' title='bbox 261 1175 453 1258; x_wconf 77' lang='lat' dir='ltr'>Pamphilus</span> <span class='ocrx_word' id='word_1_65' title='bbox 482 1184 615 1258; x_wconf 89' lang='lat' dir='ltr'>propter</span> <span class='ocrx_word' id='word_1_66' title='bbox 637 1175 818 1239; x_wconf 84' lang='lat' dir='ltr'>malevolos</span> <span class='ocrx_word' id='word_1_67' title='bbox 839 1173 995 1254; x_wconf 89' lang='lat' dir='ltr'>quosdam</span> <span class='ocrx_word' id='word_1_68' title='bbox 1018 1179 1223 1236; x_wconf 86' lang='lat' dir='ltr'>accusatores</span> 
     </span>
     <span class='ocr_line' id='line_1_10' title="bbox 112 1272 1223 1366; baseline -0.011 -22"><span class='ocrx_word' id='word_1_69' title='bbox 112 1275 364 1366; x_wconf 68' lang='grc' dir='ltr'><strong><em>ωμπονήσαντες</em></strong></span> <span class='ocrx_word' id='word_1_70' title='bbox 386 1274 541 1356; x_wconf 79' lang='grc' dir='ltr'>ἀλλήλοις</span> <span class='ocrx_word' id='word_1_71' title='bbox 558 1277 721 1340; x_wconf 87' lang='lat' dir='ltr'>communi</span> <span class='ocrx_word' id='word_1_72' title='bbox 734 1275 953 1352; x_wconf 85' lang='lat' dir='ltr'>studiosique</span> <span class='ocrx_word' id='word_1_73' title='bbox 967 1290 1066 1352; x_wconf 89' lang='lat' dir='ltr'>opera</span> <span class='ocrx_word' id='word_1_74' title='bbox 1084 1272 1223 1352; x_wconf 78' lang='lat' dir='ltr'>iunctim</span> 
     </span>
     <span class='ocr_line' id='line_1_11' title="bbox 114 1372 1223 1457; baseline 0 -23"><span class='ocrx_word' id='word_1_75' title='bbox 114 1376 391 1438; x_wconf 77' lang='lat' dir='ltr'>elaboravimus.»</span> <span class='ocrx_word' id='word_1_76' title='bbox 413 1374 502 1439; x_wconf 87' lang='lat' dir='ltr'>Unde</span> <span class='ocrx_word' id='word_1_77' title='bbox 524 1375 631 1457; x_wconf 89' lang='lat' dir='ltr'>liquet</span> <span class='ocrx_word' id='word_1_78' title='bbox 651 1385 833 1455; x_wconf 91' lang='lat' dir='ltr'>utrumque</span> <span class='ocrx_word' id='word_1_79' title='bbox 854 1391 987 1455; x_wconf 90' lang='lat' dir='ltr'>operam</span> <span class='ocrx_word' id='word_1_80' title='bbox 1010 1372 1223 1452; x_wconf 81' lang='lat' dir='ltr'>hpotogottco</span> 
     </span>
     <span class='ocr_line' id='line_1_12' title="bbox 115 1473 1225 1556; baseline 0.003 -24"><span class='ocrx_word' id='word_1_81' title='bbox 115 1473 296 1551; x_wconf 86' lang='lat' dir='ltr'>inpendisse</span> <span class='ocrx_word' id='word_1_82' title='bbox 308 1495 322 1554; x_wconf 75' lang='lat'>5</span> <span class='ocrx_word' id='word_1_83' title='bbox 344 1492 383 1538; x_wconf 88' lang='lat' dir='ltr'>ac</span> <span class='ocrx_word' id='word_1_84' title='bbox 404 1476 462 1537; x_wconf 90' lang='lat' dir='ltr'>nisi</span> <span class='ocrx_word' id='word_1_85' title='bbox 485 1475 565 1540; x_wconf 82' lang='lat' dir='ltr'>selis</span> <span class='ocrx_word' id='word_1_86' title='bbox 589 1477 734 1556; x_wconf 88' lang='lat' dir='ltr'>quinque</span> <span class='ocrx_word' id='word_1_87' title='bbox 759 1475 907 1555; x_wconf 89' lang='lat' dir='ltr'>priorum</span> <span class='ocrx_word' id='word_1_88' title='bbox 929 1474 1089 1537; x_wconf 88' lang='lat' dir='ltr'>librorum</span> <span class='ocrx_word' id='word_1_89' title='bbox 1111 1482 1225 1537; x_wconf 86' lang='lat' dir='ltr'>aucto·</span> 
     </span>
     <span class='ocr_line' id='line_1_13' title="bbox 116 1573 1223 1659; baseline 0.001 -24"><span class='ocrx_word' id='word_1_90' title='bbox 116 1592 175 1636; x_wconf 85' lang='lat' dir='ltr'>rem</span> <span class='ocrx_word' id='word_1_91' title='bbox 195 1580 227 1636; x_wconf 89' lang='lat' dir='ltr'>et</span> <span class='ocrx_word' id='word_1_92' title='bbox 255 1577 457 1654; x_wconf 80' lang='lat' dir='ltr'>scriptorem</span> <span class='ocrx_word' id='word_1_93' title='bbox 491 1574 696 1658; x_wconf 85' lang='lat' dir='ltr'>Pamphilum</span> <span class='ocrx_word' id='word_1_94' title='bbox 708 1595 721 1655; x_wconf 80' lang='lat'>3</span> <span class='ocrx_word' id='word_1_95' title='bbox 743 1577 857 1638; x_wconf 85' lang='lat' dir='ltr'>saltem</span> <span class='ocrx_word' id='word_1_96' title='bbox 888 1573 1068 1659; x_wconf 77' lang='lat' dir='ltr'>Martyrum</span> <span class='ocrx_word' id='word_1_97' title='bbox 1092 1574 1223 1637; x_wconf 86' lang='lat' dir='ltr'>habebis</span> 
     </span>
     <span class='ocr_line' id='line_1_14' title="bbox 116 1676 1225 1758; baseline 0.003 -23"><span class='ocrx_word' id='word_1_98' title='bbox 116 1683 176 1736; x_wconf 91' lang='lat' dir='ltr'>tum</span> <span class='ocrx_word' id='word_1_99' title='bbox 196 1677 308 1756; x_wconf 89' lang='lat' dir='ltr'>operis</span> <span class='ocrx_word' id='word_1_100' title='bbox 332 1682 567 1758; x_wconf 87' lang='lat' dir='ltr'>promotorem,</span> <span class='ocrx_word' id='word_1_101' title='bbox 590 1685 659 1740; x_wconf 90' lang='lat' dir='ltr'>tum</span> <span class='ocrx_word' id='word_1_102' title='bbox 681 1676 998 1740; x_wconf 85' lang='lat' dir='ltr'>animadversionum</span> <span class='ocrx_word' id='word_1_103' title='bbox 1019 1677 1225 1738; x_wconf 90' lang='lat' dir='ltr'>concinnato-</span> 
     </span>
     <span class='ocr_line' id='line_1_15' title="bbox 117 1775 1224 1857; baseline 0.004 -22"><span class='ocrx_word' id='word_1_104' title='bbox 117 1793 199 1854; x_wconf 65' lang='grc' dir='ltr'>κως</span> <span class='ocrx_word' id='word_1_105' title='bbox 220 1778 278 1857; x_wconf 92' lang='lat' dir='ltr'>qui</span> <span class='ocrx_word' id='word_1_106' title='bbox 294 1795 372 1840; x_wconf 90' lang='lat' dir='ltr'>sane</span> <span class='ocrx_word' id='word_1_107' title='bbox 393 1775 535 1840; x_wconf 83' lang='lat' dir='ltr'>Eusebio</span> <span class='ocrx_word' id='word_1_108' title='bbox 550 1778 592 1841; x_wconf 94' lang='lat' dir='ltr'>nb</span> <span class='ocrx_word' id='word_1_109' title='bbox 606 1786 757 1852; x_wconf 90' lang='lat' dir='ltr'>aetatem,</span> <span class='ocrx_word' id='word_1_110' title='bbox 779 1779 944 1842; x_wconf 87' lang='lat' dir='ltr'>scientiam</span> <span class='ocrx_word' id='word_1_111' title='bbox 961 1795 999 1841; x_wconf 86' lang='lat' dir='ltr'>nc</span> <span class='ocrx_word' id='word_1_112' title='bbox 1023 1779 1224 1841; x_wconf 86' lang='lat' dir='ltr'>sanctitatem</span> 
     </span>
     <span class='ocr_line' id='line_1_16' title="bbox 116 1877 1221 1958; baseline 0.002 -20"><span class='ocrx_word' id='word_1_113' title='bbox 116 1878 327 1954; x_wconf 85' lang='lat' dir='ltr'>praecellebat</span> <span class='ocrx_word' id='word_1_114' title='bbox 333 1899 345 1957; x_wconf 81' lang='lat'>3</span> <span class='ocrx_word' id='word_1_115' title='bbox 367 1888 398 1942; x_wconf 92' lang='lat' dir='ltr'>et</span> <span class='ocrx_word' id='word_1_116' title='bbox 420 1897 438 1942; x_wconf 88' lang='lat' dir='ltr'>a</span> <span class='ocrx_word' id='word_1_117' title='bbox 460 1896 526 1958; x_wconf 94' lang='lat' dir='ltr'>quo</span> <span class='ocrx_word' id='word_1_118' title='bbox 549 1879 765 1942; x_wconf 82' lang='lat' dir='ltr'>verosimilius</span> <span class='ocrx_word' id='word_1_119' title='bbox 792 1877 953 1942; x_wconf 84' lang='lat' dir='ltr'>Eusebius</span> <span class='ocrx_word' id='word_1_120' title='bbox 976 1885 1145 1942; x_wconf 89' lang='lat' dir='ltr'>mutuatus</span> <span class='ocrx_word' id='word_1_121' title='bbox 1171 1894 1221 1940; x_wconf 90' lang='lat' dir='ltr'>es·</span> 
     </span>
    </p>
   </div>
   <div class='ocr_carea' id='block_1_3' title="bbox 116 1968 1344 2061">
    <p class='ocr_par' dir='ltr' id='par_1_3' title="bbox 116 1968 1344 2061">
     <span class='ocr_line' id='line_1_17' title="bbox 116 1968 1344 2061; baseline 0.004 -26"><span class='ocrx_word' id='word_1_122' title='bbox 116 1993 145 2036; x_wconf 88' lang='lat' dir='ltr'>se</span> <span class='ocrx_word' id='word_1_123' title='bbox 164 1977 365 2054; x_wconf 83' lang='lat' dir='ltr'>potissimum</span> <span class='ocrx_word' id='word_1_124' title='bbox 388 1979 519 2042; x_wconf 85' lang='lat' dir='ltr'>videtur</span> <span class='ocrx_word' id='word_1_125' title='bbox 533 1996 618 2059; x_wconf 90' lang='lat' dir='ltr'>quae</span> <span class='ocrx_word' id='word_1_126' title='bbox 632 1980 672 2042; x_wconf 89' lang='lat' dir='ltr'>de</span> <span class='ocrx_word' id='word_1_127' title='bbox 691 1977 830 2058; x_wconf 88' lang='lat' dir='ltr'>Origene</span> <span class='ocrx_word' id='word_1_128' title='bbox 848 1979 986 2061; x_wconf 83' lang='lat' dir='ltr'>scripsit.</span> <span class='ocrx_word' id='word_1_129' title='bbox 1008 1979 1051 2043; x_wconf 84' lang='lat' dir='ltr'>Et</span> <span class='ocrx_word' id='word_1_130' title='bbox 1078 1980 1151 2042; x_wconf 91' lang='lat' dir='ltr'>hinc</span> <span class='ocrx_word' id='word_1_131' title='bbox 1171 1996 1226 2040; x_wconf 87' lang='lat' dir='ltr'>ae·</span> <span class='ocrx_word' id='word_1_132' title='bbox 1340 1968 1344 1977; x_wconf 76' lang='grc'><strong>’</strong></span> 
     </span>
    </p>
   </div>
   <div class='ocr_carea' id='block_1_4' title="bbox 113 2075 1299 2342">
    <p class='ocr_par' dir='ltr' id='par_1_4' title="bbox 113 2075 1299 2342">
     <span class='ocr_line' id='line_1_18' title="bbox 116 2075 1225 2158; baseline 0.004 -22"><span class='ocrx_word' id='word_1_133' title='bbox 116 2076 258 2152; x_wconf 86' lang='lat' dir='ltr'>quissime</span> <span class='ocrx_word' id='word_1_134' title='bbox 281 2078 328 2140; x_wconf 86' lang='lat' dir='ltr'>ait</span> <span class='ocrx_word' id='word_1_135' title='bbox 349 2076 484 2142; x_wconf 84' lang='lat' dir='ltr'>Photius</span> <span class='ocrx_word' id='word_1_136' title='bbox 499 2080 530 2141; x_wconf 90' lang='lat' dir='ltr'>iu</span> <span class='ocrx_word' id='word_1_137' title='bbox 549 2078 625 2142; x_wconf 93' lang='lat' dir='ltr'>loco</span> <span class='ocrx_word' id='word_1_138' title='bbox 647 2080 758 2153; x_wconf 86' lang='lat' dir='ltr'>citato,</span> <span class='ocrx_word' id='word_1_139' title='bbox 781 2079 925 2157; x_wconf 91' lang='lat' dir='ltr'>quinque</span> <span class='ocrx_word' id='word_1_140' title='bbox 946 2078 1046 2142; x_wconf 90' lang='lat' dir='ltr'>libros</span> <span class='ocrx_word' id='word_1_141' title='bbox 1068 2095 1128 2158; x_wconf 92' lang='lat' dir='ltr'>pro</span> <span class='ocrx_word' id='word_1_142' title='bbox 1148 2075 1225 2140; x_wconf 86' lang='lat' dir='ltr'>Ori·</span> 
     </span>
     <span class='ocr_line' id='line_1_19' title="bbox 113 2175 1299 2258; baseline 0.004 -22"><span class='ocrx_word' id='word_1_143' title='bbox 113 2191 221 2250; x_wconf 78' lang='lat' dir='ltr'>ganea</span> <span class='ocrx_word' id='word_1_144' title='bbox 249 2175 421 2258; x_wconf 87' lang='lat' dir='ltr'>Pamphilo</span> <span class='ocrx_word' id='word_1_145' title='bbox 436 2180 468 2243; x_wconf 87' lang='lat' dir='ltr'>in</span> <span class='ocrx_word' id='word_1_146' title='bbox 489 2197 633 2256; x_wconf 87' lang='lat' dir='ltr'>carcere,</span> <span class='ocrx_word' id='word_1_147' title='bbox 648 2187 815 2258; x_wconf 87' lang='lat' dir='ltr'>praesente</span> <span class='ocrx_word' id='word_1_148' title='bbox 845 2181 942 2241; x_wconf 89' lang='lat' dir='ltr'>etiem</span> <span class='ocrx_word' id='word_1_149' title='bbox 967 2177 1119 2253; x_wconf 83' lang='lat' dir='ltr'>Eusebio,</span> <span class='ocrx_word' id='word_1_150' title='bbox 1143 2177 1221 2242; x_wconf 87' lang='lat' dir='ltr'>iuis-</span> <span class='ocrx_word' id='word_1_151' title='bbox 1297 2203 1299 2208; x_wconf 96' lang='lat'>·</span> 
     </span>
     <span class='ocr_line' id='line_1_20' title="bbox 115 2276 359 2342; baseline 0.012 -7"><span class='ocrx_word' id='word_1_152' title='bbox 115 2292 145 2336; x_wconf 90' lang='lat' dir='ltr'>se</span> <span class='ocrx_word' id='word_1_153' title='bbox 163 2276 359 2342; x_wconf 84' lang='lat' dir='ltr'>elaboratus.</span> 
     </span>
    </p>
   </div>
   <div class='ocr_carea' id='block_1_5' title="bbox 185 2373 1221 2460">
    <p class='ocr_par' dir='ltr' id='par_1_5' title="bbox 185 2373 1221 2460">
     <span class='ocr_line' id='line_1_21' title="bbox 185 2373 1221 2460; baseline 0.005 -23"><span class='ocrx_word' id='word_1_154' title='bbox 185 2373 275 2440; x_wconf 88' lang='lat' dir='ltr'>llaec</span> <span class='ocrx_word' id='word_1_155' title='bbox 297 2394 399 2457; x_wconf 93' lang='lat' dir='ltr'>porro</span> <span class='ocrx_word' id='word_1_156' title='bbox 420 2379 590 2458; x_wconf 89' lang='lat' dir='ltr'>perspicue</span> <span class='ocrx_word' id='word_1_157' title='bbox 612 2379 743 2460; x_wconf 89' lang='lat' dir='ltr'>abipso</span> <span class='ocrx_word' id='word_1_158' title='bbox 765 2379 906 2444; x_wconf 86' lang='lat' dir='ltr'>Eusebio</span> <span class='ocrx_word' id='word_1_159' title='bbox 931 2380 1104 2443; x_wconf 89' lang='lat' dir='ltr'>ilrmautur</span> <span class='ocrx_word' id='word_1_160' title='bbox 1120 2381 1154 2442; x_wconf 93' lang='lat' dir='ltr'>in</span> <span class='ocrx_word' id='word_1_161' title='bbox 1168 2378 1221 2442; x_wconf 83' lang='lat' dir='ltr'>ts·</span> 
     </span>
    </p>
   </div>
   <div class='ocr_carea' id='block_1_6' title="bbox 114 2473 1222 2755">
    <p class='ocr_par' dir='ltr' id='par_1_6' title="bbox 114 2473 1222 2755">
     <span class='ocr_line' id='line_1_22' title="bbox 114 2473 1222 2562; baseline 0.01 -30"><span class='ocrx_word' id='word_1_162' title='bbox 114 2473 168 2536; x_wconf 91' lang='lat' dir='ltr'>bro</span> <span class='ocrx_word' id='word_1_163' title='bbox 188 2473 261 2538; x_wconf 86' lang='lat' dir='ltr'>Vll.</span> <span class='ocrx_word' id='word_1_164' title='bbox 280 2497 310 2542; x_wconf 91' lang='lat' dir='ltr'>c.</span> <span class='ocrx_word' id='word_1_165' title='bbox 331 2476 447 2542; x_wconf 82' lang='lat' dir='ltr'>xxvi.</span> <span class='ocrx_word' id='word_1_166' title='bbox 467 2481 521 2543; x_wconf 90' lang='lat' dir='ltr'>nbi</span> <span class='ocrx_word' id='word_1_167' title='bbox 537 2481 644 2544; x_wconf 90' lang='lat' dir='ltr'>denuo</span> <span class='ocrx_word' id='word_1_168' title='bbox 658 2481 860 2562; x_wconf 84' lang='lat' dir='ltr'>Pamphilum</span> <span class='ocrx_word' id='word_1_169' title='bbox 875 2482 1034 2544; x_wconf 84' lang='lat' dir='ltr'>extollit:</span> <span class='ocrx_word' id='word_1_170' title='bbox 1052 2501 1069 2540; x_wconf 81' lang='lat' dir='ltr'>s</span> <span class='ocrx_word' id='word_1_171' title='bbox 1086 2478 1121 2542; x_wconf 92' lang='lat' dir='ltr'>iu</span> <span class='ocrx_word' id='word_1_172' title='bbox 1143 2478 1222 2544; x_wconf 86' lang='lat' dir='ltr'>Cae·</span> 
     </span>
     <span class='ocr_line' id='line_1_23' title="bbox 116 2580 1219 2660; baseline 0.008 -27"><span class='ocrx_word' id='word_1_173' title='bbox 116 2592 212 2651; x_wconf 87' lang='lat' dir='ltr'>sarea,</span> <span class='ocrx_word' id='word_1_174' title='bbox 235 2580 396 2658; x_wconf 89' lang='lat' dir='ltr'>iuquiens,</span> <span class='ocrx_word' id='word_1_175' title='bbox 418 2597 515 2660; x_wconf 90' lang='lat' dir='ltr'>supra</span> <span class='ocrx_word' id='word_1_176' title='bbox 538 2599 648 2642; x_wconf 89' lang='lat' dir='ltr'>omnes</span> <span class='ocrx_word' id='word_1_177' title='bbox 671 2589 746 2643; x_wconf 87' lang='lat' dir='ltr'>tune</span> <span class='ocrx_word' id='word_1_178' title='bbox 768 2581 884 2643; x_wconf 88' lang='lat' dir='ltr'>ibidem</span> <span class='ocrx_word' id='word_1_179' title='bbox 901 2591 1045 2644; x_wconf 80' lang='lat' dir='ltr'>versatos</span> <span class='ocrx_word' id='word_1_180' title='bbox 1059 2581 1219 2643; x_wconf 80' lang='lat' dir='ltr'>maximae</span> 
     </span>
     <span class='ocr_line' id='line_1_24' title="bbox 117 2675 1218 2755; baseline 0.008 -22"><span class='ocrx_word' id='word_1_181' title='bbox 117 2675 314 2740; x_wconf 80' lang='lat' dir='ltr'>admirationi</span> <span class='ocrx_word' id='word_1_182' title='bbox 337 2679 398 2741; x_wconf 89' lang='lat' dir='ltr'>luit</span> <span class='ocrx_word' id='word_1_183' title='bbox 418 2681 460 2742; x_wconf 92' lang='lat' dir='ltr'>ob</span> <span class='ocrx_word' id='word_1_184' title='bbox 480 2681 625 2743; x_wconf 90' lang='lat' dir='ltr'>scholam</span> <span class='ocrx_word' id='word_1_185' title='bbox 655 2680 697 2740; x_wconf 93' lang='lat' dir='ltr'>ibi</span> <span class='ocrx_word' id='word_1_186' title='bbox 730 2681 932 2755; x_wconf 86' lang='lat' dir='ltr'>institutam,</span> <span class='ocrx_word' id='word_1_187' title='bbox 954 2689 988 2743; x_wconf 92' lang='lat' dir='ltr'>et</span> <span class='ocrx_word' id='word_1_188' title='bbox 1013 2680 1055 2741; x_wconf 95' lang='lat' dir='ltr'>ob</span> <span class='ocrx_word' id='word_1_189' title='bbox 1083 2681 1218 2742; x_wconf 84' lang='lat' dir='ltr'>eximias</span> 
     </span>
    </p>
   </div>
   <div class='ocr_carea' id='block_1_7' title="bbox 116 2775 1235 4365">
    <p class='ocr_par' dir='ltr' id='par_1_7' title="bbox 116 2775 1235 4365">
     <span class='ocr_line' id='line_1_25' title="bbox 117 2775 1219 2859; baseline 0.006 -26"><span class='ocrx_word' id='word_1_190' title='bbox 117 2775 205 2854; x_wconf 88' lang='lat' dir='ltr'>ipsius</span> <span class='ocrx_word' id='word_1_191' title='bbox 226 2781 375 2842; x_wconf 82' lang='lat' dir='ltr'>virtutes.</span> <span class='ocrx_word' id='word_1_192' title='bbox 392 2799 409 2837; x_wconf 84' lang='lat' dir='ltr'>o</span> <span class='ocrx_word' id='word_1_193' title='bbox 425 2779 484 2843; x_wconf 88' lang='lat' dir='ltr'>Cui</span> <span class='ocrx_word' id='word_1_194' title='bbox 509 2781 690 2842; x_wconf 90' lang='lat' dir='ltr'>testimonio</span> <span class='ocrx_word' id='word_1_195' title='bbox 711 2779 860 2843; x_wconf 83' lang='lat' dir='ltr'>Valesius</span> <span class='ocrx_word' id='word_1_196' title='bbox 881 2780 967 2859; x_wconf 88' lang='lat' dir='ltr'>apud</span> <span class='ocrx_word' id='word_1_197' title='bbox 990 2781 1139 2844; x_wconf 87' lang='lat' dir='ltr'>eumdem</span> <span class='ocrx_word' id='word_1_198' title='bbox 1161 2775 1219 2841; x_wconf 91' lang='lat' dir='ltr'>lli·</span> 
     </span>
     <span class='ocr_line' id='line_1_26' title="bbox 116 2877 1222 2963; baseline 0.005 -27"><span class='ocrx_word' id='word_1_199' title='bbox 116 2879 263 2942; x_wconf 86' lang='lat' dir='ltr'>storicum</span> <span class='ocrx_word' id='word_1_200' title='bbox 287 2881 320 2942; x_wconf 90' lang='lat' dir='ltr'>iu</span> <span class='ocrx_word' id='word_1_201' title='bbox 335 2881 438 2959; x_wconf 92' lang='lat' dir='ltr'>capite</span> <span class='ocrx_word' id='word_1_202' title='bbox 451 2878 507 2942; x_wconf 83' lang='lat' dir='ltr'>xt.</span> <span class='ocrx_word' id='word_1_203' title='bbox 525 2879 569 2942; x_wconf 84' lang='lat' dir='ltr'>De</span> <span class='ocrx_word' id='word_1_204' title='bbox 581 2877 780 2958; x_wconf 77' lang='lat' dir='ltr'>Martyribus</span> <span class='ocrx_word' id='word_1_205' title='bbox 797 2882 939 2944; x_wconf 84' lang='lat' dir='ltr'>alterum</span> <span class='ocrx_word' id='word_1_206' title='bbox 954 2881 1073 2963; x_wconf 85' lang='lat' dir='ltr'>adjecit</span> <span class='ocrx_word' id='word_1_207' title='bbox 1094 2880 1222 2944; x_wconf 89' lang='lat' dir='ltr'>desum·</span> 
     </span>
     <span class='ocr_line' id='line_1_27' title="bbox 118 2977 1235 3062; baseline 0.006 -27"><span class='ocrx_word' id='word_1_208' title='bbox 118 2984 200 3052; x_wconf 91' lang='lat' dir='ltr'>ptum</span> <span class='ocrx_word' id='word_1_209' title='bbox 219 2997 262 3042; x_wconf 80' lang='lat' dir='ltr'>ex</span> <span class='ocrx_word' id='word_1_210' title='bbox 287 2980 376 3042; x_wconf 78' lang='lat' dir='ltr'>thetis</span> <span class='ocrx_word' id='word_1_211' title='bbox 392 2983 539 3062; x_wconf 69' lang='lat' dir='ltr'>martyrii</span> <span class='ocrx_word' id='word_1_212' title='bbox 555 2982 653 3061; x_wconf 89' lang='lat' dir='ltr'>ipsius</span> <span class='ocrx_word' id='word_1_213' title='bbox 670 2981 851 3059; x_wconf 87' lang='lat' dir='ltr'>Pamphili:</span> <span class='ocrx_word' id='word_1_214' title='bbox 869 2999 935 3060; x_wconf 91' lang='lat' dir='ltr'>quo</span> <span class='ocrx_word' id='word_1_215' title='bbox 954 2979 1112 3044; x_wconf 87' lang='lat' dir='ltr'>Eusebius</span> <span class='ocrx_word' id='word_1_216' title='bbox 1134 2977 1235 3042; x_wconf 88' lang='lat' dir='ltr'>bunc</span> 
     </span>
     <span class='ocr_line' id='line_1_28' title="bbox 120 3079 1223 3155; baseline 0.01 -22"><span class='ocrx_word' id='word_1_217' title='bbox 120 3085 203 3142; x_wconf 85' lang='lat' dir='ltr'>secat</span> <span class='ocrx_word' id='word_1_218' title='bbox 222 3079 391 3144; x_wconf 88' lang='lat' dir='ltr'>domiuum</span> <span class='ocrx_word' id='word_1_219' title='bbox 411 3099 521 3155; x_wconf 90' lang='lat' dir='ltr'>suum,</span> <span class='ocrx_word' id='word_1_220' title='bbox 544 3082 688 3145; x_wconf 78' lang='lat' dir='ltr'>divinum</span> <span class='ocrx_word' id='word_1_221' title='bbox 711 3089 743 3144; x_wconf 91' lang='lat' dir='ltr'>et</span> <span class='ocrx_word' id='word_1_222' title='bbox 759 3083 977 3145; x_wconf 88' lang='lat' dir='ltr'>beatissimum</span> <span class='ocrx_word' id='word_1_223' title='bbox 994 3083 1099 3144; x_wconf 86' lang='lat' dir='ltr'>virum</span> <span class='ocrx_word' id='word_1_224' title='bbox 1114 3087 1146 3143; x_wconf 90' lang='lat' dir='ltr'>et</span> <span class='ocrx_word' id='word_1_225' title='bbox 1161 3079 1223 3144; x_wconf 78' lang='lat' dir='ltr'>lin·</span> 
     </span>
     <span class='ocr_line' id='line_1_29' title="bbox 119 3176 1230 3246; baseline 0.005 -8"><span class='ocrx_word' id='word_1_226' title='bbox 119 3176 227 3242; x_wconf 87' lang='lat' dir='ltr'>etesiae</span> <span class='ocrx_word' id='word_1_227' title='bbox 248 3179 428 3244; x_wconf 88' lang='lat' dir='ltr'>Caesareae</span> <span class='ocrx_word' id='word_1_228' title='bbox 449 3191 674 3244; x_wconf 86' lang='lat' dir='ltr'>oruamentum</span> <span class='ocrx_word' id='word_1_229' title='bbox 697 3183 781 3245; x_wconf 90' lang='lat' dir='ltr'>inter</span> <span class='ocrx_word' id='word_1_230' title='bbox 801 3189 926 3245; x_wconf 88' lang='lat' dir='ltr'>ceteros</span> <span class='ocrx_word' id='word_1_231' title='bbox 947 3184 1108 3246; x_wconf 78' lang='lat' dir='ltr'>emicansa</span> <span class='ocrx_word' id='word_1_232' title='bbox 1134 3179 1230 3244; x_wconf 80' lang='lat' dir='ltr'>«Ve-</span> 
     </span>
     <span class='ocr_line' id='line_1_30' title="bbox 118 3275 1224 3361; baseline 0.005 -25"><span class='ocrx_word' id='word_1_233' title='bbox 118 3275 171 3340; x_wconf 92' lang='lat' dir='ltr'>luti</span> <span class='ocrx_word' id='word_1_234' title='bbox 191 3279 355 3358; x_wconf 89' lang='lat' dir='ltr'>quoddam</span> <span class='ocrx_word' id='word_1_235' title='bbox 378 3283 409 3342; x_wconf 93' lang='lat' dir='ltr'>iu</span> <span class='ocrx_word' id='word_1_236' title='bbox 430 3281 480 3342; x_wconf 94' lang='lat' dir='ltr'>die</span> <span class='ocrx_word' id='word_1_237' title='bbox 503 3282 709 3361; x_wconf 85' lang='lat' dir='ltr'>resplendens</span> <span class='ocrx_word' id='word_1_238' title='bbox 730 3284 890 3348; x_wconf 89' lang='lat' dir='ltr'>luminare</span> <span class='ocrx_word' id='word_1_239' title='bbox 911 3285 943 3346; x_wconf 91' lang='lat' dir='ltr'>iu</span> <span class='ocrx_word' id='word_1_240' title='bbox 963 3284 1056 3347; x_wconf 88' lang='lat' dir='ltr'>astris</span> <span class='ocrx_word' id='word_1_241' title='bbox 1072 3282 1224 3361; x_wconf 90' lang='lat' dir='ltr'>iulgeuti·</span> 
     </span>
     <span class='ocr_line' id='line_1_31' title="bbox 122 3376 1224 3466; baseline 0.005 -30"><span class='ocrx_word' id='word_1_242' title='bbox 122 3377 173 3440; x_wconf 88' lang='lat' dir='ltr'>bus</span> <span class='ocrx_word' id='word_1_243' title='bbox 192 3383 223 3442; x_wconf 91' lang='lat' dir='ltr'>iu</span> <span class='ocrx_word' id='word_1_244' title='bbox 239 3381 348 3445; x_wconf 89' lang='lat' dir='ltr'>medin</span> <span class='ocrx_word' id='word_1_245' title='bbox 362 3399 476 3445; x_wconf 89' lang='lat' dir='ltr'>eorum</span> <span class='ocrx_word' id='word_1_246' title='bbox 493 3381 699 3466; x_wconf 69' lang='lat' dir='ltr'>(martyrum)</span> <span class='ocrx_word' id='word_1_247' title='bbox 716 3382 860 3462; x_wconf 88' lang='lat' dir='ltr'>iulgebat</span> <span class='ocrx_word' id='word_1_248' title='bbox 875 3401 966 3446; x_wconf 90' lang='lat' dir='ltr'>mens</span> <span class='ocrx_word' id='word_1_249' title='bbox 977 3382 1136 3445; x_wconf 90' lang='lat' dir='ltr'>dominus.</span> <span class='ocrx_word' id='word_1_250' title='bbox 1150 3376 1224 3444; x_wconf 89' lang='lat' dir='ltr'>Nou</span> 
     </span>
     <span class='ocr_line' id='line_1_32' title="bbox 120 3479 1224 3564; baseline 0.005 -24"><span class='ocrx_word' id='word_1_251' title='bbox 120 3487 160 3540; x_wconf 87' lang='lat' dir='ltr'>est</span> <span class='ocrx_word' id='word_1_252' title='bbox 180 3483 265 3544; x_wconf 91' lang='lat' dir='ltr'>enim</span> <span class='ocrx_word' id='word_1_253' title='bbox 288 3479 365 3545; x_wconf 89' lang='lat' dir='ltr'>mihi</span> <span class='ocrx_word' id='word_1_254' title='bbox 388 3481 434 3544; x_wconf 85' lang='lat' dir='ltr'>ias</span> <span class='ocrx_word' id='word_1_255' title='bbox 455 3483 551 3546; x_wconf 88' lang='lat' dir='ltr'>aliter</span> <span class='ocrx_word' id='word_1_256' title='bbox 573 3484 739 3564; x_wconf 89' lang='lat' dir='ltr'>appellare</span> <span class='ocrx_word' id='word_1_257' title='bbox 760 3484 904 3548; x_wconf 77' lang='lat' dir='ltr'>divinum</span> <span class='ocrx_word' id='word_1_258' title='bbox 931 3490 968 3548; x_wconf 38' lang='lat' dir='ltr'>et*</span> <span class='ocrx_word' id='word_1_259' title='bbox 984 3485 1079 3563; x_wconf 86' lang='lat' dir='ltr'>plane</span> <span class='ocrx_word' id='word_1_260' title='bbox 1110 3481 1224 3545; x_wconf 86' lang='lat' dir='ltr'>beatis·</span> 
     </span>
     <span class='ocr_line' id='line_1_33' title="bbox 120 3579 1228 3662; baseline 0.006 -24"><span class='ocrx_word' id='word_1_261' title='bbox 120 3579 226 3642; x_wconf 88' lang='lat' dir='ltr'>simum</span> <span class='ocrx_word' id='word_1_262' title='bbox 249 3581 467 3659; x_wconf 85' lang='lat' dir='ltr'>Pamphilum.</span> <span class='ocrx_word' id='word_1_263' title='bbox 491 3582 521 3647; x_wconf 88' lang='lat' dir='ltr'>Is</span> <span class='ocrx_word' id='word_1_264' title='bbox 544 3583 682 3647; x_wconf 88' lang='lat' dir='ltr'>enimet</span> <span class='ocrx_word' id='word_1_265' title='bbox 710 3583 946 3659; x_wconf 88' lang='lat' dir='ltr'>eruditionem,</span> <span class='ocrx_word' id='word_1_266' title='bbox 970 3600 1055 3662; x_wconf 91' lang='lat' dir='ltr'>quae</span> <span class='ocrx_word' id='word_1_267' title='bbox 1086 3582 1228 3647; x_wconf 88' lang='lat' dir='ltr'>babetur</span> 
     </span>
     <span class='ocr_line' id='line_1_34' title="bbox 121 3680 1225 3764; baseline 0.007 -27"><span class='ocrx_word' id='word_1_268' title='bbox 121 3680 194 3756; x_wconf 89' lang='lat' dir='ltr'>epnd</span> <span class='ocrx_word' id='word_1_269' title='bbox 217 3697 353 3761; x_wconf 89' lang='lat' dir='ltr'>graecus</span> <span class='ocrx_word' id='word_1_270' title='bbox 373 3683 404 3745; x_wconf 93' lang='lat' dir='ltr'>in</span> <span class='ocrx_word' id='word_1_271' title='bbox 426 3681 651 3759; x_wconf 87' lang='lat' dir='ltr'>admiratione,</span> <span class='ocrx_word' id='word_1_272' title='bbox 673 3703 736 3747; x_wconf 91' lang='lat' dir='ltr'>nou</span> <span class='ocrx_word' id='word_1_273' title='bbox 758 3684 883 3748; x_wconf 90' lang='lat' dir='ltr'>modice</span> <span class='ocrx_word' id='word_1_274' title='bbox 906 3686 1068 3764; x_wconf 79' lang='lat' dir='ltr'>attigerat,</span> <span class='ocrx_word' id='word_1_275' title='bbox 1085 3689 1117 3746; x_wconf 88' lang='lat' dir='ltr'>et</span> <span class='ocrx_word' id='word_1_276' title='bbox 1131 3685 1163 3746; x_wconf 90' lang='lat' dir='ltr'>in</span> <span class='ocrx_word' id='word_1_277' title='bbox 1178 3683 1225 3746; x_wconf 92' lang='lat' dir='ltr'>di·</span> 
     </span>
     <span class='ocr_line' id='line_1_35' title="bbox 122 3769 1225 3866; baseline 0.011 -30"><span class='ocrx_word' id='word_1_278' title='bbox 122 3779 261 3844; x_wconf 78' lang='lat' dir='ltr'>sinorum</span> <span class='ocrx_word' id='word_1_279' title='bbox 284 3783 470 3862; x_wconf 88' lang='lat' dir='ltr'>dogmatum</span> <span class='ocrx_word' id='word_1_280' title='bbox 492 3793 526 3846; x_wconf 88' lang='lat' dir='ltr'>et</span> <span class='ocrx_word' id='word_1_281' title='bbox 544 3784 698 3848; x_wconf 87' lang='lat' dir='ltr'>divinitus</span> <span class='ocrx_word' id='word_1_282' title='bbox 718 3769 950 3864; x_wconf 72' lang='lat' dir='ltr'>inspiratarum</span> <span class='ocrx_word' id='word_1_283' title='bbox 979 3784 1225 3866; x_wconf 90' lang='lat' dir='ltr'>Scripturarum</span> 
     </span>
     <span class='ocr_line' id='line_1_36' title="bbox 121 3880 1231 3962; baseline 0.01 -25"><span class='ocrx_word' id='word_1_284' title='bbox 121 3880 319 3956; x_wconf 85' lang='lat' dir='ltr'>eruditione,</span> <span class='ocrx_word' id='word_1_285' title='bbox 341 3881 446 3962; x_wconf 92' lang='lat' dir='ltr'>siquid</span> <span class='ocrx_word' id='word_1_286' title='bbox 469 3883 648 3958; x_wconf 85' lang='lat' dir='ltr'>audacius,</span> <span class='ocrx_word' id='word_1_287' title='bbox 669 3885 724 3948; x_wconf 87' lang='lat' dir='ltr'>sed</span> <span class='ocrx_word' id='word_1_288' title='bbox 748 3903 862 3949; x_wconf 83' lang='lat' dir='ltr'>verum</span> <span class='ocrx_word' id='word_1_289' title='bbox 892 3885 1063 3950; x_wconf 85' lang='lat' dir='ltr'>dicendum</span> <span class='ocrx_word' id='word_1_290' title='bbox 1084 3894 1151 3962; x_wconf 90' lang='lat' dir='ltr'>est,</span> <span class='ocrx_word' id='word_1_291' title='bbox 1186 3887 1231 3948; x_wconf 89' lang='lat' dir='ltr'>ita</span> 
     </span>
     <span class='ocr_line' id='line_1_37' title="bbox 122 3985 1232 4068; baseline 0.007 -27"><span class='ocrx_word' id='word_1_292' title='bbox 122 3989 183 4044; x_wconf 85' lang='lat' dir='ltr'>erat</span> <span class='ocrx_word' id='word_1_293' title='bbox 202 3985 414 4058; x_wconf 83' lang='lat' dir='ltr'>exercitatus,</span> <span class='ocrx_word' id='word_1_294' title='bbox 435 3990 474 4047; x_wconf 90' lang='lat' dir='ltr'>ut</span> <span class='ocrx_word' id='word_1_295' title='bbox 494 3985 604 4049; x_wconf 91' lang='lat' dir='ltr'>uullus</span> <span class='ocrx_word' id='word_1_296' title='bbox 625 4003 729 4067; x_wconf 87' lang='lat' dir='ltr'>aeque</span> <span class='ocrx_word' id='word_1_297' title='bbox 749 4005 793 4051; x_wconf 85' lang='lat' dir='ltr'>ex</span> <span class='ocrx_word' id='word_1_298' title='bbox 813 3989 863 4064; x_wconf 90' lang='lat' dir='ltr'>iis,</span> <span class='ocrx_word' id='word_1_299' title='bbox 885 3987 941 4068; x_wconf 93' lang='lat' dir='ltr'>qui</span> <span class='ocrx_word' id='word_1_300' title='bbox 963 3994 1057 4049; x_wconf 89' lang='lat' dir='ltr'>erant</span> <span class='ocrx_word' id='word_1_301' title='bbox 1070 4005 1131 4051; x_wconf 86' lang='lat' dir='ltr'>sun</span> <span class='ocrx_word' id='word_1_302' title='bbox 1153 3993 1232 4050; x_wconf 90' lang='lat' dir='ltr'>tem-</span> 
     </span>
     <span class='ocr_line' id='line_1_38' title="bbox 124 4083 1229 4167; baseline 0.005 -27"><span class='ocrx_word' id='word_1_303' title='bbox 124 4097 203 4155; x_wconf 88' lang='lat' dir='ltr'>pure.</span> <span class='ocrx_word' id='word_1_304' title='bbox 226 4083 321 4158; x_wconf 87' lang='lat' dir='ltr'>Quod</span> <span class='ocrx_word' id='word_1_305' title='bbox 342 4093 452 4148; x_wconf 85' lang='lat' dir='ltr'>autem</span> <span class='ocrx_word' id='word_1_306' title='bbox 474 4092 546 4148; x_wconf 90' lang='lat' dir='ltr'>erat</span> <span class='ocrx_word' id='word_1_307' title='bbox 565 4085 613 4148; x_wconf 92' lang='lat' dir='ltr'>bis</span> <span class='ocrx_word' id='word_1_308' title='bbox 634 4086 729 4165; x_wconf 88' lang='lat' dir='ltr'>louge</span> <span class='ocrx_word' id='word_1_309' title='bbox 751 4087 868 4167; x_wconf 85' lang='lat' dir='ltr'>majus,</span> <span class='ocrx_word' id='word_1_310' title='bbox 891 4093 924 4148; x_wconf 87' lang='lat' dir='ltr'>et</span> <span class='ocrx_word' id='word_1_311' title='bbox 939 4088 1153 4165; x_wconf 89' lang='lat' dir='ltr'>praestantius</span> <span class='ocrx_word' id='word_1_312' title='bbox 1172 4085 1229 4150; x_wconf 87' lang='lat' dir='ltr'>ba·</span> 
     </span>
     <span class='ocr_line' id='line_1_39' title="bbox 124 4176 1229 4266; baseline 0.01 -29"><span class='ocrx_word' id='word_1_313' title='bbox 124 4176 209 4246; x_wconf 89' lang='lat' dir='ltr'>bebat</span> <span class='ocrx_word' id='word_1_314' title='bbox 229 4183 362 4260; x_wconf 88' lang='lat' dir='ltr'>donum,</span> <span class='ocrx_word' id='word_1_315' title='bbox 384 4200 500 4263; x_wconf 92' lang='lat' dir='ltr'>nempe</span> <span class='ocrx_word' id='word_1_316' title='bbox 520 4183 606 4249; x_wconf 90' lang='lat' dir='ltr'>domi</span> <span class='ocrx_word' id='word_1_317' title='bbox 628 4192 758 4262; x_wconf 84' lang='lat' dir='ltr'>natam,</span> <span class='ocrx_word' id='word_1_318' title='bbox 783 4185 834 4249; x_wconf 84' lang='lat' dir='ltr'>rel</span> <span class='ocrx_word' id='word_1_319' title='bbox 857 4185 962 4266; x_wconf 90' lang='lat' dir='ltr'>potius</span> <span class='ocrx_word' id='word_1_320' title='bbox 983 4183 1086 4250; x_wconf 82' lang='lat' dir='ltr'>allen</span> <span class='ocrx_word' id='word_1_321' title='bbox 1107 4185 1229 4262; x_wconf 87' lang='lat' dir='ltr'>datam,</span> 
     </span>
     <span class='ocr_line' id='line_1_40' title="bbox 124 4277 662 4365; baseline 0.009 -28"><span class='ocrx_word' id='word_1_322' title='bbox 124 4277 354 4365; x_wconf 74' lang='lat' dir='ltr'>intelligentiam</span> <span class='ocrx_word' id='word_1_323' title='bbox 376 4291 409 4348; x_wconf 87' lang='lat' dir='ltr'>et</span> <span class='ocrx_word' id='word_1_324' title='bbox 430 4285 662 4364; x_wconf 82' lang='lat' dir='ltr'>sapientiam.»</span> 
     </span>
    </p>
   </div>
   <div class='ocr_carea' id='block_1_8' title="bbox 0 0 1611 4946">
    <p class='ocr_par' dir='ltr' id='par_1_8' title="bbox 0 0 1611 4946">
     <span class='ocr_line' id='line_1_41' title="bbox 0 0 1611 4946; baseline 0 0"><span class='ocrx_word' id='word_1_325' title='bbox 0 0 1611 4946; x_wconf 95' lang='lat' dir='ltr'> </span> 
     </span>
    </p>
   </div>
  </div>
 </body>
</html>
