2982 4934
1084 377 1147 452 hil

56 485 147 550 lectos
167 501 294 565 quoqne
314 481 487 558 nonnullos
507 483 539 545 ln
561 479 742 546 illusionem
758 481 906 548 inductos
926 483 1057 548 luisses
1074 488 1153 550 tanti

60 591 113 650 siri
133 587 349 667 perversitate.

128 686 297 766 liegehsut,
319 688 424 766 iuquit
443 684 652 758 Sosomenns,
676 697 752 749 tnnc
766 687 796 748 in
813 685 959 770 Aegypto
975 689 1148 755 admodum

57 789 224 868 Throphiin
245 790 311 852 cari
326 799 469 868 quatuor
492 787 609 849 iratres
629 789 778 852 monaehi
795 788 994 862 Ammonius,
1018 790 1151 856 Dioscu-

59 911 116 966 ms,
131 891 300 964 Eusebius,
315 901 414 969 atque
426 888 633 971 Euthymius,
649 907 730 969 qnos
744 891 810 969 ipse
824 892 1036 956 contubernio
1051 903 1083 956 et
1103 893 1149 956 ia·

56 993 155 1054 miliari
177 1009 351 1070 congressu
374 989 609 1068 utplurimum
640 989 788 1052 hahehst.
812 987 872 1054 Sed
894 1001 1006 1056 contra
1028 1011 1082 1056 ens
1106 995 1148 1056 si·

56 1093 175 1156 nnltste
196 1093 293 1165 inita,
324 1091 448 1154 nescius
470 1086 669 1168 Theophilus
689 1089 853 1170 quomodo
874 1091 919 1154 eis
942 1109 1058 1156 nocere
1079 1111 1150 1172 pos·

54 1203 103 1266 set,
123 1195 175 1272 qni
197 1190 279 1255 nihil
300 1189 526 1268 possidebunt,
558 1196 592 1250 et
611 1190 716 1250 omnia
740 1199 869 1266 praeter
897 1191 1147 1274 philosophiam,

55 1293 294 1373 sspemshantnr
307 1333 317 1364 ,
332 1309 406 1354 cnm
428 1291 569 1352 novisset
590 1297 695 1356 tamen
714 1299 890 1356 sectatores
911 1311 966 1356 eos
987 1311 1056 1357 esse
1076 1292 1150 1356 Ori·

57 1399 140 1475 genis,
155 1405 187 1460 et
202 1397 277 1458 hinc
298 1397 382 1472 ipsos
396 1391 577 1471 opinionem
594 1392 831 1469 reprehendere
848 1394 994 1470 illorum,
1009 1395 1066 1476 qni
1090 1395 1149 1458 hu·

59 1515 133 1560 nana
155 1498 261 1560 iorma
290 1495 470 1574 praeditum
491 1511 560 1556 esse
589 1488 691 1557 Deum
713 1495 881 1570 dicnhant,
916 1498 1075 1560 commisit
1095 1513 1150 1558 eos

59 1615 116 1660 enm
136 1599 343 1662 multitudine
365 1600 621 1675 monachorum,
653 1599 709 1679 qui
731 1597 828 1661 aliter
847 1597 1036 1660 sentiebant.
1059 1594 1150 1660 Unde

60 1699 226 1776 gravissima
242 1702 404 1762 eontentio
425 1711 495 1763 orta
515 1709 563 1762 est
582 1701 667 1762 inter
688 1698 873 1760 monachos:
897 1696 1072 1776 exquibus
1093 1697 1149 1776 qni

59 1795 144 1863 [lenm
158 1801 387 1880 incorporeum
403 1802 599 1876 asserebam,
613 1801 800 1880 origenistas
818 1798 985 1875 vocabant3
999 1799 1054 1861 alii
1072 1812 1150 1860 sero

57 1911 151 1966 contra
171 1913 362 1976 asserentes,
384 1903 762 1984 anthropomorphiancs.
780 1901 819 1964 Et
836 1903 915 1964 haec
935 1903 981 1966 ait
1001 1899 1151 1964 Sosome·

58 2019 103 2066 nus
123 2005 154 2066 iu
173 2000 275 2067 Lihro
298 2001 385 2066 vlit.
401 2021 429 2067 c.
445 2002 519 2068 xli.
535 2001 683 2067 Socrates
698 2020 797 2083 porro
818 2002 906 2064 addit
927 2003 958 2064 iu
980 1999 1077 2064 Lihrn
1094 1998 1144 2064 vt

56 2119 79 2162 c.
97 2099 163 2166 tlt.
185 2101 403 2184 Theophilum
436 2105 547 2183 plnres
569 2104 741 2168 monachos
763 2102 945 2181 decepisse,
970 2103 1056 2164 siros
1076 2101 1150 2164 sins·

57 2201 140 2279 plices
157 2205 290 2286 qnidam
309 2214 342 2267 et
361 2207 517 2278 sinceros,
532 2205 586 2268 sed
611 2205 718 2276 rudes,
741 2221 779 2266 ac
795 2203 967 2283 piesosqne
987 2201 1083 2264 etiam
1100 2201 1151 2264 lit·

57 2311 183 2368 terarum
205 2314 370 2388 expertes,
392 2303 479 2368 hlislt
506 2308 588 2369 euim
610 2307 649 2366 ad
672 2305 755 2382 ipsos
777 2305 922 2376 litteras,
953 2321 991 2365 ue
1020 2301 1150 2366 auscul-

57 2413 146 2469 tarent
166 2406 363 2472 llioscnrnm
394 2417 425 2471 et
448 2407 563 2470 iratres
584 2406 675 2487 ejus,
698 2407 850 2468 inducere
871 2412 1021 2478 conatos,
1044 2402 1148 2464 Deum

56 2505 164 2570 scilieet
183 2526 243 2572 nec
265 2508 391 2584 ocnlns,
414 2525 472 2571 nec
493 2525 609 2583 aures,
632 2524 689 2569 nen
711 2523 835 2579 manns,
858 2523 918 2568 nee
939 2505 1035 2584 pedes
1056 2502 1153 2568 hehe·

55 2624 93 2670 re.
114 2605 180 2676 ttse
194 2609 311 2675 lrande
331 2608 530 2691 Theophilus
552 2609 671 2674 multos
693 2607 867 2671 monachos
882 2607 1030 2686 decepit3
1052 2615 1084 2669 ct
1105 2607 1151 2669 in·

55 2709 87 2771 de
104 2722 171 2776 orta
191 2721 242 2778 est
262 2713 438 2792 dissensl03
459 2729 544 2793 qnae
563 2711 644 2775 adeo
665 2711 749 2774 inter
769 2727 824 2774 eos
845 2709 979 2783 exarsit,
1003 2717 1039 2772 nt
1060 2725 1152 2788 prae·

57 2808 103 2873 isti
122 2815 180 2877 siri
201 2833 267 2878 non
300 2823 424 2878 tantum
445 2815 477 2876 in
505 2813 566 2876 hac
586 2829 623 2876 re
652 2811 799 2892 Origenis
821 2811 900 2889 (etsi
926 2819 1015 2873 recto
1034 2810 1151 2886 ιιιιιι)

55 2913 175 2979 studiosi
205 2916 422 2990 haberentur,
445 2931 559 2978 rernm
581 2914 732 2978 etiamst
762 2929 937 2990 prarnrnm
964 2909 1150 2991 dogmatum

55 3023 226 3090 metatores,
246 3034 389 3096 quornm
410 3015 565 3096 Origenes
579 3015 646 3094 ipsc
661 3030 719 3094 per
740 3013 834 3076 illuns
848 3012 998 3076 lihellunt
1019 3011 1152 3092 (falsita-

57 3113 128 3177 tihns
146 3116 327 3180 coniertunr
351 3117 397 3180 nti
419 3117 689 3179 calumniatorum
722 3114 825 3192 opus)
847 3110 996 3192 culpatus
1019 3111 1151 3190 iuerai3

57 3222 87 3277 nt
104 3217 172 3280 ideo
191 3218 290 3283 simul
306 3218 405 3298 vulgo
428 3217 665 3282 haereticorum
682 3225 714 3278 et
730 3214 992 3294 blasphemorum
1007 3222 1081 3276 nota
1096 3213 1152 3276 de-

55 3315 254 3394 signarentur.
286 3316 377 3394 Qnos
398 3317 512 3380 deinde
543 3333 616 3380 cnm
647 3317 763 3378 ceteris
789 3313 937 3394 Origeuis
969 3311 1150 3378 lenioribus

57 3410 189 3496 synodus
209 3419 432 3494 alexandrina,
448 3419 507 3481 ,nni
528 3418 595 3496 ipse
616 3425 765 3496 praeerat
792 3413 1003 3496 Theophilus,
1027 3414 1149 3493 pelten-

59 3514 105 3578 dns
123 3537 188 3582 esse
208 3521 364 3595 decrerit,
387 3519 427 3583 ad
449 3519 511 3582 hoc
532 3518 701 3582 accedente
723 3517 884 3596 augustali
905 3515 1110 3578 auctoritate.

125 3620 271 3700 nuptias
288 3639 364 3684 sero
386 3619 498 3695 reieri,
514 3619 601 3700 quod
620 3617 783 3683 Palladius
798 3619 828 3680 in
844 3619 905 3681 rita
920 3635 944 3678 s.
962 3613 1151 3698 chrysosto-

60 3719 245 3792 uidereris
261 3723 395 3785 testihus
405 3721 566 3794 adhibitis,
582 3728 694 3783 narrat
713 3719 753 3782 de
770 3719 932 3782 monachis
948 3718 989 3782 ah
1007 3717 1152 3802 Aegypto

61 3819 147 3896 pulsis
166 3823 258 3888 nullo
278 3825 411 3887 erimine
425 3821 652 3896 intercedente,
674 3821 729 3884 sed
747 3820 967 3882 tantummodo
982 3816 1152 3898 Theophili

61 3917 260 3998 inprobitate:
285 3925 373 3986 uhit
401 3925 506 3998 enim,
530 3924 763 3986 monachornm
794 3921 1059 3984 obtestationibus
1088 3933 1152 3982 nnn

62 4023 298 4098 requiescentem
333 4021 547 4105 Theophilum
569 4025 689 4088 misisse
720 4023 759 4086 ad
784 4023 902 4086 ricinos
921 4023 1100 4103 episcopos,
1120 4026 1155 4084 ct

63 4120 200 4190 sdrersns
219 4127 349 4190 eosdem
368 4127 727 4209 coegisseconcilinrn,
749 4143 854 4206 usqne
873 4126 914 4188 sd
936 4124 1152 4188 detonsionem

63 4225 167 4380 roratis
175 4227 367 4390 Viplsisiunec
387 4227 469 4294 iactr
501 4227 565 4292 illis
586 4228 710 4294 dicendi
731 4235 899 4309 potestate.
922 4221 1152 4391 Verrfftamen
