3066 4950
321 376 430 548 affola
452 481 594 548 Concilio
627 483 788 552 celebrata
811 492 908 568 aunt3
938 505 979 552 ex
1000 505 1068 570 quo
1089 486 1218 569 Religio
1245 475 1428 554 Christiana

323 583 495 648 constitute
517 592 578 660 est,
602 603 697 649 namo
718 603 874 667 uuquam,
890 587 948 652 nial
970 591 1075 668 magni
1090 589 1189 670 lunius
1209 595 1309 669 atquc
1329 586 1431 648 dirioi

213 695 216 702 ’
323 682 387 750 riri
409 690 566 765 temporo.
587 693 733 765 quatuor
760 688 857 752 simul
889 689 1089 769 paederotas
1110 690 1296 754 convenisse
1319 687 1432 750 merni-

322 786 381 850 uit.
413 785 526 867 ltaque
547 787 670 852 cunctis
698 787 953 854 dubitationibus
972 797 1006 854 et
1025 789 1255 858 contmaersiia
1275 806 1341 852 uon
1363 788 1433 850 sio·

323 883 435 957 leutio,
452 903 513 949 uon
535 889 734 964 necessitate,
749 896 848 970 atque
869 891 1010 969 partium
1031 890 1152 965 studio,
1167 897 1266 970 atque
1286 887 1433 952 abactio·

323 1000 377 1062 ne,
392 985 447 1050 sed
463 985 771 1053 demonstrationum
785 997 817 1052 ct
830 991 1092 1062 cohortationum
1107 988 1139 1052 vi
1153 989 1330 1063 dissolutis,
1344 1005 1432 1052 sutu-

323 1101 375 1150 ma
398 1104 461 1166 pax
483 1093 515 1150 ot
537 1106 648 1169 magna
672 1089 888 1170 tranquillitas
903 1089 940 1154 'iu
963 1091 1020 1156 liei
1042 1089 1187 1156 Ecclesia
1208 1098 1258 1153 est
1277 1107 1431 1154 consecu-

326 1191 368 1248 ta.
385 1185 537 1262 Quntuor
556 1198 664 1253 antem
687 1192 890 1270 patriarchae
908 1201 983 1258 sunt
996 1194 1058 1256 ¹lsi:
1075 1192 1211 1274 vigilius
1234 1192 1354 1255 veteris
1367 1189 1431 1254 llo·

324 1303 409 1362 mna,
427 1287 605 1374 Eutychiae
627 1291 681 1354 iric
706 1309 809 1356 novae
831 1293 967 1370 Romae,
993 1294 1214 1376 Apollinarins
1234 1309 1371 1372 maguae
1392 1289 1432 1353 Δ·

325 1385 526 1466 texandriae,
553 1389 695 1457 Domuus
713 1393 921 1458 Antiochiaer
944 1397 999 1476 qni
1023 1402 1175 1478 tauquam
1197 1413 1300 1460 unum
1316 1394 1433 1456 inccr-

327 1506 387 1574 pus
408 1507 449 1554 ex
470 1499 615 1571 quatuor
636 1493 802 1558 elementis
823 1493 963 1569 enudati,
987 1497 1165 1572 unanimes,
1189 1496 1342 1577 idemque
1362 1511 1431 1556 son·

327 1591 453 1665 tientes,
466 1610 580 1668 manus
595 1595 679 1658 iuter
693 1615 726 1660 sa
742 1597 996 1678 conjunxerunt,
1011 1607 1047 1662 nt
1062 1598 1235 1662 omnnium
1250 1595 1336 1660 iliud
1347 1595 1432 1661 Psal-

327 1690 369 1754 mi
391 1697 550 1758 testatore
575 1693 708 1776 demina
724 1697 880 1778 plaudent
900 1699 1046 1764 manitus
1066 1697 1263 1781 inidipsum
1265 1740 1391 1762 ......

407 1812 424 1852 tt
441 1793 594 1872 Quatucr
609 1799 640 1862 bi
656 1797 745 1864 llurii
760 1801 909 1866 tollentes
931 1803 1137 1865 contritiones
1152 1802 1325 1876 montium,
1338 1799 1429 1881 insu

325 1903 406 1969 illud
424 1901 607 1966 :eleuabant
623 1901 755 1983 flumina
769 1903 883 1982 uorsus
897 1922 983 1978 suos,
999 1903 1163 1984 opiniones
1179 1904 1430 1974 haereticum,
1513 1961 1514 1978 ¹

326 2023 410 2085 quae
425 2003 510 2083 apud
528 2003 639 2068 tidelm
652 2011 728 2068 suot
742 2004 890 2068 maculae
904 2004 1063 2084 quendam
1079 2011 1111 2067 at
1125 2003 1248 2080 sordes,
1268 2003 1433 2085 ejecerunt
1513 2007 1514 2070 j

327 2123 346 2170 a
363 2107 494 2172 vocibus
505 2121 679 2186 aquarum,
691 2106 885 2183 multarum,
902 2107 982 2170 idest
995 2105 1238 2186 Scriptummm
1253 2114 1287 2170 et
1300 2104 1432 2169 Peteon

328 2208 527 2272 testimoniis.
544 2205 780 2288 laetitiamque
801 2208 955 2288 gandium
976 2209 1093 2273 sanctis
1114 2209 1289 2282 montibus,
1306 2207 1370 2270 boc
1388 2213 1432 2269 eat

328 2306 446 2376 Christi
468 2307 611 2372 ecclesiis
631 2313 846 2388 pepererunt.
860 2352 867 2370 .
882 2353 891 2373 .
904 2353 912 2372 .
926 2307 1007 2372 Cum
1029 2309 1130 2390 igitur
1150 2327 1191 2373 ex
1212 2315 1359 2389 quatuor
1379 2303 1431 2370 tu·

324 2418 452 2488 aterum
474 2411 659 2487 concordia,
675 2419 831 2492 rectoque
851 2429 959 2484 sensu,
977 2410 1097 2475 lactum
1119 2409 1204 2476 essct
1219 2409 1321 2476 veluti
1337 2423 1431 2472 ununt

328 2510 429 2588 ovile,
442 2519 544 2592 atque
565 2529 649 2576 uuus
664 2510 791 2585 Pastor.
814 2521 847 2574 et
860 2515 962 2574 omnis
983 2511 1168 2593 disciplinae
1183 2509 1364 2574 moderatio
1382 2527 1431 2572 sn·

327 2628 389 2694 per
407 2611 591 2675 sacerdotes
605 2619 635 2675 et
656 2613 862 2676 sacerdotum
878 2612 1044 2693 praesules
1058 2613 1307 2694 conquievisset,
1324 2611 1432 2675 discet·

328 2720 442 2780 acruut
464 2714 503 2778 ad
528 2733 602 2778 suas
623 2715 740 2795 singuli
760 2716 907 2779 civitates
922 2724 954 2778 ct
975 2716 1114 2796 populos
1135 2731 1340 2794 magnacum
1361 2729 1430 2794 gau·

330 2814 396 2881 dio.
416 2813 470 2880 Ac
490 2816 546 2880 diu
561 2815 691 2896 qnidam
715 2823 791 2880 tuuc
810 2835 921 2880 omncs
938 2817 1055 2897 obtqua
1074 2816 1231 2882 ccclesiae
1253 2814 1311 2880 [iri
1334 2816 1365 2878 iu
1384 2831 1431 2893 ps·

331 2934 370 2981 cc
391 2925 538 2982 versatae
556 2925 654 2982 suut.
674 2963 681 2979 .
698 2961 727 2981 ..
743 2961 774 2980 ..
791 2917 855 2983 ‚At
876 2934 1009 2999 magnus
1031 2919 1084 2982 bic
1108 2919 1158 2982 rir
1180 2917 1237 2981 lici
1259 2915 1432 3002 Eutychide

331 3019 405 3100 peri
435 3035 594 3104 annorum
621 3037 772 3099 numero,
791 3029 875 3103 quot
892 3028 970 3085 sunt
989 3020 1149 3101 Apostoli,
1171 3017 1292 3085 Christi
1312 3032 1431 3100 gregem

335 3119 426 3198 nsrtt
444 3126 540 3185 etc.»

415 3222 465 3288 tu
487 3225 547 3288 bac
576 3222 735 3290 Eustntbii
757 3226 942 3290 narratione
965 3232 1101 3291 cunctae
1122 3223 1250 3306 penitus
1269 3221 1431 3287 destruun-

334 3337 392 3398 tur
411 3333 638 3406 praesumptae
658 3331 877 3394 contentiones
892 3329 975 3393 iuter
989 3327 1141 3408 vigilium
1162 3334 1195 3390 et
1207 3324 1228 3390 J
1232 3325 1430 3398 ustinisnnnn

336 3428 512 3512 vigiliique
526 3431 688 3494 evanescit
708 3430 898 3495 instabilitas
910 3432 941 3494 in
961 3430 1059 3494 trium
1075 3427 1304 3509 Gapitnlnrusn
1326 3423 1431 3506 dijudi-

336 3529 438 3594 cauda
466 3530 656 3610 quaestione
677 3537 770 3594 autea
792 3539 826 3592 et
854 3535 959 3594 stante
979 3529 1207 3609 episcoporum
1238 3526 1431 3590 adunatione.

334 3627 421 3708 ‘Cum
442 3631 527 3696 anim
555 3629 632 3694 dicit
653 3628 856 3708 Eustatbius,
879 3648 941 3693 uon
969 3647 1011 3694 cx
1033 3629 1196 3701 violentia.
1221 3645 1283 3712 uec
1309 3625 1430 3690 ιιιωιί·

339 3735 417 3806 tate,
439 3747 545 3810 neque
567 3731 707 3810 partium
727 3730 848 3805 studio,
863 3729 918 3794 scd
940 3729 1249 3794 demonstrationum
1271 3727 1302 3788 ri
1322 3725 1432 3790 solutas

337 3828 437 3896 inissa
464 3831 702 3897 controversias
723 3837 756 3894 et
776 3830 1002 3904 dubitationes,
1025 3830 1125 3909 magis
1144 3846 1182 3892 ac
1204 3828 1305 3906 magis
1325 3823 1432 3889 invale-

337 3929 398 3996 scit
419 3932 619 4012 propositum
641 3940 789 3997 nostrum
809 3932 965 3996 adversus
985 3931 1267 3994 schismaticorum
1288 3927 1428 3991 lraudea:

335 4036 370 4095 at
385 4048 450 4094 una
472 4031 660 4111 praesertim
674 4029 815 4097 Liberatl
835 4039 868 4097 at
883 4029 1025 4098 Facundi
1045 4040 1272 4111 coarguuntur
1290 4029 1429 4094 lalsitatct
1513 4051 1514 4068 ι

339 4131 373 4194 in
394 4131 527 4198 historia
550 4132 685 4198 texenda
709 4133 841 4200 Concilii
863 4133 989 4214 quinti:
1015 4133 1098 4196 ndco
1118 4138 1155 4197 ut
1182 4147 1268 4196 unns
1288 4140 1320 4192 et
1338 4129 1427 4198 alter,

340 4229 477 4313 vigilius
502 4242 535 4298 ct
555 4235 758 4302 Justiuiauus
788 4235 970 4304 omnimode
992 4237 1187 4304 immunera
1217 4230 1364 4314 praelatis
1381 4227 1426 4291 bt·

340 4333 480 4401 beantur
498 4337 801 4406 insimulationibus.
