<?xml version="1.0" encoding="UTF-8"?>
<!DOCTYPE html PUBLIC "-//W3C//DTD XHTML 1.0 Transitional//EN"
    "http://www.w3.org/TR/xhtml1/DTD/xhtml1-transitional.dtd">
<html xmlns="http://www.w3.org/1999/xhtml" xml:lang="en" lang="en">
 <head>
  <title>
</title>
<meta http-equiv="Content-Type" content="text/html;charset=utf-8" />
  <meta name='ocr-system' content='tesseract 3.04.00' />
  <meta name='ocr-capabilities' content='ocr_page ocr_carea ocr_par ocr_line ocrx_word'/>
</head>
<body>
  <div class='ocr_page' id='page_1' title='image "./insgregoriinyss01vincgoog/insgregoriinyss01vincgoog_0055.png"; bbox 0 0 3186 4946; ppageno 0'>
   <div class='ocr_carea' id='block_1_1' title="bbox 329 321 1446 512">
    <p class='ocr_par' dir='ltr' id='par_1_1' title="bbox 329 321 1446 512">
     <span class='ocr_line' id='line_1_1' title="bbox 329 321 1446 512; baseline -0.001 -23"><span class='ocrx_word' id='word_1_1' title='bbox 329 321 478 512; x_wconf 60' lang='grc' dir='ltr'><strong>ιῗιῖιιιιί,</strong></span> <span class='ocrx_word' id='word_1_2' title='bbox 494 427 550 509; x_wconf 86' lang='lat' dir='ltr'><strong>qni</strong></span> <span class='ocrx_word' id='word_1_3' title='bbox 565 428 669 492; x_wconf 90' lang='lat' dir='ltr'><strong>omnia</strong></span> <span class='ocrx_word' id='word_1_4' title='bbox 687 427 850 510; x_wconf 87' lang='lat' dir='ltr'><strong>percurrit</strong></span> <span class='ocrx_word' id='word_1_5' title='bbox 865 427 1015 509; x_wconf 86' lang='lat' dir='ltr'><strong>Origenis</strong></span> <span class='ocrx_word' id='word_1_6' title='bbox 1034 427 1167 510; x_wconf 88' lang='lat' dir='ltr'><strong>scripta,</strong></span> <span class='ocrx_word' id='word_1_7' title='bbox 1183 432 1220 492; x_wconf 91' lang='lat' dir='ltr'><strong>ut</strong></span> <span class='ocrx_word' id='word_1_8' title='bbox 1236 425 1276 489; x_wconf 86' lang='lat' dir='ltr'><strong>ab</strong></span> <span class='ocrx_word' id='word_1_9' title='bbox 1292 425 1329 491; x_wconf 90' lang='lat' dir='ltr'><strong>ils</strong></span> <span class='ocrx_word' id='word_1_10' title='bbox 1351 424 1446 490; x_wconf 89' lang='lat' dir='ltr'><strong>illins</strong></span> 
     </span>
    </p>
   </div>
   <div class='ocr_carea' id='block_1_2' title="bbox 241 527 1453 4123">
    <p class='ocr_par' dir='ltr' id='par_1_2' title="bbox 241 527 1452 1822">
     <span class='ocr_line' id='line_1_2' title="bbox 329 527 1444 611; baseline -0.003 -21"><span class='ocrx_word' id='word_1_11' title='bbox 329 528 513 592; x_wconf 70' lang='lat' dir='ltr'><strong>adstrueret</strong></span> <span class='ocrx_word' id='word_1_12' title='bbox 534 529 606 592; x_wconf 89' lang='lat' dir='ltr'><strong>lidei</strong></span> <span class='ocrx_word' id='word_1_13' title='bbox 628 527 842 610; x_wconf 90' lang='lat' dir='ltr'><strong>integritatem</strong></span> <span class='ocrx_word' id='word_1_14' title='bbox 866 531 1022 594; x_wconf 83' lang='lat' dir='ltr'><strong>adversus</strong></span> <span class='ocrx_word' id='word_1_15' title='bbox 1036 528 1180 611; x_wconf 80' lang='lat' dir='ltr'><strong>ejusdem</strong></span> <span class='ocrx_word' id='word_1_16' title='bbox 1194 529 1444 592; x_wconf 67' lang='lat' dir='ltr'><strong>obtrectatores.</strong></span> 
     </span>
     <span class='ocr_line' id='line_1_3' title="bbox 241 628 1445 715; baseline -0.003 -21"><span class='ocrx_word' id='word_1_17' title='bbox 241 680 243 684; x_wconf 86' lang='lat'><strong>.</strong></span> <span class='ocrx_word' id='word_1_18' title='bbox 329 628 390 694; x_wconf 85' lang='lat' dir='ltr'><strong>Cui</strong></span> <span class='ocrx_word' id='word_1_19' title='bbox 412 631 541 710; x_wconf 88' lang='lat' dir='ltr'><strong>quidem</strong></span> <span class='ocrx_word' id='word_1_20' title='bbox 563 633 698 715; x_wconf 87' lang='lat' dir='ltr'><strong>martyri</strong></span> <span class='ocrx_word' id='word_1_21' title='bbox 722 641 757 694; x_wconf 91' lang='lat' dir='ltr'><strong>ut</strong></span> <span class='ocrx_word' id='word_1_22' title='bbox 777 634 902 694; x_wconf 90' lang='lat' dir='ltr'><strong>siucero</strong></span> <span class='ocrx_word' id='word_1_23' title='bbox 923 629 1069 712; x_wconf 87' lang='lat' dir='ltr'><strong>Operum</strong></span> <span class='ocrx_word' id='word_1_24' title='bbox 1091 631 1238 711; x_wconf 78' lang='lat' dir='ltr'>origenis</span> <span class='ocrx_word' id='word_1_25' title='bbox 1263 629 1445 694; x_wconf 74' lang='lat' dir='ltr'><strong>scrutatori</strong></span> 
     </span>
     <span class='ocr_line' id='line_1_4' title="bbox 329 731 1448 809; baseline 0.001 -17"><span class='ocrx_word' id='word_1_26' title='bbox 329 746 430 792; x_wconf 85' lang='lat' dir='ltr'><strong>curae</strong></span> <span class='ocrx_word' id='word_1_27' title='bbox 452 732 611 795; x_wconf 85' lang='lat' dir='ltr'><strong>maximae</strong></span> <span class='ocrx_word' id='word_1_28' title='bbox 632 740 703 794; x_wconf 89' lang='lat' dir='ltr'><strong>erat</strong></span> <span class='ocrx_word' id='word_1_29' title='bbox 724 733 780 794; x_wconf 89' lang='lat' dir='ltr'><strong>bos</strong></span> <span class='ocrx_word' id='word_1_30' title='bbox 802 742 914 795; x_wconf 88' lang='lat' dir='ltr'><strong>notare</strong></span> <span class='ocrx_word' id='word_1_31' title='bbox 931 733 1109 795; x_wconf 88' lang='lat' dir='ltr'><strong>haereticos</strong></span> <span class='ocrx_word' id='word_1_32' title='bbox 1123 749 1246 806; x_wconf 91' lang='lat' dir='ltr'><strong>sensns,</strong></span> <span class='ocrx_word' id='word_1_33' title='bbox 1263 733 1288 794; x_wconf 91' lang='lat' dir='ltr'><strong>si</strong></span> <span class='ocrx_word' id='word_1_34' title='bbox 1306 731 1448 809; x_wconf 87' lang='lat' dir='ltr'><strong>reperis·</strong></span> 
     </span>
     <span class='ocr_line' id='line_1_5' title="bbox 327 829 1447 913; baseline 0.004 -23"><span class='ocrx_word' id='word_1_35' title='bbox 327 837 388 904; x_wconf 90' lang='lat' dir='ltr'><strong>aet,</strong></span> <span class='ocrx_word' id='word_1_36' title='bbox 410 848 590 911; x_wconf 88' lang='lat' dir='ltr'><strong>eorumque</strong></span> <span class='ocrx_word' id='word_1_37' title='bbox 613 832 879 910; x_wconf 84' lang='lat' dir='ltr'><strong>emendationem.</strong></span> <span class='ocrx_word' id='word_1_38' title='bbox 904 831 1016 913; x_wconf 82' lang='lat' dir='ltr'><strong>quue</strong></span> <span class='ocrx_word' id='word_1_39' title='bbox 1034 833 1132 912; x_wconf 89' lang='lat' dir='ltr'><strong>magis</strong></span> <span class='ocrx_word' id='word_1_40' title='bbox 1147 832 1234 912; x_wconf 82' lang='lat' dir='ltr'><strong>qnod</strong></span> <span class='ocrx_word' id='word_1_41' title='bbox 1250 851 1275 894; x_wconf 93' lang='lat' dir='ltr'><strong>s.</strong></span> <span class='ocrx_word' id='word_1_42' title='bbox 1294 829 1447 910; x_wconf 88' lang='lat' dir='ltr'><strong>Pamphi·</strong></span> 
     </span>
     <span class='ocr_line' id='line_1_6' title="bbox 330 929 1448 1014; baseline 0 -23"><span class='ocrx_word' id='word_1_43' title='bbox 330 929 382 992; x_wconf 90' lang='lat' dir='ltr'><strong>lns</strong></span> <span class='ocrx_word' id='word_1_44' title='bbox 397 948 414 992; x_wconf 87' lang='lat' dir='ltr'><strong>a</strong></span> <span class='ocrx_word' id='word_1_45' title='bbox 429 934 544 1011; x_wconf 86' lang='lat' dir='ltr'><strong>quovis</strong></span> <span class='ocrx_word' id='word_1_46' title='bbox 566 933 709 1014; x_wconf 81' lang='lat' dir='ltr'><strong>ejusdcm</strong></span> <span class='ocrx_word' id='word_1_47' title='bbox 731 932 884 997; x_wconf 87' lang='lat' dir='ltr'><strong>Tractutu</strong></span> <span class='ocrx_word' id='word_1_48' title='bbox 898 935 993 996; x_wconf 89' lang='lat' dir='ltr'><strong>etiam</strong></span> <span class='ocrx_word' id='word_1_49' title='bbox 1009 933 1110 996; x_wconf 88' lang='lat' dir='ltr'><strong>ardua</strong></span> <span class='ocrx_word' id='word_1_50' title='bbox 1128 933 1286 1013; x_wconf 87' lang='lat' dir='ltr'><strong>capiente,</strong></span> <span class='ocrx_word' id='word_1_51' title='bbox 1306 938 1448 993; x_wconf 77' lang='lat' dir='ltr'><strong>testetur</strong></span> 
     </span>
     <span class='ocr_line' id='line_1_7' title="bbox 329 1031 1446 1114; baseline -0.001 -20"><span class='ocrx_word' id='word_1_52' title='bbox 329 1050 364 1094; x_wconf 88' lang='lat' dir='ltr'><strong>se</strong></span> <span class='ocrx_word' id='word_1_53' title='bbox 391 1034 558 1114; x_wconf 81' lang='lat' dir='ltr'><strong>collegisse</strong></span> <span class='ocrx_word' id='word_1_54' title='bbox 585 1037 774 1106; x_wconf 88' lang='lat' dir='ltr'><strong>testimonia,</strong></span> <span class='ocrx_word' id='word_1_55' title='bbox 803 1045 839 1098; x_wconf 89' lang='lat' dir='ltr'><strong>ut</strong></span> <span class='ocrx_word' id='word_1_56' title='bbox 867 1035 1088 1099; x_wconf 82' lang='lat' dir='ltr'><strong>orthodoxum</strong></span> <span class='ocrx_word' id='word_1_57' title='bbox 1113 1042 1144 1097; x_wconf 91' lang='lat' dir='ltr'><strong>et</strong></span> <span class='ocrx_word' id='word_1_58' title='bbox 1169 1033 1294 1096; x_wconf 89' lang='lat' dir='ltr'><strong>lidelem</strong></span> <span class='ocrx_word' id='word_1_59' title='bbox 1323 1031 1446 1096; x_wconf 77' lang='lat' dir='ltr'><strong>Christi</strong></span> 
     </span>
     <span class='ocr_line' id='line_1_8' title="bbox 328 1134 1445 1215; baseline -0.001 -20"><span class='ocrx_word' id='word_1_60' title='bbox 328 1150 459 1196; x_wconf 85' lang='lat' dir='ltr'><strong>servum</strong></span> <span class='ocrx_word' id='word_1_61' title='bbox 488 1137 715 1213; x_wconf 89' lang='lat' dir='ltr'><strong>comprobaret</strong></span> <span class='ocrx_word' id='word_1_62' title='bbox 736 1134 908 1215; x_wconf 88' lang='lat' dir='ltr'><strong>Origenem</strong></span> <span class='ocrx_word' id='word_1_63' title='bbox 931 1144 962 1198; x_wconf 92' lang='lat' dir='ltr'><strong>et</strong></span> <span class='ocrx_word' id='word_1_64' title='bbox 983 1136 1024 1196; x_wconf 91' lang='lat' dir='ltr'><strong>ab</strong></span> <span class='ocrx_word' id='word_1_65' title='bbox 1046 1134 1214 1198; x_wconf 89' lang='lat' dir='ltr'><strong>erroribus</strong></span> <span class='ocrx_word' id='word_1_66' title='bbox 1244 1135 1445 1196; x_wconf 80' lang='lat' dir='ltr'><strong>immunem:</strong></span> 
     </span>
     <span class='ocr_line' id='line_1_9' title="bbox 332 1233 1449 1316; baseline 0.002 -22"><span class='ocrx_word' id='word_1_67' title='bbox 332 1235 527 1316; x_wconf 76' lang='lat' dir='ltr'><strong>«Quodque</strong></span> <span class='ocrx_word' id='word_1_68' title='bbox 550 1237 593 1314; x_wconf 79' lang='lat' dir='ltr'><strong>lin</strong></span> <span class='ocrx_word' id='word_1_69' title='bbox 618 1236 819 1299; x_wconf 67' lang='lat' dir='ltr'><strong>praefatione</strong></span> <span class='ocrx_word' id='word_1_70' title='bbox 834 1237 938 1316; x_wconf 89' lang='lat' dir='ltr'><strong>inquit</strong></span> <span class='ocrx_word' id='word_1_71' title='bbox 955 1237 1168 1316; x_wconf 85' lang='lat' dir='ltr'><strong>hpolcgeticil</strong></span> <span class='ocrx_word' id='word_1_72' title='bbox 1185 1252 1298 1314; x_wconf 87' lang='lat' dir='ltr'><strong>puram</strong></span> <span class='ocrx_word' id='word_1_73' title='bbox 1317 1233 1449 1312; x_wconf 88' lang='lat' dir='ltr'><strong>religio·</strong></span> 
     </span>
     <span class='ocr_line' id='line_1_10' title="bbox 331 1331 1449 1416; baseline -0.002 -18"><span class='ocrx_word' id='word_1_74' title='bbox 331 1338 378 1398; x_wconf 91' lang='lat' dir='ltr'><strong>nis</strong></span> <span class='ocrx_word' id='word_1_75' title='bbox 399 1338 581 1399; x_wconf 80' lang='lat' dir='ltr'><strong>observarit</strong></span> <span class='ocrx_word' id='word_1_76' title='bbox 603 1336 814 1416; x_wconf 76' lang='lat' dir='ltr'><strong>disciplinam,</strong></span> <span class='ocrx_word' id='word_1_77' title='bbox 837 1345 869 1398; x_wconf 90' lang='lat' dir='ltr'><strong>et</strong></span> <span class='ocrx_word' id='word_1_78' title='bbox 890 1353 967 1416; x_wconf 90' lang='lat' dir='ltr'><strong>prae</strong></span> <span class='ocrx_word' id='word_1_79' title='bbox 989 1337 1105 1400; x_wconf 89' lang='lat' dir='ltr'><strong>ceteris</strong></span> <span class='ocrx_word' id='word_1_80' title='bbox 1128 1335 1227 1398; x_wconf 85' lang='lat' dir='ltr'><strong>verbo</strong></span> <span class='ocrx_word' id='word_1_81' title='bbox 1250 1331 1309 1395; x_wconf 87' lang='lat' dir='ltr'><strong>Dei</strong></span> <span class='ocrx_word' id='word_1_82' title='bbox 1336 1344 1367 1394; x_wconf 91' lang='lat' dir='ltr'><strong>et</strong></span> <span class='ocrx_word' id='word_1_83' title='bbox 1388 1331 1449 1396; x_wconf 90' lang='lat' dir='ltr'><strong>do·</strong></span> 
     </span>
     <span class='ocr_line' id='line_1_11' title="bbox 331 1433 1448 1518; baseline -0.004 -18"><span class='ocrx_word' id='word_1_84' title='bbox 331 1439 454 1500; x_wconf 89' lang='lat' dir='ltr'><strong>ctrinae</strong></span> <span class='ocrx_word' id='word_1_85' title='bbox 475 1455 607 1518; x_wconf 80' lang='lat' dir='ltr'><strong>operans</strong></span> <span class='ocrx_word' id='word_1_86' title='bbox 629 1437 766 1512; x_wconf 86' lang='lat' dir='ltr'><strong>dederit,</strong></span> <span class='ocrx_word' id='word_1_87' title='bbox 789 1438 869 1502; x_wconf 90' lang='lat' dir='ltr'><strong>nulli</strong></span> <span class='ocrx_word' id='word_1_88' title='bbox 892 1439 1025 1502; x_wconf 87' lang='lat' dir='ltr'><strong>dubiam</strong></span> <span class='ocrx_word' id='word_1_89' title='bbox 1048 1446 1108 1513; x_wconf 88' lang='lat' dir='ltr'><strong>cst,</strong></span> <span class='ocrx_word' id='word_1_90' title='bbox 1131 1445 1163 1500; x_wconf 90' lang='lat' dir='ltr'><strong>et</strong></span> <span class='ocrx_word' id='word_1_91' title='bbox 1183 1454 1225 1500; x_wconf 82' lang='lat' dir='ltr'><strong>ex</strong></span> <span class='ocrx_word' id='word_1_92' title='bbox 1240 1437 1288 1498; x_wconf 90' lang='lat' dir='ltr'><strong>his</strong></span> <span class='ocrx_word' id='word_1_93' title='bbox 1303 1451 1388 1513; x_wconf 84' lang='lat' dir='ltr'><strong>quae</strong></span> <span class='ocrx_word' id='word_1_94' title='bbox 1403 1433 1448 1495; x_wconf 91' lang='lat' dir='ltr'><strong>ad</strong></span> 
     </span>
     <span class='ocr_line' id='line_1_12' title="bbox 331 1533 1450 1620; baseline -0.004 -18"><span class='ocrx_word' id='word_1_95' title='bbox 331 1557 389 1603; x_wconf 89' lang='lat' dir='ltr'><strong>uns</strong></span> <span class='ocrx_word' id='word_1_96' title='bbox 409 1539 530 1603; x_wconf 91' lang='lat' dir='ltr'><strong>laboris</strong></span> <span class='ocrx_word' id='word_1_97' title='bbox 552 1547 584 1602; x_wconf 82' lang='lat' dir='ltr'><strong>et</strong></span> <span class='ocrx_word' id='word_1_98' title='bbox 603 1538 701 1604; x_wconf 89' lang='lat' dir='ltr'><strong>studii</strong></span> <span class='ocrx_word' id='word_1_99' title='bbox 721 1539 792 1620; x_wconf 82' lang='lat' dir='ltr'><strong>ejus</strong></span> <span class='ocrx_word' id='word_1_100' title='bbox 813 1541 988 1604; x_wconf 88' lang='lat' dir='ltr'><strong>certissima</strong></span> <span class='ocrx_word' id='word_1_101' title='bbox 1004 1541 1212 1618; x_wconf 87' lang='lat' dir='ltr'><strong>designantur</strong></span> <span class='ocrx_word' id='word_1_102' title='bbox 1227 1537 1351 1598; x_wconf 89' lang='lat' dir='ltr'><strong>indicia.</strong></span> <span class='ocrx_word' id='word_1_103' title='bbox 1369 1554 1386 1592; x_wconf 82' lang='lat' dir='ltr'><strong>r</strong></span> <span class='ocrx_word' id='word_1_104' title='bbox 1404 1533 1450 1597; x_wconf 85' lang='lat' dir='ltr'><strong>Et</strong></span> 
     </span>
     <span class='ocr_line' id='line_1_13' title="bbox 332 1633 1452 1722; baseline -0.004 -21"><span class='ocrx_word' id='word_1_105' title='bbox 332 1640 432 1721; x_wconf 92' lang='lat' dir='ltr'><strong>paulo</strong></span> <span class='ocrx_word' id='word_1_106' title='bbox 454 1649 526 1721; x_wconf 89' lang='lat' dir='ltr'><strong>post</strong></span> <span class='ocrx_word' id='word_1_107' title='bbox 547 1640 678 1722; x_wconf 82' lang='lat' dir='ltr'><strong>adjicit,</strong></span> <span class='ocrx_word' id='word_1_108' title='bbox 702 1645 732 1703; x_wconf 93' lang='lat' dir='ltr'><strong>in</strong></span> <span class='ocrx_word' id='word_1_109' title='bbox 754 1642 802 1704; x_wconf 90' lang='lat' dir='ltr'><strong>his</strong></span> <span class='ocrx_word' id='word_1_110' title='bbox 830 1642 978 1705; x_wconf 90' lang='lat' dir='ltr'><strong>omnihus</strong></span> <span class='ocrx_word' id='word_1_111' title='bbox 1003 1641 1129 1721; x_wconf 86' lang='lat' dir='ltr'><strong>scriptis</strong></span> <span class='ocrx_word' id='word_1_112' title='bbox 1148 1637 1253 1718; x_wconf 85' lang='lat' dir='ltr'><strong>ipsum</strong></span> <span class='ocrx_word' id='word_1_113' title='bbox 1278 1633 1452 1700; x_wconf 80' lang='lat' dir='ltr'><strong>custodisse</strong></span> 
     </span>
     <span class='ocr_line' id='line_1_14' title="bbox 328 1739 865 1822; baseline -0.006 -20"><span class='ocrx_word' id='word_1_114' title='bbox 328 1739 598 1822; x_wconf 77' lang='lat' dir='ltr'><strong>praedicationem</strong></span> <span class='ocrx_word' id='word_1_115' title='bbox 618 1740 831 1821; x_wconf 83' lang='lat' dir='ltr'><strong>apostolicum.</strong></span> <span class='ocrx_word' id='word_1_116' title='bbox 850 1759 865 1799; x_wconf 86' lang='lat' dir='ltr'><strong>u</strong></span> 
     </span>
    </p>

    <p class='ocr_par' dir='ltr' id='par_1_3' title="bbox 331 1839 1453 4123">
     <span class='ocr_line' id='line_1_15' title="bbox 364 1839 1449 1921; baseline -0.003 -19"><span class='ocrx_word' id='word_1_117' title='bbox 364 1900 370 1912; x_wconf 86' lang='grc'>,</span> <span class='ocrx_word' id='word_1_118' title='bbox 411 1839 561 1904; x_wconf 84' lang='lat' dir='ltr'><strong>Proiecto</strong></span> <span class='ocrx_word' id='word_1_119' title='bbox 582 1861 608 1904; x_wconf 91' lang='lat' dir='ltr'><strong>s.</strong></span> <span class='ocrx_word' id='word_1_120' title='bbox 635 1840 815 1921; x_wconf 88' lang='lat' dir='ltr'><strong>Pamphilo,</strong></span> <span class='ocrx_word' id='word_1_121' title='bbox 838 1851 868 1905; x_wconf 86' lang='lat' dir='ltr'><strong>ct</strong></span> <span class='ocrx_word' id='word_1_122' title='bbox 890 1861 964 1906; x_wconf 89' lang='lat' dir='ltr'><strong>cnm</strong></span> <span class='ocrx_word' id='word_1_123' title='bbox 981 1861 1031 1916; x_wconf 87' lang='lat' dir='ltr'><strong>co,</strong></span> <span class='ocrx_word' id='word_1_124' title='bbox 1053 1840 1207 1917; x_wconf 87' lang='lat' dir='ltr'><strong>Eusebio,</strong></span> <span class='ocrx_word' id='word_1_125' title='bbox 1230 1841 1286 1920; x_wconf 84' lang='lat' dir='ltr'><strong>qni</strong></span> <span class='ocrx_word' id='word_1_126' title='bbox 1303 1840 1380 1901; x_wconf 91' lang='lat' dir='ltr'><strong>huec</strong></span> <span class='ocrx_word' id='word_1_127' title='bbox 1398 1839 1449 1900; x_wconf 91' lang='lat' dir='ltr'><strong>in·</strong></span> 
     </span>
     <span class='ocr_line' id='line_1_16' title="bbox 331 1941 1448 2023; baseline -0.001 -20"><span class='ocrx_word' id='word_1_128' title='bbox 331 1950 382 2003; x_wconf 90' lang='lat' dir='ltr'><strong>ter</strong></span> <span class='ocrx_word' id='word_1_129' title='bbox 401 1941 480 2003; x_wconf 90' lang='lat' dir='ltr'><strong>alias</strong></span> <span class='ocrx_word' id='word_1_130' title='bbox 509 1941 658 2021; x_wconf 87' lang='lat' dir='ltr'><strong>Origenis</strong></span> <span class='ocrx_word' id='word_1_131' title='bbox 682 1944 832 2022; x_wconf 89' lang='lat' dir='ltr'><strong>epistolas</strong></span> <span class='ocrx_word' id='word_1_132' title='bbox 853 1944 1016 2023; x_wconf 89' lang='lat' dir='ltr'><strong>collegere</strong></span> <span class='ocrx_word' id='word_1_133' title='bbox 1041 1941 1215 2019; x_wconf 78' lang='lat' dir='ltr'><strong>certissimo</strong></span> <span class='ocrx_word' id='word_1_134' title='bbox 1235 1944 1448 2016; x_wconf 83' lang='lat' dir='ltr'><strong>documento,</strong></span> 
     </span>
     <span class='ocr_line' id='line_1_17' title="bbox 331 2041 1446 2125; baseline -0.002 -19"><span class='ocrx_word' id='word_1_135' title='bbox 331 2042 437 2123; x_wconf 87' lang='lat' dir='ltr'><strong>siquid</strong></span> <span class='ocrx_word' id='word_1_136' title='bbox 459 2041 491 2104; x_wconf 90' lang='lat' dir='ltr'><strong>iu</strong></span> <span class='ocrx_word' id='word_1_137' title='bbox 513 2042 629 2105; x_wconf 87' lang='lat' dir='ltr'><strong>litteris</strong></span> <span class='ocrx_word' id='word_1_138' title='bbox 644 2042 682 2104; x_wconf 91' lang='lat' dir='ltr'><strong>ad</strong></span> <span class='ocrx_word' id='word_1_139' title='bbox 702 2041 877 2106; x_wconf 78' lang='lat' dir='ltr'><strong>Fabianum</strong></span> <span class='ocrx_word' id='word_1_140' title='bbox 896 2044 1014 2125; x_wconf 86' lang='lat' dir='ltr'><strong>Papam</strong></span> <span class='ocrx_word' id='word_1_141' title='bbox 1029 2045 1240 2124; x_wconf 82' lang='lat' dir='ltr'><strong>significatum</strong></span> <span class='ocrx_word' id='word_1_142' title='bbox 1267 2043 1351 2106; x_wconf 88' lang='lat' dir='ltr'><strong>ioret</strong></span> <span class='ocrx_word' id='word_1_143' title='bbox 1374 2051 1446 2104; x_wconf 89' lang='lat' dir='ltr'><strong>tum</strong></span> 
     </span>
     <span class='ocr_line' id='line_1_18' title="bbox 332 2143 1451 2227; baseline 0.002 -23"><span class='ocrx_word' id='word_1_144' title='bbox 332 2145 372 2207; x_wconf 90' lang='lat' dir='ltr'><strong>de</strong></span> <span class='ocrx_word' id='word_1_145' title='bbox 392 2144 561 2210; x_wconf 87' lang='lat' dir='ltr'><strong>erroribus</strong></span> <span class='ocrx_word' id='word_1_146' title='bbox 582 2161 600 2204; x_wconf 90' lang='lat' dir='ltr'><strong>a</strong></span> <span class='ocrx_word' id='word_1_147' title='bbox 622 2147 727 2224; x_wconf 88' lang='lat' dir='ltr'><strong>seipso</strong></span> <span class='ocrx_word' id='word_1_148' title='bbox 749 2146 892 2210; x_wconf 86' lang='lat' dir='ltr'><strong>admissis</strong></span> <span class='ocrx_word' id='word_1_149' title='bbox 916 2155 983 2210; x_wconf 91' lang='lat' dir='ltr'><strong>tum</strong></span> <span class='ocrx_word' id='word_1_150' title='bbox 1006 2148 1045 2209; x_wconf 89' lang='lat' dir='ltr'><strong>de</strong></span> <span class='ocrx_word' id='word_1_151' title='bbox 1067 2147 1240 2227; x_wconf 86' lang='lat' dir='ltr'><strong>palinodia,</strong></span> <span class='ocrx_word' id='word_1_152' title='bbox 1267 2163 1327 2224; x_wconf 93' lang='lat' dir='ltr'><strong>pro</strong></span> <span class='ocrx_word' id='word_1_153' title='bbox 1349 2143 1451 2206; x_wconf 91' lang='lat' dir='ltr'><strong>histo·</strong></span> 
     </span>
     <span class='ocr_line' id='line_1_19' title="bbox 337 2245 1452 2328; baseline 0 -20"><span class='ocrx_word' id='word_1_154' title='bbox 337 2248 404 2308; x_wconf 85' lang='lat' dir='ltr'><strong>riae</strong></span> <span class='ocrx_word' id='word_1_155' title='bbox 428 2246 612 2308; x_wconf 87' lang='lat' dir='ltr'><strong>sinceritate</strong></span> <span class='ocrx_word' id='word_1_156' title='bbox 628 2245 689 2310; x_wconf 89' lang='lat' dir='ltr'><strong>hoe</strong></span> <span class='ocrx_word' id='word_1_157' title='bbox 715 2265 778 2310; x_wconf 91' lang='lat' dir='ltr'><strong>non</strong></span> <span class='ocrx_word' id='word_1_158' title='bbox 802 2258 873 2312; x_wconf 90' lang='lat' dir='ltr'><strong>erat</strong></span> <span class='ocrx_word' id='word_1_159' title='bbox 897 2247 1184 2328; x_wconf 89' lang='lat' dir='ltr'><strong>praetereundum,</strong></span> <span class='ocrx_word' id='word_1_160' title='bbox 1201 2247 1301 2326; x_wconf 89' lang='lat' dir='ltr'><strong>probe</strong></span> <span class='ocrx_word' id='word_1_161' title='bbox 1321 2246 1452 2308; x_wconf 88' lang='lat' dir='ltr'><strong>scienti·</strong></span> 
     </span>
     <span class='ocr_line' id='line_1_20' title="bbox 333 2345 1447 2429; baseline 0 -23"><span class='ocrx_word' id='word_1_162' title='bbox 333 2347 393 2408; x_wconf 90' lang='lat' dir='ltr'><strong>bus</strong></span> <span class='ocrx_word' id='word_1_163' title='bbox 414 2365 447 2408; x_wconf 89' lang='lat' dir='ltr'><strong>se</strong></span> <span class='ocrx_word' id='word_1_164' title='bbox 469 2347 541 2408; x_wconf 89' lang='lat' dir='ltr'><strong>ideo</strong></span> <span class='ocrx_word' id='word_1_165' title='bbox 563 2347 729 2426; x_wconf 92' lang='lat' dir='ltr'><strong>proposito</strong></span> <span class='ocrx_word' id='word_1_166' title='bbox 754 2353 901 2413; x_wconf 90' lang='lat' dir='ltr'><strong>mentitos</strong></span> <span class='ocrx_word' id='word_1_167' title='bbox 920 2347 1029 2424; x_wconf 84' lang='lat' dir='ltr'><strong>luisse,</strong></span> <span class='ocrx_word' id='word_1_168' title='bbox 1055 2367 1105 2424; x_wconf 85' lang='lat' dir='ltr'><strong>aa,</strong></span> <span class='ocrx_word' id='word_1_169' title='bbox 1121 2350 1152 2410; x_wconf 91' lang='lat' dir='ltr'><strong>in</strong></span> <span class='ocrx_word' id='word_1_170' title='bbox 1167 2348 1286 2429; x_wconf 81' lang='lat' dir='ltr'><strong>quibus</strong></span> <span class='ocrx_word' id='word_1_171' title='bbox 1307 2345 1447 2418; x_wconf 84' lang='lat' dir='ltr'><strong>errarit,</strong></span> 
     </span>
     <span class='ocr_line' id='line_1_21' title="bbox 336 2445 1452 2530; baseline 0.003 -23"><span class='ocrx_word' id='word_1_172' title='bbox 336 2447 388 2510; x_wconf 84' lang='lat' dir='ltr'><strong>vel</strong></span> <span class='ocrx_word' id='word_1_173' title='bbox 411 2456 530 2510; x_wconf 88' lang='lat' dir='ltr'><strong>temere</strong></span> <span class='ocrx_word' id='word_1_174' title='bbox 550 2447 677 2526; x_wconf 89' lang='lat' dir='ltr'><strong>scripsit</strong></span> <span class='ocrx_word' id='word_1_175' title='bbox 698 2445 865 2529; x_wconf 76' lang='lat' dir='ltr'><strong>Origenes,</strong></span> <span class='ocrx_word' id='word_1_176' title='bbox 885 2451 1189 2530; x_wconf 87' lang='lat' dir='ltr'><strong>praetermittentes.</strong></span> <span class='ocrx_word' id='word_1_177' title='bbox 1207 2448 1333 2525; x_wconf 86' lang='lat' dir='ltr'><strong>Quibus</strong></span> <span class='ocrx_word' id='word_1_178' title='bbox 1348 2464 1452 2528; x_wconf 85' lang='lat' dir='ltr'><strong>expo·</strong></span> 
     </span>
     <span class='ocr_line' id='line_1_22' title="bbox 333 2547 1450 2627; baseline 0 -17"><span class='ocrx_word' id='word_1_179' title='bbox 333 2547 400 2610; x_wconf 91' lang='lat' dir='ltr'><strong>sitis</strong></span> <span class='ocrx_word' id='word_1_180' title='bbox 422 2555 567 2609; x_wconf 88' lang='lat' dir='ltr'><strong>nostrum</strong></span> <span class='ocrx_word' id='word_1_181' title='bbox 590 2547 788 2627; x_wconf 84' lang='lat' dir='ltr'><strong>jungendum</strong></span> <span class='ocrx_word' id='word_1_182' title='bbox 810 2557 858 2612; x_wconf 89' lang='lat' dir='ltr'><strong>est</strong></span> <span class='ocrx_word' id='word_1_183' title='bbox 885 2550 1029 2614; x_wconf 86' lang='lat' dir='ltr'><strong>studium</strong></span> <span class='ocrx_word' id='word_1_184' title='bbox 1053 2551 1084 2612; x_wconf 93' lang='lat' dir='ltr'><strong>in</strong></span> <span class='ocrx_word' id='word_1_185' title='bbox 1106 2548 1134 2614; x_wconf 90' lang='lat' dir='ltr'><strong>l.</strong></span> <span class='ocrx_word' id='word_1_186' title='bbox 1168 2557 1201 2613; x_wconf 88' lang='lat' dir='ltr'><strong>et</strong></span> <span class='ocrx_word' id='word_1_187' title='bbox 1219 2552 1250 2616; x_wconf 77' lang='lat'><strong>2.</strong></span> <span class='ocrx_word' id='word_1_188' title='bbox 1280 2548 1376 2612; x_wconf 85' lang='lat' dir='ltr'><strong>Parte</strong></span> <span class='ocrx_word' id='word_1_189' title='bbox 1396 2565 1450 2610; x_wconf 89' lang='lat' dir='ltr'><strong>se-</strong></span> 
     </span>
     <span class='ocr_line' id='line_1_23' title="bbox 334 2647 1452 2730; baseline 0.002 -22"><span class='ocrx_word' id='word_1_190' title='bbox 334 2647 413 2710; x_wconf 88' lang='lat' dir='ltr'><strong>dulo</strong></span> <span class='ocrx_word' id='word_1_191' title='bbox 436 2665 497 2726; x_wconf 92' lang='lat' dir='ltr'><strong>pro</strong></span> <span class='ocrx_word' id='word_1_192' title='bbox 524 2648 646 2712; x_wconf 80' lang='lat' dir='ltr'><strong>virinus</strong></span> <span class='ocrx_word' id='word_1_193' title='bbox 673 2657 825 2712; x_wconf 78' lang='lat' dir='ltr'><strong>exactum</strong></span> <span class='ocrx_word' id='word_1_194' title='bbox 853 2669 895 2714; x_wconf 87' lang='lat' dir='ltr'><strong>ex</strong></span> <span class='ocrx_word' id='word_1_195' title='bbox 921 2651 1029 2714; x_wconf 89' lang='lat' dir='ltr'><strong>adhuc</strong></span> <span class='ocrx_word' id='word_1_196' title='bbox 1053 2651 1281 2730; x_wconf 87' lang='lat' dir='ltr'><strong>superstitibus</strong></span> <span class='ocrx_word' id='word_1_197' title='bbox 1305 2648 1452 2730; x_wconf 87' lang='lat' dir='ltr'><strong>genuinis</strong></span> 
     </span>
     <span class='ocr_line' id='line_1_24' title="bbox 336 2747 1453 2835; baseline 0 -23"><span class='ocrx_word' id='word_1_198' title='bbox 336 2747 489 2812; x_wconf 76' lang='lat' dir='ltr'><strong>Auctoris</strong></span> <span class='ocrx_word' id='word_1_199' title='bbox 510 2749 622 2812; x_wconf 84' lang='lat' dir='ltr'><strong>libris:</strong></span> <span class='ocrx_word' id='word_1_200' title='bbox 645 2767 788 2830; x_wconf 87' lang='lat' dir='ltr'><strong>quocum</strong></span> <span class='ocrx_word' id='word_1_201' title='bbox 810 2759 842 2814; x_wconf 92' lang='lat' dir='ltr'><strong>ct</strong></span> <span class='ocrx_word' id='word_1_202' title='bbox 862 2753 1038 2814; x_wconf 88' lang='lat' dir='ltr'><strong>sententiae</strong></span> <span class='ocrx_word' id='word_1_203' title='bbox 1058 2769 1083 2813; x_wconf 86' lang='lat' dir='ltr'><strong>s.</strong></span> <span class='ocrx_word' id='word_1_204' title='bbox 1114 2749 1270 2835; x_wconf 82' lang='lat' dir='ltr'><strong>Martyris</strong></span> <span class='ocrx_word' id='word_1_205' title='bbox 1297 2751 1453 2814; x_wconf 86' lang='lat' dir='ltr'><strong>conveni·</strong></span> 
     </span>
     <span class='ocr_line' id='line_1_25' title="bbox 334 2850 1450 2932; baseline 0.001 -21"><span class='ocrx_word' id='word_1_206' title='bbox 334 2867 405 2912; x_wconf 90' lang='lat' dir='ltr'><strong>mus</strong></span> <span class='ocrx_word' id='word_1_207' title='bbox 414 2870 426 2929; x_wconf 80' lang='lat'>3</span> <span class='ocrx_word' id='word_1_208' title='bbox 447 2868 584 2930; x_wconf 87' lang='lat' dir='ltr'><strong>eamque</strong></span> <span class='ocrx_word' id='word_1_209' title='bbox 601 2850 776 2926; x_wconf 85' lang='lat' dir='ltr'><strong>firmantes,</strong></span> <span class='ocrx_word' id='word_1_210' title='bbox 791 2852 989 2916; x_wconf 86' lang='lat' dir='ltr'><strong>ostendimus</strong></span> <span class='ocrx_word' id='word_1_211' title='bbox 1004 2853 1082 2918; x_wconf 90' lang='lat' dir='ltr'><strong>nihil</strong></span> <span class='ocrx_word' id='word_1_212' title='bbox 1098 2854 1235 2932; x_wconf 89' lang='lat' dir='ltr'><strong>reperiri</strong></span> <span class='ocrx_word' id='word_1_213' title='bbox 1251 2855 1285 2916; x_wconf 93' lang='lat' dir='ltr'><strong>in</strong></span> <span class='ocrx_word' id='word_1_214' title='bbox 1298 2852 1372 2932; x_wconf 83' lang='lat' dir='ltr'><strong>ipsis</strong></span> <span class='ocrx_word' id='word_1_215' title='bbox 1387 2867 1450 2913; x_wconf 88' lang='lat' dir='ltr'><strong>nec</strong></span> 
     </span>
     <span class='ocr_line' id='line_1_26' title="bbox 334 2950 1453 3033; baseline -0.001 -20"><span class='ocrx_word' id='word_1_216' title='bbox 334 2950 542 3014; x_wconf 89' lang='lat' dir='ltr'><strong>reintandum</strong></span> <span class='ocrx_word' id='word_1_217' title='bbox 564 2971 622 3016; x_wconf 90' lang='lat' dir='ltr'><strong>nec</strong></span> <span class='ocrx_word' id='word_1_218' title='bbox 643 2953 879 3016; x_wconf 86' lang='lat' dir='ltr'><strong>damnandnm:</strong></span> <span class='ocrx_word' id='word_1_219' title='bbox 903 2971 960 3015; x_wconf 91' lang='lat' dir='ltr'><strong>nec</strong></span> <span class='ocrx_word' id='word_1_220' title='bbox 986 2962 1222 3033; x_wconf 87' lang='lat' dir='ltr'><strong>consequenter</strong></span> <span class='ocrx_word' id='word_1_221' title='bbox 1249 2953 1337 3032; x_wconf 86' lang='lat' dir='ltr'><strong>qnod</strong></span> <span class='ocrx_word' id='word_1_222' title='bbox 1365 2958 1453 3013; x_wconf 85' lang='lat' dir='ltr'><strong>esset</strong></span> 
     </span>
     <span class='ocr_line' id='line_1_27' title="bbox 333 3050 1451 3135; baseline 0 -21"><span class='ocrx_word' id='word_1_223' title='bbox 333 3051 573 3115; x_wconf 87' lang='lat' dir='ltr'><strong>retractandam</strong></span> <span class='ocrx_word' id='word_1_224' title='bbox 594 3052 636 3114; x_wconf 92' lang='lat' dir='ltr'><strong>ab</strong></span> <span class='ocrx_word' id='word_1_225' title='bbox 656 3051 807 3131; x_wconf 83' lang='lat' dir='ltr'><strong>Origene.</strong></span> <span class='ocrx_word' id='word_1_226' title='bbox 830 3050 1062 3132; x_wconf 81' lang='lat' dir='ltr'><strong>Quapropter,</strong></span> <span class='ocrx_word' id='word_1_227' title='bbox 1085 3056 1212 3118; x_wconf 89' lang='lat' dir='ltr'><strong>collatis</strong></span> <span class='ocrx_word' id='word_1_228' title='bbox 1232 3073 1317 3135; x_wconf 87' lang='lat' dir='ltr'><strong>quae</strong></span> <span class='ocrx_word' id='word_1_229' title='bbox 1347 3051 1451 3116; x_wconf 80' lang='lat' dir='ltr'><strong>Ense·</strong></span> 
     </span>
     <span class='ocr_line' id='line_1_28' title="bbox 335 3149 1452 3236; baseline -0.001 -23"><span class='ocrx_word' id='word_1_230' title='bbox 335 3151 406 3214; x_wconf 90' lang='lat' dir='ltr'><strong>hius</strong></span> <span class='ocrx_word' id='word_1_231' title='bbox 417 3161 449 3214; x_wconf 93' lang='lat' dir='ltr'><strong>et</strong></span> <span class='ocrx_word' id='word_1_232' title='bbox 462 3149 678 3236; x_wconf 69' lang='lat' dir='ltr'><strong>Hieronymus</strong></span> <span class='ocrx_word' id='word_1_233' title='bbox 693 3171 874 3233; x_wconf 81' lang='lat' dir='ltr'><strong>exposuere</strong></span> <span class='ocrx_word' id='word_1_234' title='bbox 889 3152 928 3216; x_wconf 94' lang='lat' dir='ltr'><strong>de</strong></span> <span class='ocrx_word' id='word_1_235' title='bbox 945 3152 1107 3234; x_wconf 84' lang='lat' dir='ltr'><strong>Epistulae</strong></span> <span class='ocrx_word' id='word_1_236' title='bbox 1123 3163 1245 3230; x_wconf 90' lang='lat' dir='ltr'><strong>tenore,</strong></span> <span class='ocrx_word' id='word_1_237' title='bbox 1262 3172 1359 3234; x_wconf 85' lang='lat' dir='ltr'><strong>qnam</strong></span> <span class='ocrx_word' id='word_1_238' title='bbox 1374 3149 1452 3214; x_wconf 90' lang='lat' dir='ltr'><strong>Ori·</strong></span> 
     </span>
     <span class='ocr_line' id='line_1_29' title="bbox 336 3251 1451 3336; baseline 0 -22"><span class='ocrx_word' id='word_1_239' title='bbox 336 3269 431 3331; x_wconf 88' lang='lat' dir='ltr'><strong>genes</strong></span> <span class='ocrx_word' id='word_1_240' title='bbox 455 3251 595 3316; x_wconf 82' lang='lat' dir='ltr'><strong>Fabiano</strong></span> <span class='ocrx_word' id='word_1_241' title='bbox 617 3254 715 3328; x_wconf 85' lang='lat' dir='ltr'><strong>dedit,</strong></span> <span class='ocrx_word' id='word_1_242' title='bbox 731 3255 882 3334; x_wconf 87' lang='lat' dir='ltr'><strong>sequitur</strong></span> <span class='ocrx_word' id='word_1_243' title='bbox 896 3253 1026 3318; x_wconf 81' lang='lat' dir='ltr'><strong>Eusebii</strong></span> <span class='ocrx_word' id='word_1_244' title='bbox 1042 3255 1338 3336; x_wconf 85' lang='lat' dir='ltr'><strong>interpretationem</strong></span> <span class='ocrx_word' id='word_1_245' title='bbox 1355 3254 1451 3315; x_wconf 87' lang='lat' dir='ltr'><strong>alteri</strong></span> 
     </span>
     <span class='ocr_line' id='line_1_30' title="bbox 335 3349 1450 3437; baseline 0.003 -25"><span class='ocrx_word' id='word_1_246' title='bbox 335 3349 525 3437; x_wconf 71' lang='lat' dir='ltr'><strong>Hieronymi</strong></span> <span class='ocrx_word' id='word_1_247' title='bbox 548 3354 760 3431; x_wconf 89' lang='lat' dir='ltr'><strong>praecellere,</strong></span> <span class='ocrx_word' id='word_1_248' title='bbox 786 3355 951 3434; x_wconf 87' lang='lat' dir='ltr'><strong>gratisque</strong></span> <span class='ocrx_word' id='word_1_249' title='bbox 973 3364 1130 3418; x_wconf 88' lang='lat' dir='ltr'><strong>assertum</strong></span> <span class='ocrx_word' id='word_1_250' title='bbox 1147 3357 1245 3435; x_wconf 90' lang='lat' dir='ltr'><strong>ipsius</strong></span> <span class='ocrx_word' id='word_1_251' title='bbox 1260 3353 1450 3436; x_wconf 70' lang='lat' dir='ltr'><strong>Hieronymi</strong></span> 
     </span>
     <span class='ocr_line' id='line_1_31' title="bbox 337 3453 1451 3536; baseline 0.001 -21"><span class='ocrx_word' id='word_1_252' title='bbox 337 3453 492 3532; x_wconf 77' lang='lat' dir='ltr'><strong>glossema</strong></span> <span class='ocrx_word' id='word_1_253' title='bbox 505 3475 516 3532; x_wconf 76' lang='lat'>5</span> <span class='ocrx_word' id='word_1_254' title='bbox 539 3456 626 3534; x_wconf 86' lang='lat' dir='ltr'><strong>quod</strong></span> <span class='ocrx_word' id='word_1_255' title='bbox 650 3455 784 3518; x_wconf 82' lang='lat' dir='ltr'><strong>tortasse</strong></span> <span class='ocrx_word' id='word_1_256' title='bbox 808 3465 975 3520; x_wconf 89' lang='lat' dir='ltr'><strong>mutuatas</strong></span> <span class='ocrx_word' id='word_1_257' title='bbox 997 3466 1044 3519; x_wconf 86' lang='lat' dir='ltr'><strong>cst</strong></span> <span class='ocrx_word' id='word_1_258' title='bbox 1068 3474 1086 3518; x_wconf 91' lang='lat' dir='ltr'><strong>a</strong></span> <span class='ocrx_word' id='word_1_259' title='bbox 1111 3454 1312 3536; x_wconf 83' lang='lat' dir='ltr'><strong>Theophila,</strong></span> <span class='ocrx_word' id='word_1_260' title='bbox 1340 3457 1392 3518; x_wconf 89' lang='lat' dir='ltr'><strong>cui</strong></span> <span class='ocrx_word' id='word_1_261' title='bbox 1417 3455 1451 3516; x_wconf 87' lang='lat' dir='ltr'><strong>in</strong></span> 
     </span>
     <span class='ocr_line' id='line_1_32' title="bbox 336 3553 1450 3638; baseline 0.005 -25"><span class='ocrx_word' id='word_1_262' title='bbox 336 3553 611 3633; x_wconf 84' lang='lat' dir='ltr'><strong>hac.quaestioua</strong></span> <span class='ocrx_word' id='word_1_263' title='bbox 642 3556 825 3619; x_wconf 88' lang='lat' dir='ltr'><strong>omnimode</strong></span> <span class='ocrx_word' id='word_1_264' title='bbox 853 3558 1019 3634; x_wconf 86' lang='lat' dir='ltr'><strong>adhaesit,</strong></span> <span class='ocrx_word' id='word_1_265' title='bbox 1042 3559 1143 3638; x_wconf 86' lang='lat' dir='ltr'><strong>priori</strong></span> <span class='ocrx_word' id='word_1_266' title='bbox 1172 3574 1249 3638; x_wconf 88' lang='lat' dir='ltr'><strong>erga</strong></span> <span class='ocrx_word' id='word_1_267' title='bbox 1277 3555 1450 3637; x_wconf 88' lang='lat' dir='ltr'><strong>Origencm</strong></span> 
     </span>
     <span class='ocr_line' id='line_1_33' title="bbox 336 3658 1447 3737; baseline 0.005 -23"><span class='ocrx_word' id='word_1_268' title='bbox 336 3663 458 3718; x_wconf 88' lang='lat' dir='ltr'><strong>mutata</strong></span> <span class='ocrx_word' id='word_1_269' title='bbox 480 3658 658 3735; x_wconf 83' lang='lat' dir='ltr'><strong>sententia3</strong></span> <span class='ocrx_word' id='word_1_270' title='bbox 675 3675 815 3737; x_wconf 89' lang='lat' dir='ltr'><strong>quacum</strong></span> <span class='ocrx_word' id='word_1_271' title='bbox 830 3660 994 3722; x_wconf 90' lang='lat' dir='ltr'><strong>asserebat</strong></span> <span class='ocrx_word' id='word_1_272' title='bbox 1006 3678 1031 3722; x_wconf 92' lang='lat' dir='ltr'><strong>s.</strong></span> <span class='ocrx_word' id='word_1_273' title='bbox 1052 3658 1173 3722; x_wconf 84' lang='lat' dir='ltr'><strong>Doctor</strong></span> <span class='ocrx_word' id='word_1_274' title='bbox 1193 3677 1235 3720; x_wconf 87' lang='lat' dir='ltr'><strong>ex</strong></span> <span class='ocrx_word' id='word_1_275' title='bbox 1257 3659 1373 3722; x_wconf 88' lang='lat' dir='ltr'><strong>invidia</strong></span> <span class='ocrx_word' id='word_1_276' title='bbox 1389 3675 1447 3720; x_wconf 81' lang='lat' dir='ltr'><strong>ex·</strong></span> 
     </span>
     <span class='ocr_line' id='line_1_34' title="bbox 335 3755 1450 3823; baseline 0.006 -8"><span class='ocrx_word' id='word_1_277' title='bbox 335 3757 608 3820; x_wconf 89' lang='lat' dir='ltr'><strong>communicatum</strong></span> <span class='ocrx_word' id='word_1_278' title='bbox 632 3756 729 3820; x_wconf 88' lang='lat' dir='ltr'><strong>inisse</strong></span> <span class='ocrx_word' id='word_1_279' title='bbox 751 3775 769 3819; x_wconf 90' lang='lat' dir='ltr'><strong>a</strong></span> <span class='ocrx_word' id='word_1_280' title='bbox 792 3755 966 3821; x_wconf 87' lang='lat' dir='ltr'><strong>Demetrio.</strong></span> <span class='ocrx_word' id='word_1_281' title='bbox 984 3758 1035 3823; x_wconf 92' lang='lat' dir='ltr'><strong>0b</strong></span> <span class='ocrx_word' id='word_1_282' title='bbox 1051 3759 1111 3822; x_wconf 89' lang='lat' dir='ltr'><strong>huc</strong></span> <span class='ocrx_word' id='word_1_283' title='bbox 1132 3761 1216 3821; x_wconf 91' lang='lat' dir='ltr'><strong>enim</strong></span> <span class='ocrx_word' id='word_1_284' title='bbox 1232 3757 1450 3822; x_wconf 84' lang='lat' dir='ltr'><strong>verosimilius</strong></span> 
     </span>
     <span class='ocr_line' id='line_1_35' title="bbox 338 3855 1452 3936; baseline 0.003 -19"><span class='ocrx_word' id='word_1_285' title='bbox 338 3855 561 3936; x_wconf 78' lang='lat' dir='ltr'><strong>probavimus,</strong></span> <span class='ocrx_word' id='word_1_286' title='bbox 585 3865 623 3919; x_wconf 92' lang='lat' dir='ltr'><strong>ut</strong></span> <span class='ocrx_word' id='word_1_287' title='bbox 641 3859 686 3919; x_wconf 92' lang='lat' dir='ltr'><strong>ait</strong></span> <span class='ocrx_word' id='word_1_288' title='bbox 708 3855 879 3932; x_wconf 84' lang='lat' dir='ltr'><strong>Eusebius,</strong></span> <span class='ocrx_word' id='word_1_289' title='bbox 903 3866 979 3922; x_wconf 91' lang='lat' dir='ltr'><strong>tunc</strong></span> <span class='ocrx_word' id='word_1_290' title='bbox 1001 3857 1143 3921; x_wconf 84' lang='lat' dir='ltr'><strong>Fabiano</strong></span> <span class='ocrx_word' id='word_1_291' title='bbox 1156 3859 1279 3921; x_wconf 89' lang='lat' dir='ltr'><strong>dedisse</strong></span> <span class='ocrx_word' id='word_1_292' title='bbox 1295 3858 1351 3920; x_wconf 90' lang='lat' dir='ltr'><strong>hus</strong></span> <span class='ocrx_word' id='word_1_293' title='bbox 1366 3858 1452 3920; x_wconf 88' lang='lat' dir='ltr'><strong>litte·</strong></span> 
     </span>
     <span class='ocr_line' id='line_1_36' title="bbox 338 3956 1451 4039; baseline 0.002 -21"><span class='ocrx_word' id='word_1_294' title='bbox 338 3975 390 4019; x_wconf 90' lang='lat' dir='ltr'><strong>ras</strong></span> <span class='ocrx_word' id='word_1_295' title='bbox 410 3956 595 4036; x_wconf 88' lang='lat' dir='ltr'><strong>Origenem,</strong></span> <span class='ocrx_word' id='word_1_296' title='bbox 619 3957 845 4021; x_wconf 84' lang='lat' dir='ltr'><strong>orthodoxiam</strong></span> <span class='ocrx_word' id='word_1_297' title='bbox 866 3974 946 4022; x_wconf 87' lang='lat' dir='ltr'><strong>suae</strong></span> <span class='ocrx_word' id='word_1_298' title='bbox 960 3957 1167 4039; x_wconf 85' lang='lat' dir='ltr'><strong>prolessionis</strong></span> <span class='ocrx_word' id='word_1_299' title='bbox 1183 3959 1392 4023; x_wconf 83' lang='lat' dir='ltr'><strong>uindicantem</strong></span> <span class='ocrx_word' id='word_1_300' title='bbox 1407 3957 1451 4020; x_wconf 89' lang='lat' dir='ltr'><strong>ab</strong></span> 
     </span>
     <span class='ocr_line' id='line_1_37' title="bbox 336 4057 906 4123; baseline 0.002 -5"><span class='ocrx_word' id='word_1_301' title='bbox 336 4057 477 4122; x_wconf 89' lang='lat' dir='ltr'><strong>hostium</strong></span> <span class='ocrx_word' id='word_1_302' title='bbox 499 4074 635 4123; x_wconf 88' lang='lat' dir='ltr'><strong>suorum</strong></span> <span class='ocrx_word' id='word_1_303' title='bbox 658 4057 906 4122; x_wconf 87' lang='lat' dir='ltr'><strong>insimulatione.</strong></span> 
     </span>
    </p>
   </div>
   <div class='ocr_carea' id='block_1_3' title="bbox 0 0 1606 4946">
    <p class='ocr_par' dir='ltr' id='par_1_4' title="bbox 0 0 1606 4946">
     <span class='ocr_line' id='line_1_38' title="bbox 0 0 1606 4946; baseline 0 0"><span class='ocrx_word' id='word_1_304' title='bbox 0 0 1606 4946; x_wconf 95' lang='lat' dir='ltr'><strong> </strong></span> 
     </span>
    </p>
   </div>
  </div>
 </body>
</html>
