2982 4934
313 365 375 440 titi

722 562 888 634 ‘CAPUT
918 561 1005 634 xxt.

325 753 433 836 cetae
453 766 547 850 injus
568 765 682 832 celetis
698 766 1155 850 perquirsaturmossusaeate,
1175 763 1319 832 Palladii
1334 775 1362 830 st
1376 763 1422 832 lsi·

358 869 432 936 olori
445 868 637 946 Pelusiotae,
648 869 761 951 quihus
774 869 879 952 muqir
888 891 927 935 oe
941 870 1043 952 inopis
1053 869 1187 952 perfidio
1197 881 1330 935 notmer
1345 863 1423 933 tio·

355 971 726 1056 mittelwesen·
747 971 858 1036 illusio
874 984 963 1056 potet
980 991 1020 1036 rs·
1044 970 1230 1053 Hieronymi
1248 984 1275 1038 et
1296 967 1422 1054 epiph·

358 1071 410 1138 eii
429 1070 466 1136 ia
485 1071 664 1154 quaestione
692 1069 891 1152 oriqssss'oau.
950 1095 952 1102 ·

248 1423 254 1433 .
286 1455 290 1466 .
323 1317 430 1444 Cum
454 1386 562 1443 artem
582 1377 760 1458 plurimum
779 1395 821 1442 ex
843 1377 903 1441 hae
924 1374 1056 1444 loannis
1074 1377 1211 1458 epistola
1232 1386 1264 1442 et
1286 1375 1422 1440 innocen·

328 1483 363 1547 til
386 1481 537 1556 decretis,
556 1478 726 1560 Theophili
749 1480 971 1544 manifestetur
992 1478 1191 1558 improbitas,
1215 1478 1302 1541 haud
1324 1495 1341 1539 a
1361 1493 1422 1556 pre·

326 1583 432 1667 mdia
450 1583 527 1658 erit,
550 1599 717 1646 recensere
732 1599 864 1661 qaoque
884 1581 1029 1662 eiuselem
1051 1577 1273 1666 chrysostomi
1295 1557 1423 1652 aelafio

328 1683 495 1767 speciatim
526 1682 628 1746 relate
649 1683 687 1744 ati
710 1681 880 1762 Theophili
903 1683 1051 1762 insidiasp
1075 1681 1193 1762 quihus
1213 1688 1246 1744 et
1265 1679 1423 1744 monache

327 1801 402 1852 rem
423 1802 558 1852 eausam
576 1786 707 1848 diruere
726 1784 864 1858 studuit,
886 1795 920 1848 et
940 1781 1073 1848 ioannis
1094 1785 1213 1847 horum
1233 1779 1361 1863 patroni
1378 1797 1423 1842 an·

327 1887 472 1950 etorltnti
494 1884 634 1948 illudere
649 1899 759 1946 eoram
781 1881 937 1948 Ecclesia.
955 1883 1043 1948 llaee
1061 1901 1162 1966 porro
1180 1903 1221 1948 ex
1243 1881 1376 1963 Dialopo
1388 1881 1423 1943 ui·

327 1992 446 2053 mirum
461 1986 644 2059 firmantur,
659 1987 716 2066 qni
730 1984 823 2049 iatius
835 2003 954 2050 nomen
970 1986 1127 2065 praelert,
1148 2003 1209 2050 neo
1223 1983 1422 2066 quiriensis

325 2107 390 2170 qne
401 2085 490 2170 jare.
506 2085 639 2166 Antiqui
653 2103 793 2165 namque
813 2087 941 2150 codices
958 2085 1102 2151 tottauto
1125 2085 1382 2166 helenopolitano
1397 2100 1422 2144 e

325 2195 458 2272 mseepo
480 2189 637 2270 hocopus
657 2187 848 2264 inscribunt,
866 2207 981 2252 nomen
995 2207 1091 2254 suum
1107 2190 1148 2252 rb
1167 2189 1258 2252 initio
1274 2188 1422 2266 olisipone

326 2303 384 2358 ies.
400 2289 480 2356 liena
493 2298 600 2354 tenent
614 2287 776 2369 Georgius
795 2289 1037 2364 alexandrinas,
1051 2289 1242 2354 Theodorus
1257 2289 1421 2353 trimithun-

328 2404 375 2460 tes
397 2391 661 2478 cyprianistae,
684 2391 831 2470 Photius,
854 2392 985 2472 sitique.
1007 2390 1225 2456 Nihilominus
1246 2407 1311 2454 noa
1331 2387 1422 2452 leitte-

328 2502 408 2562 runt
428 2495 530 2576 aliqui
546 2495 608 2559 hee
635 2501 798 2575 negantes,
829 2496 969 2557 sitorum
998 2511 1096 2574 quam
1128 2491 1312 2557 Palladium
1335 2492 1423 2569 time

329 2607 454 2664 scentes
475 2597 689 2662 reductorem.
712 2595 785 2660 hieu
810 2613 900 2673 vero,
922 2597 981 2660 etsi
1005 2595 1212 2665 verisimilior
1229 2593 1271 2659 sit
1295 2592 1421 2674 priorum

327 2699 497 2775 sententia,
518 2713 634 2779 parum
656 2699 789 2766 interest
809 2696 996 2779 huiusmodi
1018 2697 1175 2778 quaestio.

408 2799 494 2864 lllntl
516 2815 692 2864 noeoeane
713 2798 826 2874 relort,
849 2799 1043 2863 narrationis
1063 2799 1279 2864 sinceritatem
1303 2797 1420 2882 proluis

327 2903 430 2966 sicuti*
445 2911 478 2966 et
497 2903 744 2984 antiquitatem,
776 2902 895 2982 quibus
915 2919 1010 2966 nemo
1032 2901 1087 2966 vis
1108 2900 1235 2964 mentiri
1256 2907 1367 2983 potest.
1386 2893 1419 2956 lii

330 3019 468 3082 numque
492 3002 618 3066 hnetnr
638 3017 701 3064 nou
716 3008 848 3078 ,tantum
862 3019 897 3064 se
917 3009 1116 3080 praesentem
1130 3002 1208 3066 etett
1228 3003 1337 3083 pestis,
1356 3013 1421 3080 qnae

331 3113 408 3166 tune
430 3103 640 3180 aeciderunt,
671 3104 728 3166 sed
749 3111 781 3166 et
801 3109 984 3167 consortem
1004 3105 1064 3180 iis,
1084 3121 1227 3186 quorum
1248 3105 1420 3169 mentionem

328 3206 392 3284 agit
414 3221 474 3269 ceu
496 3205 648 3270 oculatus
664 3203 760 3266 testis.
777 3203 919 3283 ideoque
939 3211 1063 3280 narrat,
1078 3221 1112 3268 se
1133 3221 1172 3268 eo
1190 3211 1335 3285 tempore
1354 3199 1422 3263 risis

330 3325 365 3370 se
381 3303 531 3380 Romam,
548 3323 586 3369 re
600 3305 774 3370 lneocentii
793 3303 898 3384 Papae
909 3307 1037 3369 uerisse
1057 3305 1188 3391 consilia
1203 3307 1289 3370 cirea
1305 3323 1330 3368 s.
1344 3301 1420 3367 Jottt·

330 3423 403 3469 nem
419 3418 434 3469 e·
452 3407 629 3488 quinimmo
650 3405 770 3470 eisdem
792 3405 1010 3486 participasse.
1033 3404 1171 3488 insuper
1191 3405 1319 3471 Auctor
1337 3401 1377 3470 nti
1397 3415 1421 3460 e·

329 3509 480 3588 piseopus
500 3507 663 3588 loquitur,
678 3514 712 3571 et
731 3527 773 3571 ex
793 3523 908 3570 eorum
934 3515 1025 3588 parta
1048 3525 1084 3571 se
1104 3507 1193 3584 (licit,
1209 3505 1418 3591 chrysostomo

329 3607 586 3684 inhaerentium,
611 3607 856 3688 Romanamque
882 3607 996 3673 Fidem
1021 3607 1219 3674 conlassum.
1244 3608 1325 3673 ltcm
1349 3601 1419 3672 etet,

330 3725 365 3770 se
386 3709 565 3787 quaestioni
587 3710 627 3772 tle
648 3708 808 3773 Antonino
830 3711 981 3791 episcopo
1006 3711 1160 3790 ephesino
1181 3709 1418 3774 communicasse·

329 3805 478 3890 lienique
496 3811 636 3891 seipsum
652 3809 684 3871 in
704 3810 838 3876 illorum
853 3828 991 3876 numero
1004 3817 1113 3876 censet
1131 3812 1362 3891 episcoporum,
1376 3796 1417 3880 etl

330 3928 390 3986 per
404 3907 620 3989 Theophilum
636 3911 679 3974 ob
700 3913 958 3976 communionem
974 3931 1049 3978 cum
1063 3911 1188 3977 Josnne
1206 3911 1331 3991 expulsi
1350 3909 1416 3968 sunl·

332 4007 425 4086 Quae
446 4012 552 4073 omnia
574 4013 632 4076 etsi
648 4011 812 4078 Palladius
833 4013 1091 4094 conscripserit,
1113 4014 1252 4077 iudicant
1275 4019 1418 4082 murense

334 4221 418 4291 rata,
434 4230 498 4277 uon
518 4211 625 4278 solum
639 4231 659 4276 a
673 4210 806 4282 Socrate
827 4223 861 4315 ct
873 4213 1052 4284 Sozomcno
1067 4235 1105 4284 ae
1126 4217 1314 4300 praesertim
1332 4230 1348 4276 a
1364 4200 1417 4274 Sti·
