2994 4938
66 445 131 514 dem
145 447 221 514 actis
240 448 445 514 desumerent
459 450 490 513 tn
503 449 652 532 Origcnts
672 449 907 516 damnationem
927 457 1087 518 eteorum
1103 351 1167 536 {H

66 571 101 617 so
118 551 352 633 pugnantium?

117 651 296 742 bitumen,
319 650 625 734 quomodocumque
639 653 692 729 sit,
715 656 746 717 in
767 651 909 740 Orientis
930 661 961 718 et
982 653 1165 724 Occidentis

65 751 195 818 ecclesiis
214 762 287 832 post
302 752 459 816 Anastasii
479 753 615 829 obitum,
638 771 701 817 nou
721 755 921 820 obstantibus
942 757 1164 836 praelatarum

63 851 250 933 synodorum
271 853 520 928 delinitionibus,
536 871 617 935 quus
631 856 663 918 in
678 854 760 918 celia
779 855 995 919 bethlemitica
1017 856 1162 933 clausus,

63 971 85 1016 s.
100 951 227 1030 Ductor,
250 955 481 1037 bominumque
495 955 744 1036 perennitatem
763 957 901 1034 nescius,
915 958 1088 1038 scripserat
1109 957 1165 1022 ad·

65 1069 168 1116 versus
183 1052 361 1132 iiuibnum,
374 1055 472 1120 siiter
491 1063 642 1136 putatum
663 1065 712 1120 est
726 1056 765 1120 de
782 1055 923 1138 Origene
936 1057 1072 1139 ejusque
1087 1059 1166 1122 seri·

65 1153 118 1232 ptis
143 1154 208 1218 tere
233 1156 409 1220 universim
437 1145 686 1220 commendatius
710 1157 791 1220 adeo
820 1163 857 1222 ut
879 1153 1002 1222 Romae
1032 1175 1166 1238 quoqne

64 1253 153 1333 panio
172 1263 246 1334 post
264 1256 297 1318 in
320 1255 485 1320 dtbenseo
505 1256 714 1337 legerentur,
737 1247 929 1322 lectionibus
953 1267 1099 1322 conserta
1121 1276 1163 1322 ss.
1235 1325 1249 1334 ,

63 1351 212 1419 Ambrosii
233 1363 267 1420 et
288 1354 471 1436 Augustini.
494 1355 538 1420 lit
565 1357 645 1421 baec
670 1357 827 1421 satisfiunt
850 1359 935 1422 cirea
962 1359 1164 1438 suppositam

64 1451 211 1519 inustasii
225 1454 334 1534 Papae
350 1455 519 1537 epistolam
539 1456 580 1520 ad
601 1456 843 1538 simplicianum
864 1458 904 1520 de
924 1455 1065 1538 Origene
1084 1460 1168 1524 suis·

64 1571 120 1634 qoe
137 1555 247 1632 libris,
270 1556 366 1620 alteri
387 1556 538 1620 collatam
560 1558 599 1620 nd
622 1541 779 1622 loannem
801 1558 1136 1642 hierosolymitanum.

132 1655 307 1738 Postqusm
330 1676 408 1722 reru
430 1658 524 1738 pinra
545 1657 687 1722 discussa
708 1665 783 1722 sunt
804 1657 843 1721 da
864 1675 890 1721 s.
914 1653 1103 1740 Hieronymi
1119 1656 1166 1724 di·

65 1755 115 1819 ctis
134 1757 289 1822 adsersus
312 1755 499 1835 liniiinum,
521 1757 577 1822 ubi
598 1756 756 1839 quaedem
779 1775 842 1822 nou
863 1765 988 1822 tuntum
1010 1757 1165 1822 bistoriae

64 1860 212 1923 enouaire
234 1858 435 1935 riderentur,
453 1857 507 1922 sed
530 1865 563 1922 et
584 1847 684 1922 uben
705 1857 781 1924 aiibi
803 1857 958 1933 tractatis,
980 1872 1019 1920 sn
1040 1858 1165 1939 putissi-

65 1975 142 2021 num
162 1959 194 2022 in
215 1959 275 2036 iis,
298 1976 382 2039 quae
403 1957 526 2024 Romae
556 1959 668 2023 scribit
688 1959 832 2024 euenisse
853 1958 885 2020 in
909 1957 1102 2023 Pontificem
1123 1959 1168 2023 t·

65 2059 180 2124 usstasii
201 2061 289 2125 circa
312 2063 532 2142 quaestionem
547 2063 779 2140 origenianam,
796 2062 945 2126 omittere
967 2062 1056 2138 nolo,
1078 2063 1167 2142 quod

64 2157 130 2221 alibi
149 2161 255 2225 obiter
276 2161 414 2224 indicaui
434 2162 474 2224 de
495 2161 586 2225 libris
611 2159 731 2226 uuum
753 2158 910 2225 aduersus
930 2159 1165 2246 Hieronymum

64 2265 92 2320 et
108 2260 241 2326 uicissim
263 2261 304 2326 dn
331 2261 420 2326 libris
442 2259 632 2346 Hieronymi
663 2260 836 2327 adversum
858 2259 1046 2328 Bullinum:
1071 2263 1166 2330 vaide

64 2375 166 2441 nempe
180 2362 391 2427 dubitandum
405 2379 474 2428 esse
488 2365 528 2428 de
542 2365 726 2428 sinceritate
740 2365 858 2428 borum
877 2364 1037 2432 librorum
1053 2383 1168 2432 seeun-

65 2459 131 2525 dum
152 2461 306 2528 Vaiiarsii
337 2466 521 2531 editionem.
545 2463 744 2530 viderentur
772 2469 856 2530 eninr
889 2465 1021 2546 quidum
1049 2469 1166 2532 calami

65 2567 120 2623 tam
138 2563 169 2625 in
189 2563 283 2628 libris
303 2561 513 2650 Hieronymi,
537 2573 600 2628 tam
624 2567 654 2628 in
676 2565 739 2629 iilis
763 2564 880 2629 iiuiiini
902 2567 1022 2648 glossas
1044 2568 1167 2634 iurtire

64 2659 229 2741 intrusisse,
245 2665 289 2728 ita
311 2674 350 2730 ut
369 2665 409 2730 de
424 2666 532 2748 porris
546 2665 677 2742 libeliis,
697 2664 797 2730 veluti
813 2669 845 2732 in
864 2683 924 2732 sua
945 2669 1068 2750 origiue
1083 2668 1169 2750 lego-

64 2760 193 2844 bantur,
215 2767 312 2833 ualde
332 2770 354 2833 ii
375 2766 504 2832 adaucti
525 2767 659 2832 luissent
682 2766 905 2833 additamentis
929 2776 1022 2834 extra
1044 2769 1167 2837 Aucto·

64 2882 128 2928 rom
148 2876 297 2934 mentem.
320 2867 473 2946 Quetuor
493 2869 620 2933 codices
641 2866 860 2932 liibliotbecae
881 2866 1054 2934 Vaticanus
1080 2871 1166 2951 legi,

64 2967 112 3030 ubi
131 2969 210 3035 bane
229 2971 376 3051 decerpsi
400 2973 603 3046 rurietntom,
625 2978 657 3033 et
677 2970 751 3034 binc
770 2970 985 3050 suspicionem
1007 2973 1046 3036 de
1065 2974 1167 3038 since·

65 3067 148 3134 ritate
167 3071 315 3137 editionis
328 3069 492 3135 vallarsii.
509 3070 661 3149 Quocum
676 3069 833 3151 explicari
854 3077 972 3149 posset,
989 3086 1052 3134 cnr
1071 3072 1103 3134 in
1118 3073 1166 3136 iris

63 3167 144 3234 libris
162 3173 420 3239 circumstantius
446 3173 601 3254 quosdam
622 3177 712 3236 notet
732 3169 950 3255 Hieronymus
970 3172 1010 3234 da
1032 3172 1167 3236 driostu-

63 3269 105 3333 sio
123 3274 206 3338 eirca
227 3274 376 3356 Origenis
401 3274 658 3351 damnationem,
687 3290 772 3355 quoe
801 3271 1053 3337 inconsideratae
1081 3290 1169 3336 man-

63 3383 164 3438 serunt
183 3375 270 3456 apnd
291 3393 494 3441 successores
513 3392 601 3442 suus.

134 3473 270 3541 Densum
291 3479 323 3542 in
336 3494 362 3540 s.
378 3476 567 3561 Hieronymi
589 3474 843 3548 exeusationem,
858 3472 950 3552 siqua
967 3478 1098 3552 praeter
1119 3470 1167 3536 iri·

64 3575 170 3640 sioriae
185 3579 355 3642 ueritatem
379 3576 536 3660 adjecerit
557 3577 589 3640 in
603 3575 669 3638 suis
682 3575 810 3653 seriptis
824 3573 864 3636 dc
881 3575 986 3662 ueraci
1003 3575 1166 3655 quaestio·

65 3677 107 3740 nis
124 3679 325 3760 origenianae
346 3679 528 3745 conditione
559 3673 682 3740 Romae
702 3677 764 3740 snb
786 3677 954 3739 Anastasio
979 3674 1080 3756 Papa,
1102 3691 1166 3738 nou

66 3787 106 3842 et
124 3783 348 3858 omittendum,
369 3783 417 3846 nti
439 3780 604 3854 multoties
625 3777 786 3851 indicari,
809 3777 883 3841 bine
904 3777 977 3840 inde
997 3777 1038 3839 ab
1060 3775 1166 3857 Aegy·

65 3891 113 3959 pto
132 3891 162 3947 ct
176 3885 217 3947 ub
240 3883 332 3948 italia
354 3885 459 3965 ipsum
475 3882 573 3945 inisse
598 3879 629 3942 in
650 3894 798 3942 errorem
820 3879 1026 3957 traductumy
1041 3878 1082 3940 ab
1103 3877 1167 3940 Ae·

66 3991 152 4064 gypto
173 4003 231 4066 per
251 3983 423 4066 'ibcupbiii
443 3981 624 4064 pertidiam,
640 3985 673 4044 at
693 3978 734 4058 ab
751 3977 855 4054 itulin,
877 3996 938 4060 per
958 3977 1165 4041 immodicum

64 4080 182 4149 Eusebii
203 4087 310 4153 aelnnn
327 4093 359 4152 et
380 4085 594 4150 temeritatem
608 4078 766 4145 adsersus
781 4078 958 4145 liuttinnm.
975 4078 1017 4144 lit
1031 4079 1165 4160 qnidenr

63 4187 203 4255 eristius
233 4188 399 4273 speciutinr
430 4183 669 4254 narrationibus
693 4179 821 4249 ridetur
843 4179 1060 4267 Hieronymus
1081 4181 1163 4246 dnos
