2982 4934
306 329 375 402 '218

319 439 381 502 tius
401 455 500 518 quam
521 438 679 506 haeresim
694 441 736 505 ibi
758 440 856 506 tuisse
869 443 983 506 sensit:
999 440 1065 505 sios
1077 439 1178 517 iliad,
1193 440 1315 516 scribit,
1329 455 1403 504 emet

314 539 356 603 sit
377 549 413 602 nt
432 557 487 620 epo
507 538 616 603 seatio.
651 539 853 623 proindeque
881 544 971 608 uobis
991 545 1165 608 admodum
1187 543 1356 618 satisiacii,
1374 551 1405 606 ut

316 643 466 717 dicatur,
490 644 574 708 hand
597 645 627 706 iu
648 641 777 729 Synodo
808 647 968 727 proposita
992 645 1089 710 inisse
1118 645 1267 726 quaestio
1287 645 1326 706 de
1346 645 1406 706 hae

317 748 391 820 resi,
413 747 481 809 sive
502 747 541 810 de
564 747 639 810 viris
673 748 865 824 haereticis,
889 750 1049 817 haeretica
1081 747 1229 828 dogmata
1250 747 1404 812 defenden-

315 847 398 912 tibus
415 865 458 910 ac
478 848 667 912 confessioni
688 851 839 914 nicaenae
860 851 1044 928 contraria;
1080 869 1194 914 verum
1214 849 1404 914 solummodo

316 948 514 1027 disputatum
536 969 603 1012 esse
625 952 704 1029 inec
725 950 820 1014 aliter
842 951 909 1014 lieri
931 953 1107 1032 potuisset)
1131 961 1241 1014 utrum
1264 951 1408 1014 Adaman-

318 1051 352 1114 tii
372 1051 490 1130 scripta
513 1059 617 1114 essem
638 1068 695 1114 noe
716 1070 754 1114 no
775 1054 988 1134 interpolata,
1011 1063 1043 1116 et
1065 1055 1138 1118 hine
1159 1055 1257 1134 ipsius
1278 1053 1408 1117 doctrina

318 1153 444 1216 rerihti
465 1153 620 1232 opposita.
659 1152 693 1215 lo
721 1172 788 1236 quo
809 1158 864 1218 uui
888 1156 939 1218 vel
960 1155 1077 1230 alteri,
1104 1157 1246 1234 episcopi
1277 1173 1333 1218 seo
1353 1171 1410 1216 uo

317 1241 409 1320 uachi
430 1273 542 1318 errare
562 1258 725 1335 potuerint
746 1255 868 1336 absque
882 1255 1060 1333 'lidelsuae
1080 1255 1283 1318 detrimento.

277 1374 279 1378 ’
383 1353 506 1430 Sexto,
528 1355 746 1435 quamtumvis
766 1353 906 1420 Severus
920 1357 1073 1437 utrinque
1088 1356 1321 1421 decoriantium
1338 1357 1410 1419 siro·

320 1455 650 1538 rum‘praeclarorum
664 1459 824 1523 reveritus
846 1476 961 1522 nomeu
974 1466 1007 1521 et
1020 1459 1211 1530 doctrinam,
1228 1458 1409 1521 fraternam·

322 1575 388 1638 que
409 1557 532 1620 cladem
554 1566 688 1638 questus
708 1560 761 1631 sii,
785 1559 1032 1638 reprobaritque
1043 1577 1055 1638 3
1077 1559 1284 1622 nihilomiuus
1303 1559 1413 1636 episco-

317 1676 433 1739 porum
455 1659 620 1739 (quorum
643 1660 789 1740 princeps
810 1655 1020 1739 Theophilus,
1042 1677 1060 1721 a
1081 1677 1148 1739 quo
1169 1660 1307 1740 hospitio
1326 1675 1410 1720 exce·

319 1767 393 1839 pius
413 1770 483 1823 erat
503 1769 535 1824 et
557 1761 732 1824 honoratus
753 1757 928 1839 Sulpitius)
942 1760 1095 1824 duritiem
1116 1759 1213 1822 silere
1234 1777 1297 1822 unu
1316 1759 1412 1838 potuit

320 1867 431 1924 contra
447 1861 619 1924 monachos
640 1861 747 1940 inique
762 1863 953 1924 exercitam:
967 1857 1023 1943 pai
1035 1857 1106 1932 etsi,
1119 1859 1179 1936 nii,
1190 1861 1323 1940 sertom
1340 1857 1413 1921 aide

318 1969 443 2036 rentur,
458 1977 572 2040 parere
585 1958 723 2024 debuisse
742 1957 904 2042 episcopis,
924 1979 988 2024 aen
1006 1971 1112 2024 tamea
1125 1960 1164 2023 eb
1177 1958 1226 2022 bis
1244 1967 1365 2023 tamea
1382 1955 1414 2019 ii·

319 2061 422 2124 torum
441 2062 662 2126 monasterum
685 2061 807 2144 copiam
826 2061 882 2126 sab
907 2057 1023 2126 carissi
1041 2059 1233 2143 confusione
1256 2057 1415 2124 oimntiaas

216 2165 221 2172 '
318 2159 492 2243 oportuisse
512 2161 625 2243 osiiipi.

398 2263 551 2345 Septimo,
573 2285 614 2329 es
630 2267 689 2328 hac
710 2265 912 2329 enarratione
926 2267 998 2348 quis
1018 2283 1081 2328 noo
1101 2271 1134 2328 ei
1154 2262 1303 2344 Oripeuis
1316 2273 1346 2328 ei
1360 2263 1415 2325 ori·

322 2365 515 2444 genistarum
537 2385 665 2430 causam
693 2367 893 2448 triumphare
924 2365 1061 2432 cernei?
1091 2368 1184 2432 sicuti
1205 2363 1372 2448 Theophili
1389 2372 1415 2426 et
1480 2437 1481 2458 χ

321 2463 483 2530 sociorum
500 2478 611 2530 eontra
632 2469 760 2532 eosdem
775 2477 908 2532 conatus
925 2468 1123 2532 irostraoeos
1138 2464 1236 2531 lieri?
1256 2465 1331 2531 Sive
1343 2465 1415 2528 enim

325 2551 595 2631 deauathematis
610 2567 793 2644 indictione,
806 2571 874 2632 sire
888 2569 929 2632 de
942 2569 1040 2633 exilio
1055 2577 1183 2648 agatur,
1199 2569 1414 2648 iniquissimam

322 2671 510 2733 sententiam
542 2670 626 2750 ipsos
651 2671 878 2750 pronunciasse
905 2669 1193 2749 perspectissimum
1222 2679 1281 2732 est.
1318 2667 1417 2748 quue

324 2772 421 2851 magis
436 2772 522 2850 quod
545 2773 575 2832 in
598 2772 656 2834 hac
679 2791 713 2834 re
728 2771 848 2836 Severo
869 2771 1073 2834 concorditer
1092 2771 1240 2834 incedant
1260 2770 1414 2852 Polybius,

326 2871 500 2946 Palladius,
522 2873 781 2956 Chrysostomus,
796 2871 956 2946 Socrates,
978 2873 1191 2951 Souomaous5
1212 2882 1246 2935 et
1264 2871 1416 2953 speciatim

324 2975 410 3056 quod
434 2977 544 3038 attinet
579 2975 618 3036 ad
640 2976 871 3038 monachorum
893 2973 986 3036 iidem
1017 2976 1173 3038 sinceram
1195 2990 1305 3036 coram
1327 2970 1420 3034 Theo·

324 3076 412 3157 philo
429 3078 459 3138 io
473 3074 601 3162 Synodo
614 3078 825 3140 sincerissime
840 3076 1046 3140 declaratam.
1062 3073 1095 3139 Si
1112 3093 1189 3139 sero
1211 3083 1282 3155 post
1303 3077 1362 3139 hoc
1373 3070 1422 3136 Se

327 3177 394 3240 reri
415 3177 547 3242 historia
570 3179 606 3240 iis
626 3178 825 3252 conteratur,
843 3195 927 3258 quae
948 3185 1059 3242 narrat
1083 3173 1283 3257 Theophilus
1305 3178 1335 3238 ia
1358 3173 1418 3252 lipi-

326 3278 407 3344 siela
429 3279 579 3364 synodica
600 3280 639 3342 ad
661 3282 826 3360 episcopos
846 3277 945 3362 Cypri
966 3287 998 3342 et
1020 3276 1236 3352 Palaestinae,
1260 3277 1345 3342 hund
1366 3291 1420 3338 me

327 3379 417 3445 dicae
439 3380 670 3462 discrepantiae
698 3381 848 3460 patefient
868 3398 930 3442 uon
953 3388 1075 3443 tautum
1096 3379 1135 3442 de
1158 3380 1369 3459 impietatibus
1386 3375 1421 3436 ti

328 3483 428 3560 riperti
449 3482 632 3564 adscriptis,
654 3501 734 3562 quas
755 3500 919 3563 uunquam
942 3483 1048 3545 auimo
1069 3480 1243 3559 conicum
1267 3481 1322 3544 sed
1342 3487 1372 3542 ei
1390 3475 1421 3537 de

191 3639 196 3652 ,
327 3583 454 3658 ceteris,
475 3599 560 3662 quae
580 3592 837 3661 supervenerunt
857 3583 890 3644 iu
908 3580 1036 3664 Synode
1056 3581 1217 3655 scaudala,
1241 3578 1421 3663 qnaeqnein

329 3683 501 3749 monachos
519 3684 628 3768 'vertit
645 3681 715 3762 lpse
735 3683 818 3746 euim
839 3691 955 3745 auctor
974 3699 1089 3744 eorum
1104 3680 1166 3744 luit
1186 3682 1373 3760 praecipuus
1390 3691 1420 3736 sc

330 3784 473 3846 omnium
494 3783 725 3859 calamitatum,
742 3802 823 3864 qnos
844 3784 984 3864 perpessi
1004 3791 1080 3864 snut
1098 3782 1258 3857 monachi,
1287 3779 1421 3842 verbosi

275 3931 278 3937 .
330 3883 469 3962 scriptis,
491 3882 631 3947 credulis
652 3891 684 3946 et
697 3884 893 3964 simplicibus
913 3883 1051 3946 suadens
1071 3882 1111 3946 de
1131 3880 1280 3961 Oripeuis
1300 3875 1419 3942 haeresi.

334 3980 368 4046 ln
389 4001 455 4063 qno
470 3985 527 4049 uisi
551 3984 629 4048 velis
644 3993 788 4064 apertam
803 3985 970 4060 malitiam,
985 3984 1084 4064 ipsius
1104 3992 1192 4046 certe
1215 3978 1420 4063 negligentiam

332 4083 563 4148 intolerandam
592 4085 714 4148 admitti
743 4103 871 4152 neeesse
894 4094 954 4158 est,
979 4102 1054 4148 eum
1075 4083 1276 4148 euidentibus
1300 4079 1422 4146 iulsatio·

331 4202 408 4249 num
428 4183 524 4267 signis
544 4193 576 4250 et
597 4185 860 4253 obtestationibus
881 4185 1014 4250 credere
1035 4185 1188 4252 uoluerit.
