3028 4942
357 345 416 415 158

358 452 524 512 materiem
545 451 707 531 praebuit,
726 457 849 514 rectum
865 468 925 512 non
948 445 1233 531 putonldeoquc,
1253 449 1313 510 irae
1327 449 1436 528 praevia
1505 459 1506 498 ὲ

357 550 476 616 Rullini
497 552 714 628 confessione,
740 569 802 616 uon
826 551 918 614 rideo
938 570 1000 616 cur
1020 551 1213 613 inlidelitetis
1236 553 1366 613 crimine
1386 550 1438 614 eui·

356 655 478 734 pondus
499 655 567 733 ipse
585 656 638 730 sit,
661 673 747 730 cum,
770 654 855 735 quod
877 655 1000 718 sincere
1024 655 1191 734 promisit,
1224 652 1362 717 fideliter
1380 671 1438 714 exe·
1505 663 1506 668 ’

355 766 567 930 gen{lleindtq
583 857 607 916 si
625 855 759 935 praeisti
776 853 924 916 Editores
939 853 1065 915 inlidsm
1080 851 1198 915 llussini
1221 853 1438 932 interpretatio·

354 976 426 1019 uem
449 959 663 1034 nuncuperiut
677 957 842 1020 obsessus
864 957 1038 1035 origeniani
1060 957 1315 1036 corruptionem,
1334 955 1383 1017 vel
1396 953 1440 1016 tal·
1504 1004 1505 1007 ,

353 1059 526 1132 sotionem,
550 1060 611 1120 troc
631 1058 696 1122 illis
717 1057 880 1122 sciendum
903 1067 995 1133 eret,
1027 1058 1115 1120 aliud
1138 1057 1207 1120 tleri
1232 1057 1400 1120 verborum
1416 1061 1441 1117 et
1505 1137 1506 1140 Ἴ

352 1177 464 1222 sensus
479 1158 689 1234 lelsatiouem,
702 1169 735 1222 et
749 1159 837 1221 eliud
854 1158 964 1220 heberi
980 1178 1095 1222 eurum
1113 1160 1355 1232 breviationem,
1371 1174 1439 1236 ques

354 1261 483 1342 prolixo
497 1277 644 1322 sermone
666 1260 849 1338 dictuutnr;
864 1261 942 1338 quin
965 1269 1069 1322 tamen
1087 1260 1238 1322 Auctoris
1260 1277 1348 1320 mens
1362 1277 1378 1319 n
1392 1275 1439 1320 suo

352 1361 561 1424 abstrahetur
585 1379 693 1442 scopo.
717 1359 843 1440 ltaque,
866 1357 892 1422 si
906 1359 947 1422 ub
972 1361 1033 1424 hoc
1055 1358 1218 1423 Rutlluum
1239 1361 1284 1422 sic
1304 1360 1440 1421 damnare
1505 1391 1506 1406 κ

353 1463 508 1540 putarint,
524 1463 609 1542 quod
632 1463 783 1526 nimirum
799 1461 946 1540 Origeuis
963 1463 1258 1542 interpretationem
1275 1461 1305 1522 in
1319 1461 1390 1522 loco
1408 1459 1441 1520 ci·
1505 1475 1506 1484 ¹

354 1572 420 1625 tatu
441 1566 626 1644 corruperit
646 1574 702 1626 aut
724 1564 864 1637 telsnrlt,
881 1565 956 1626 inita
979 1563 1151 1626 collatione
1174 1561 1368 1624 Philoenline
1386 1577 1442 1620 ver·

352 1663 468 1728 lterum
483 1683 556 1728 cnm
580 1663 698 1728 lluillni
719 1665 862 1746 ejusdem
887 1665 1043 1740 versione,
1060 1665 1255 1727 cernendum
1276 1664 1350 1741 ipsis
1371 1669 1440 1732 emt,
1497 1654 1498 1657 ’

352 1781 410 1826 uec
431 1765 463 1826 iu
484 1765 543 1828 hec
566 1775 656 1844 parte
672 1785 726 1828 eos
744 1765 820 1845 iure
842 1765 1040 1828 insimulasse
1055 1766 1144 1826 letiui
1161 1765 1344 1842 intrepretis
1368 1773 1439 1824 trau·

351 1863 541 1942 eletionem,
565 1869 712 1946 quemvis
734 1866 822 1928 brevi
850 1875 1031 1946 congestam
1054 1883 1210 1928 sermone.
1234 1863 1347 1940 Quivis
1368 1865 1439 1925 enim

351 1966 383 2028 iu
404 1965 498 2029 Pauli
530 1969 737 2042 testimonio,
763 1966 956 2030 Philoeeliee
982 1964 1171 2046 exquisierit
1208 1983 1338 2028 sensum
1359 1963 1440 2026 sicuti

350 2075 383 2128 et
398 2069 552 2132 versionis
566 2068 683 2130 letinae
699 2067 821 2132 uniunt
837 2070 912 2132 licet
925 2069 1143 2143 abbreviatae,
1159 2069 1364 2130 concordiam
1385 2065 1440 2144 ple·

350 2185 390 2230 ue
411 2169 583 2248 perspiciet
617 2170 648 2230 in
669 2170 718 2244 iis,
734 2187 817 2248 quoe
839 2169 878 2232 de
901 2169 1046 2248 Apostoli
1076 2170 1241 2230 vocatione
1268 2175 1300 2228 et
1325 2166 1440 2230 electio·

349 2270 446 2331 need
470 2268 587 2332 Christi
603 2269 698 2332 iidem
720 2272 856 2346 excutit,
870 2271 975 2350 deque
998 2272 1130 2350 insuper
1144 2270 1249 2330 divino
1274 2270 1439 2348 praescien-
1504 2320 1505 2323 ,

350 2371 413 2431 tie:
429 2387 526 2449 quem
548 2371 684 2434 ostendit
697 2369 852 2450 Origenes
873 2371 1051 2434 nullimode
1074 2373 1214 2434 humano
1235 2370 1348 2432 obesse
1367 2368 1438 2430 erhi-
1501 2380 1504 2464 ᾗ

349 2473 460 2546 trotui,
483 2471 634 2534 dimicans
648 2473 804 2534 adversus
827 2471 923 2552 hujus
939 2472 1094 2551 dogmatis
1117 2468 1358 2534 mentitores.tl
1380 2469 1440 2548 qui

346 2565 407 2628 bus
430 2575 532 2628 temen
550 2565 762 2637 descrihendis
783 2564 991 2646 supersedeo,
1009 2566 1117 2628 locum
1140 2567 1274 2628 citatum
1294 2580 1440 2627 commen
1502 2636 1503 2642 ἵ

349 2667 426 2729 dans
448 2667 586 2745 lectorij
618 2667 672 2731 ubi
694 2667 864 2746 hucusque
885 2667 1028 2744 exposite
1052 2667 1220 2746 perspicue
1243 2665 1439 2744 comprohen-
1504 2747 1505 2752 ἵ

349 2777 423 2841 tur,
451 2769 489 2830 de
515 2769 710 2847 ingenuitate
733 2766 854 2830 uotum
880 2766 910 2829 in
938 2769 1173 2830 commentariis
1201 2766 1347 2846 Origenis
1365 2781 1439 2826 sum·
1504 2797 1506 2856 3

349 2871 457 2934 metim
481 2870 578 2932 latine
602 2870 775 2945 vertendis,
798 2869 876 2949 quiu
896 2869 937 2930 eb
956 2869 1100 2950 ejusdem
1123 2869 1251 2930 oberret
1273 2877 1385 2930 mente.
1404 2863 1440 2926 ut
1504 2863 1505 2874 ’

349 2989 388 3032 eo
410 2970 573 3033 lubentius
595 2970 656 3044 hoc
675 2988 815 3032 asserem
838 2988 897 3049 pro
920 2970 1018 3050 ipsius
1039 2968 1225 3048 interpretis
1246 2969 1401 3047 probitate
1412 2965 1437 3024 iu

348 3088 483 3151 operum
498 3071 645 3150 (trigenis
668 3071 887 3147 translatione,
904 3089 978 3133 cum
999 3069 1193 3150 quandoque
1215 3068 1270 3132 ille
1285 3070 1351 3148 ipse
1370 3083 1438 3146 que·

346 3180 413 3232 stus
427 3171 467 3232 sit
487 3171 518 3230 iu
540 3168 772 3256 Hieronymum
787 3171 940 3246 scribens,
958 3171 1043 3250 quud
1059 3168 1188 3249 quidem
1209 3187 1302 3231 suem
1323 3165 1437 3232 Perier-

346 3272 425 3333 clton
448 3273 625 3334 versionem
647 3272 903 3352 interpolassent,
925 3289 961 3334 ea
984 3271 1188 3352 adjicientes,
1210 3287 1295 3350 quse
1317 3288 1372 3332 uec
1389 3264 1437 3326 ille

346 3373 484 3450 scripsit,
508 3389 612 3450 neque
633 3373 663 3433 in
685 3371 848 3448 codicibus
870 3371 991 3451 graecis
1014 3371 1213 3450 legebantur.

426 3469 609 3544 Praeterea,
633 3479 670 3534 nt
691 3489 753 3552 qua
776 3483 880 3533 mente
905 3471 1110 3550 dignoscetur
1132 3467 1282 3532 Rullinus
1303 3467 1436 3547 Origenis

346 3575 465 3652 scripte
482 3571 607 3650 legerit,
624 3573 834 3652 verteritque,
857 3571 1010 3634 audiatur
1025 3569 1111 3650 quod
1133 3571 1177 3630 ait
1196 3569 1226 3630 iu
1242 3568 1303 3632 tine
1318 3567 1387 3629 libri
1402 3561 1436 3626 ui

210 3702 212 3711 ·
344 3672 572 3736 adulteratione
591 3672 726 3754 Operum
749 3670 907 3752 Origenes:
924 3693 940 3730 n
956 3670 1128 3735 Definitum
1150 3681 1209 3744 est,
1226 3671 1347 3744 scribit,
1362 3663 1433 3748 opud

346 3795 415 3849 nos,
437 3775 593 3854 siquando
615 3795 689 3839 eum
710 3775 859 3855 legimns,
874 3773 1052 3838 secundum
1067 3792 1093 3834 s.
1112 3772 1257 3852 Apostoli
1279 3766 1436 3834 commoui-

344 3877 460 3939 tlouem
480 3884 600 3950 tenere,
615 3863 699 3956 quae
715 3877 795 3938 bone
814 3884 898 3938 sunt.
915 3872 1026 3954 Siquid
1048 3881 1156 3936 eutem
1172 3873 1335 3935 inventum
1351 3865 1435 3933 luerit

344 3979 375 4039 iu
392 3980 451 4050 his,
466 3978 552 4057 quod
576 3997 649 4041 cum
672 3978 733 4040 fide
749 3978 906 4041 catholica
930 3994 991 4038 non
1007 3987 1170 4050 consonet,
1189 3975 1249 4040 hoc
1267 3984 1300 4038 et
1320 3975 1357 4037 ab
1372 3971 1431 4032 hee

345 4079 449 4140 reticis
470 4081 673 4157 suspicamur
687 4082 840 4142 insertum
851 4097 862 4156 3
879 4087 911 4140 et
933 4087 996 4138 tem
1016 4076 1056 4138 eb
1077 4061 1173 4138 illius
1185 4094 1293 4152 seusu,
1309 4089 1397 4155 quam
1415 4083 1429 4126 t

341 4188 449 4242 nostru
471 4177 532 4248 lide
552 4181 700 4244 ducimus
721 4181 873 4244 alienum.
898 4177 934 4240 ln
947 4197 1013 4258 quo
1034 4178 1170 4241 etiamsi
1193 4177 1349 4252 fallimur,
1364 4165 1428 4235 uiltil
