3138 4950
409 368 431 434 2

368 365 445 536 ⁴3ut
466 466 614 554 Oripenis
633 477 798 536 sectatores
820 481 850 535 et
874 471 949 536 irinc
971 470 1120 536 haeretici
1139 472 1320 538 insimulati
1339 474 1408 555 sue·

406 582 497 648 runt,
512 572 697 636 orttotoeos
710 574 821 655 luisse,
839 593 991 639 unacum
1012 577 1187 639 orthodoxo
1204 574 1339 658 Oripene
1357 597 1410 641 or·

408 675 574 772 thodoron
590 679 749 758 professos
768 676 972 742 doctrinam.
1021 723 1028 739 .
1074 725 1081 742 .
1123 723 1132 742 .
1177 721 1185 741 .
1229 725 1237 741 .
1280 725 1288 742 .
1332 697 1406 760 pag.
1428 677 1488 744 316

795 878 936 948 corus
964 829 1064 946 xxv}

369 1081 456 1162 Ossid
475 1083 673 1150 sentiendum
697 1082 739 1148 sit
761 1083 797 1146 de
818 1082 873 1158 iis,
895 1101 976 1164 quae
994 1092 1065 1162 post
1086 1079 1249 1162 Synodum
1280 1081 1311 1148 V.
1335 1095 1414 1148 acta

407 1194 485 1250 sunt
506 1185 659 1250 adversus
680 1182 872 1266 Eutychium
893 1183 1071 1265 episcopum
1094 1185 1414 1267 constantinopolita·

301 1267 307 1282 ¹
404 1305 484 1352 num
503 1285 539 1351 in
560 1285 742 1368 quaestione
757 1285 803 1350 Dc
824 1283 1079 1367 incorruptibili,
1101 1285 1299 1352 terreantur
1313 1307 1413 1367 prae-

404 1387 494 1469 cipue
526 1385 684 1452 Ylteodoro
707 1383 825 1452 Ascidu
850 1383 1018 1451 Caesareae
1050 1383 1268 1468 Cappadociae
1287 1385 1408 1468 episco-

400 1509 444 1572 po
463 1501 493 1552 et
505 1488 692 1562 Iustiniana
706 1487 895 1572 imperatore
909 1511 917 1552 e
941 1490 1024 1552 unde
1038 1487 1091 1553 lic
1110 1482 1243 1554 ultimus
1256 1490 1412 1572 culpator

406 1589 595 1670 haereticae,
616 1600 645 1657 st
664 1589 700 1656 in
721 1590 843 1656 ltaercsi
862 1591 1029 1672 defunctae
1051 1588 1191 1654 dicitnr.
1236 1637 1244 1654 .
1287 1635 1296 1652 .
1341 1637 1349 1654 .
1394 1611 1411 1650 >t
1431 1589 1487 1658 334

780 1791 920 1878 oscor
950 1791 1069 1860 xxvt.

366 1994 490 2063 lustini
507 1995 654 2062 iunioris
664 1991 914 2080 proprammatis
928 2001 1118 2080 rependitur
1137 2018 1258 2078 senens,
1274 2019 1414 2080 quocum

410 2101 586 2167 luculenter
605 2103 799 2183 explanatur
828 2102 907 2184 quid
927 2102 988 2166 silri
1016 2103 1119 2168 coluit
1148 2101 1359 2168 lastinianus
1378 2103 1415 2166 in

406 2203 507 2268 edicto
528 2205 565 2268 de
578 2201 889 2285 incorruptibilitate,
912 2207 976 2268 sios
995 2205 1249 2288 imputribilitate
1268 2205 1413 2288 corporis

409 2303 528 2372 curten·
556 2303 632 2370 Iesu
655 2315 727 2370 ante
756 2303 1029 2384 resurrectionem,
1059 2317 1196 2371 veterum
1224 2319 1354 2388 potrum
1375 2297 1428 2370 ds'

406 2407 465 2471 liae
484 2405 666 2490 quaestione
685 2400 824 2488 repetitis
844 2407 1058 2492 expeditisque
1081 2406 1263 2474 testimoniis
1286 2452 1293 2468 .
1340 2455 1349 2472 .
1391 2401 1481 2474 »349

776 2605 1079 2674 caput-xxva.
1183 2669 1185 2672 .
1257 2665 1259 2670 ,
1286 2595 1288 2600 ’

364 2808 517 2891 Procopii
538 2809 701 2876 Anecdotc
733 2810 798 2875 sios
828 2809 971 2902 Historia
1001 2811 1129 2875 Arcano
1162 2813 1197 2876 de
1225 2810 1408 2876 lastiniani

402 2909 499 2992 pestis
518 2912 556 2976 ab
580 2913 708 2994 ipsomet
730 2913 883 2994 Procopio
903 2915 1042 2995 refutata
1063 2914 1100 2976 in
1123 2910 1225 2977 Libris
1246 2915 1282 2976 de
1308 2912 1407 2977 Bellis

298 3083 303 3094 ,
399 3012 538 3096 persico,
554 3015 736 3093 vandalico,
768 3015 919 3098 parthico,
941 3018 1024 3080 etde
1047 3014 1223 3097 Aedificiis,
1242 3015 1323 3112 qeliis
1342 3017 1407 3095 sul·

407 3120 608 3200 srapantilrns
630 3119 773 3185 sincerae
793 3121 866 3202 fidei
886 3118 1073 3183 testimoniis
1076 3165 1345 3183 ......
1388 3108 1474 3180 »368

809 3321 1050 3390 CONCLUSlO

364 3518 487 3605 Spllops
506 3523 796 3590 contradictionum
820 3525 904 3590 inter
929 3523 1104 3590 carnaticos
1124 3535 1153 3588 et
1180 3521 1396 3590 Sclrismaticos

254 3615 257 3620 ’
406 3621 442 3688 in
463 3624 597 3689 littorio
625 3627 821 3706 quaestionis
841 3629 877 3690 de
902 3626 1002 3692 tribus
1029 3625 1208 3708 Capitulis:
1237 3621 1397 3705 praecipuo

405 3722 536 3791 intentis
561 3725 674 3809 Vips'lii
694 3728 801 3810 Papus
820 3739 850 3794 et
874 3727 1058 3794 lastiniani
1076 3723 1276 3808 imperatoris
1296 3733 1324 3786 et
1344 3719 1395 3798 su·

406 3827 484 3892 nect
510 3825 541 3894 V.
563 3827 645 3895 actis
651 3870 1339 3895 ..............
1377 3806 1456 3878 »Ἦ

366 4041 1125 4100 rtotostoastotttsraotortoasontacnts.
1171 4073 1177 4092 .
1224 4073 1232 4090 .
1275 4070 1283 4088 .
1326 4069 1332 4086 .
1371 4001 1448 4077 »⁴⁰⁰

776 4236 1095 4289 0—an—
