2982 4934
56 479 247 564 unrputioni
268 482 445 550 obnoxium
467 482 558 560 tleri,
582 484 673 566 ,qnod
697 491 801 550 tamen
822 497 885 548 noo
906 484 1027 565 prohor
1055 377 1173 550 staff

53 586 164 649 miuus
187 587 348 650 hominem
378 588 426 650 uti
447 585 665 665 Theophilum
688 587 846 667 reperiri,
879 589 936 668 qni
957 593 1103 652 errantes
1124 591 1169 653 ita

54 688 229 766 corripiat,
246 687 431 768 hujus-out
445 689 627 754 locutiones
647 690 827 768 concinnet,
844 688 965 769 talique
977 688 1049 754 zelo
1064 689 1170 754 tetre·

53 796 133 862 acet,
158 796 198 851 ut
219 789 251 850 in
271 790 484 868 correptionis
504 798 596 854 aestu
619 790 723 855 iutilia
739 797 772 856 et
792 790 977 870 blasphema
997 789 1169 870 loquatur,

55 887 125 950 lieri
147 889 317 968 nuhuuam
330 891 448 970 potuit,
464 909 522 954 nec
537 893 624 956 ultra
645 893 780 956 inveniri
798 893 852 956 rix
872 891 979 954 datur.
995 887 1068 956 Non
1085 891 1171 956 euim

53 989 84 1050 iu
95 989 253 1068 praetatis
268 989 383 1055 litteris
396 990 546 1072 loquitur
560 993 741 1074 episcopus,
758 992 816 1056 liei
832 993 988 1069 minister,
1004 990 1169 1057 Ecclesiae

55 1091 115 1165 vir,
139 1109 206 1154 non
221 1093 319 1155 homo
340 1094 390 1157 sui
406 1111 550 1173 compos,
572 1095 628 1158 sed
649 1095 771 1160 delirus
791 1097 977 1159 etinsaous.
999 1092 1066 1171 Qui
1087 1095 1172 1158 inter

54 1195 148 1258 animi
169 1196 225 1258 sui
240 1195 473 1274 oberretioues,
488 1197 606 1277 quibus
626 1197 780 1277 abreptas
802 1197 876 1274 luit,
897 1213 936 1259 ea
956 1213 1089 1278 quoque
1108 1197 1171 1262 soli

57 1293 122 1358 lieo
137 1297 368 1360 tantummodo
388 1306 462 1360 uota
485 1305 547 1361 eta
561 1315 619 1362 sua
641 1299 843 1378 providentie
857 1297 1047 1378 gubernata,
1063 1315 1171 1362 emen·

57 1395 146 1470 dare,
160 1397 330 1462 moderari
350 1397 477 1463 studuit
496 1406 528 1462 ct
543 1399 757 1478 praesumpsit
777 1400 874 1463 homo
895 1399 944 1462 uti
957 1395 1168 1480 Theophilus.

57 1493 96 1558 Et
114 1514 193 1562 saue
217 1499 460 1564 lamentandum
475 1507 536 1577 cst,
552 1500 649 1564 lanius
669 1499 795 1578 generis
814 1498 963 1564 libellum
983 1496 1173 1581 Hieronymi

58 1616 154 1677 opere
176 1599 219 1662 ad
241 1599 419 1664 latinorum
443 1618 540 1664 aures
562 1600 758 1679 pervenisse,
782 1617 821 1664 ao
842 1598 1006 1664 Ecclesiae
1026 1598 1174 1663 occiden-

59 1699 128 1763 talis
151 1699 303 1762 turbasse
316 1717 428 1764 seusus
449 1718 525 1780 erga
541 1699 819 1786 chrysostomum.

134 1800 290 1864 Attamen
306 1800 391 1866 haud
406 1802 461 1865 diu
478 1801 642 1866 liomunac
657 1799 820 1866 Ecclesiae
841 1799 980 1880 perstitit
992 1799 1033 1863 tls
1046 1798 1172 1864 Ioanne

60 1901 246 1966 sollicitudo
268 1903 299 1964 in
321 1903 382 1966 hoe
403 1905 543 1983 negotio.
568 1903 638 1982 lpse
658 1919 798 1982 namque
831 1901 938 1982 (qnod
960 1901 1054 1966 valde
1074 1918 1174 1982 quec-

61 2002 166 2066 stionis
183 2003 398 2066 illustrandae
420 2005 521 2084 gratia
538 2004 676 2084 prolicit)
690 2005 802 2068 serihit
816 2003 855 2066 nd
872 2002 1091 2067 innocentium
1104 1999 1174 2066 'lla-

64 2117 130 2179 pam
148 2103 336 2182 epistolam,
360 2104 416 2168 uhi
435 2105 560 2168 sincera
584 2112 792 2179 enarrantur,
813 2121 898 2184 quae
919 2111 996 2168 tunc
1018 2104 1049 2166 in
1069 2100 1174 2166 Theo·

8 2257 10 2266 ,
62 2203 137 2279 phili
158 2203 300 2268 tectione
321 2191 597 2284 Constantinopoli
616 2215 877 2284 supervenerunt
896 2205 1108 2280 calamitates,
1122 2221 1172 2268 se·

64 2303 206 2382 ditiones,
230 2306 442 2371 ecclesiarum
464 2307 717 2386 profanationes,
739 2306 864 2384 caedes,
879 2306 1029 2370 seandala
1051 2305 1173 2386 gravis·
1197 2311 1205 2326 “

63 2405 135 2469 sima
157 2408 281 2470 neceb
298 2409 347 2470 his
368 2408 545 2482 dissimilia,
562 2425 647 2489 quse
668 2411 699 2472 in
722 2410 921 2472 monasteriis
934 2407 1072 2484 Nitriae,
1088 2408 1174 2488 ejus·
1237 2441 1240 2448 =

64 2503 129 2568 dem
150 2505 326 2589 Theophili
346 2508 455 2588 stelio
475 2508 612 2572 admissa
633 2516 726 2572 anton
748 2508 889 2573 inerant.
912 2507 1018 2585 Quam
1041 2509 1173 2588 quidem

64 2611 278 2676 narrationem
299 2613 325 2674 ai
348 2611 529 2689 praemissis
556 2617 724 2690 comparat
741 2609 858 2691 indicis
877 2610 1039 2691 cujusque
1059 2610 1175 2674 soller-

67 2709 117 2783 tia,
137 2731 176 2774 eo
198 2712 379 2791 perveniet,
396 2721 433 2776 nt
444 2712 587 2776 diversas
608 2710 867 2790 eeusaslimpidc
882 2711 1054 2789 perspiciat
1068 2711 1099 2772 in
1116 2710 1174 2772 ini·

66 2812 210 2888 unissima
235 2811 368 2876 loannis
388 2811 610 2891 damuatinoc;
633 2812 770 2904 primam
791 2811 915 2876 scilieet
932 2810 1097 2892 supposita
1112 2809 1176 2873 cri·

67 2912 142 2974 mina
164 2913 318 2993 iuscripta
342 2915 505 2978 monachis
533 2913 739 2977 nitriensihus
759 2911 800 2976 ah
828 2910 975 2995 Aegypto
1004 2909 1172 2992 expultie3

67 3011 194 3076 alteram
218 3015 452 3079 monachornm
474 3015 662 3080 eorumdem
684 3015 958 3093 acceptationem,
979 3010 1098 3075 nedum
1119 3027 1175 3090 pa·

70 3116 248 3188 trocininm,
274 3115 363 3196 qncsl
384 3119 429 3182 cis
445 3117 605 3196 praestitit
624 3135 650 3180 s.
668 3115 844 3201 Episcopus
864 3114 966 3181 insito
980 3111 1173 3193 Theophilo,

69 3219 99 3275 et
115 3217 203 3296 quod
226 3216 365 3297 deniqne
386 3218 445 3284 iste
466 3218 571 3297 ipsum
587 3215 803 3296 Theophilum
818 3215 858 3278 ad
887 3233 922 3279 se
944 3221 1110 3290 rocamet,
1136 3219 1174 3278 ut

67 3317 171 3394 aequis
190 3317 426 3380 monachorum
440 3316 733 3381 imimulationibns
748 3316 969 3397 responderet.
988 3313 1050 3380 llic
1063 3319 1175 3379 antem

69 3415 215 3494 epistolae
235 3416 369 3484 loannis
391 3427 484 3482 tenor
503 3418 543 3480 att
567 3415 787 3483 innocentium
808 3415 941 3499 Papam.

147 3516 286 3584 Domine
306 3537 371 3584 mro
389 3517 646 3582 reverendissimo
667 3527 695 3583 ct
711 3516 916 3584 anacthsiem
942 3516 1083 3598 episcopo

260 3616 447 3682 Innocentio
466 3615 603 3684 Iunones
621 3618 659 3682 ire
673 3619 808 3682 Dcmirm
830 3619 976 3684 satutem.

143 3715 329 3785 «Pietatem
351 3726 504 3794 rostram,
519 3728 695 3802 autequam
714 3721 839 3786 litteras
861 3727 985 3784 nostras
999 3716 1173 3797 acciperet,

73 3813 225 3882 audivisse
245 3820 362 3899 opinor
381 3821 456 3901 quil
469 3815 533 3886 'hic
546 3801 625 3886 aussi
646 3823 689 3885 sit
709 3821 870 3902 iniqnitas.
889 3821 936 3885 Ee
957 3822 1041 3886 enim
1064 3831 1174 3882 rerum

73 3925 117 3978 cst
134 3920 319 4000 magnitudo
338 3929 372 3987 et
391 3921 545 4002 gravitas,
560 3932 599 3986 ut
619 3924 709 3986 nulle
733 3922 834 3986 terme
853 3923 941 3986 orbis
963 3939 1038 4003 pars
1059 3919 1173 3982 relicta

75 4015 112 4078 sit
128 4037 210 4098 qnae
231 4023 356 4088 tristem
378 4024 461 4090 hanc
483 4025 681 4106 tragoediam
710 4043 774 4089 nou
796 4023 946 4088 audierit.
978 4022 1021 4088 Et
1041 4021 1172 4102 quidem

77 4135 279 4206 eorumquae
299 4132 386 4207 gesta
408 4134 497 4202 sunt,
514 4125 596 4192 lama
620 4145 724 4207 usqne
745 4125 785 4191 ad
801 4125 895 4189 tinem
918 4121 1173 4205 terrseperlata,

79 4221 207 4290 nuttam
228 4227 352 4310 abique
372 4230 538 4311 gemitum,
560 4227 754 4308 tactumque
774 4225 937 4294 excitarit.
955 4223 1076 4292 Verum
1097 4225 1175 4306 qnia
