<?xml version="1.0" encoding="UTF-8"?>
<!DOCTYPE html PUBLIC "-//W3C//DTD XHTML 1.0 Transitional//EN"
    "http://www.w3.org/TR/xhtml1/DTD/xhtml1-transitional.dtd">
<html xmlns="http://www.w3.org/1999/xhtml" xml:lang="en" lang="en">
 <head>
  <title>
</title>
<meta http-equiv="Content-Type" content="text/html;charset=utf-8" />
  <meta name='ocr-system' content='tesseract 3.04.00' />
  <meta name='ocr-capabilities' content='ocr_page ocr_carea ocr_par ocr_line ocrx_word'/>
</head>
<body>
  <div class='ocr_page' id='page_1' title='image "./insgregoriinyss01vincgoog/insgregoriinyss01vincgoog_0135.png"; bbox 0 0 3028 4942; ppageno 0'>
   <div class='ocr_carea' id='block_1_1' title="bbox 354 499 1449 1599">
    <p class='ocr_par' dir='ltr' id='par_1_1' title="bbox 354 499 1449 1599">
     <span class='ocr_line' id='line_1_1' title="bbox 359 499 1443 585; baseline 0.001 -21"><span class='ocrx_word' id='word_1_1' title='bbox 359 519 475 585; x_wconf 92' lang='lat' dir='ltr'><strong>nymus</strong></span> <span class='ocrx_word' id='word_1_2' title='bbox 496 501 573 583; x_wconf 76' lang='lat' dir='ltr'><strong>iqui</strong></span> <span class='ocrx_word' id='word_1_3' title='bbox 595 508 683 567; x_wconf 91' lang='lat' dir='ltr'><strong>certe</strong></span> <span class='ocrx_word' id='word_1_4' title='bbox 703 520 764 566; x_wconf 90' lang='lat' dir='ltr'><strong>non</strong></span> <span class='ocrx_word' id='word_1_5' title='bbox 787 499 909 565; x_wconf 87' lang='lat' dir='ltr'><strong>Huidni</strong></span> <span class='ocrx_word' id='word_1_6' title='bbox 929 499 1224 581; x_wconf 88' lang='lat' dir='ltr'><strong>interpretationem</strong></span> <span class='ocrx_word' id='word_1_7' title='bbox 1246 499 1377 581; x_wconf 88' lang='lat' dir='ltr'><strong>legerat,</strong></span> <span class='ocrx_word' id='word_1_8' title='bbox 1397 500 1443 565; x_wconf 84' lang='lat' dir='ltr'><strong>sed</strong></span> 
     </span>
     <span class='ocr_line' id='line_1_2' title="bbox 362 602 1445 686; baseline 0 -20"><span class='ocrx_word' id='word_1_9' title='bbox 362 602 521 683; x_wconf 80' lang='lat' dir='ltr'><strong>Pamphili</strong></span> <span class='ocrx_word' id='word_1_10' title='bbox 536 605 678 668; x_wconf 81' lang='lat' dir='ltr'><strong>codicem</strong></span> <span class='ocrx_word' id='word_1_11' title='bbox 694 604 866 686; x_wconf 87' lang='lat' dir='ltr'><strong>graecum)</strong></span> <span class='ocrx_word' id='word_1_12' title='bbox 887 603 1041 682; x_wconf 87' lang='lat' dir='ltr'><strong>scriptum</strong></span> <span class='ocrx_word' id='word_1_13' title='bbox 1057 602 1088 665; x_wconf 93' lang='lat' dir='ltr'><strong>iu</strong></span> <span class='ocrx_word' id='word_1_14' title='bbox 1103 602 1260 684; x_wconf 74' lang='lat' dir='ltr'><strong>Apologia</strong></span> <span class='ocrx_word' id='word_1_15' title='bbox 1274 606 1445 685; x_wconf 88' lang='lat' dir='ltr'><strong>reperisset,</strong></span> 
     </span>
     <span class='ocr_line' id='line_1_3' title="bbox 360 700 1448 788; baseline -0.002 -20"><span class='ocrx_word' id='word_1_16' title='bbox 360 700 514 784; x_wconf 80' lang='lat' dir='ltr'><strong>Spiritum</strong></span> <span class='ocrx_word' id='word_1_17' title='bbox 534 703 687 769; x_wconf 85' lang='lat' dir='ltr'><strong>Sanctam</strong></span> <span class='ocrx_word' id='word_1_18' title='bbox 707 704 790 770; x_wconf 84' lang='lat' dir='ltr'><strong>Filii</strong></span> <span class='ocrx_word' id='word_1_19' title='bbox 808 713 838 768; x_wconf 83' lang='lat' dir='ltr'><strong>et</strong></span> <span class='ocrx_word' id='word_1_20' title='bbox 857 703 968 768; x_wconf 83' lang='lat' dir='ltr'><strong>Putris</strong></span> <span class='ocrx_word' id='word_1_21' title='bbox 988 721 1048 766; x_wconf 82' lang='lat' dir='ltr'><strong>erre</strong></span> <span class='ocrx_word' id='word_1_22' title='bbox 1061 701 1242 768; x_wconf 76' lang='lat' dir='ltr'><strong>ministram</strong></span> <span class='ocrx_word' id='word_1_23' title='bbox 1254 748 1268 788; x_wconf 18' lang='lat'><strong>‚⁴</strong></span> <span class='ocrx_word' id='word_1_24' title='bbox 1280 711 1313 768; x_wconf 88' lang='lat' dir='ltr'><strong>et</strong></span> <span class='ocrx_word' id='word_1_25' title='bbox 1332 705 1448 783; x_wconf 84' lang='lat' dir='ltr'><strong>insuper</strong></span> 
     </span>
     <span class='ocr_line' id='line_1_4' title="bbox 358 805 1447 887; baseline -0.002 -17"><span class='ocrx_word' id='word_1_26' title='bbox 358 825 415 870; x_wconf 81' lang='lat' dir='ltr'><strong>nec</strong></span> <span class='ocrx_word' id='word_1_27' title='bbox 432 806 535 887; x_wconf 79' lang='lat' dir='ltr'><strong>ipsum</strong></span> <span class='ocrx_word' id='word_1_28' title='bbox 556 808 591 870; x_wconf 86' lang='lat' dir='ltr'><strong>dc</strong></span> <span class='ocrx_word' id='word_1_29' title='bbox 610 808 713 871; x_wconf 84' lang='lat' dir='ltr'><strong>endem</strong></span> <span class='ocrx_word' id='word_1_30' title='bbox 735 807 844 872; x_wconf 84' lang='lat' dir='ltr'><strong>Patris</strong></span> <span class='ocrx_word' id='word_1_31' title='bbox 862 817 891 870; x_wconf 85' lang='lat' dir='ltr'><strong>et</strong></span> <span class='ocrx_word' id='word_1_32' title='bbox 912 805 991 869; x_wconf 80' lang='lat' dir='ltr'><strong>Filii</strong></span> <span class='ocrx_word' id='word_1_33' title='bbox 1010 823 1072 868; x_wconf 85' lang='lat' dir='ltr'><strong>esse</strong></span> <span class='ocrx_word' id='word_1_34' title='bbox 1090 805 1287 872; x_wconf 76' lang='lat' dir='ltr'><strong>substantioe</strong></span> <span class='ocrx_word' id='word_1_35' title='bbox 1302 825 1367 886; x_wconf 85' lang='lat' dir='ltr'><strong>qno</strong></span> <span class='ocrx_word' id='word_1_36' title='bbox 1383 806 1447 886; x_wconf 83' lang='lat' dir='ltr'><strong>jure</strong></span> 
     </span>
     <span class='ocr_line' id='line_1_5' title="bbox 358 905 1448 984; baseline -0.002 -14"><span class='ocrx_word' id='word_1_37' title='bbox 358 908 502 984; x_wconf 85' lang='lat' dir='ltr'><strong>dixisset,</strong></span> <span class='ocrx_word' id='word_1_38' title='bbox 525 909 751 972; x_wconf 88' lang='lat' dir='ltr'><strong>Adamantium</strong></span> <span class='ocrx_word' id='word_1_39' title='bbox 775 916 861 972; x_wconf 86' lang='lat' dir='ltr'><strong>recta</strong></span> <span class='ocrx_word' id='word_1_40' title='bbox 882 908 1093 971; x_wconf 89' lang='lat' dir='ltr'><strong>et&#39;catholice</strong></span> <span class='ocrx_word' id='word_1_41' title='bbox 1111 909 1245 972; x_wconf 85' lang='lat' dir='ltr'><strong>sensisse</strong></span> <span class='ocrx_word' id='word_1_42' title='bbox 1265 908 1304 972; x_wconf 90' lang='lat' dir='ltr'><strong>de</strong></span> <span class='ocrx_word' id='word_1_43' title='bbox 1325 905 1448 969; x_wconf 83' lang='lat' dir='ltr'><strong>Trinita-</strong></span> 
     </span>
     <span class='ocr_line' id='line_1_6' title="bbox 358 996 1448 1094; baseline -0.004 -20"><span class='ocrx_word' id='word_1_44' title='bbox 358 1011 398 1074; x_wconf 86' lang='lat' dir='ltr'><strong>tis</strong></span> <span class='ocrx_word' id='word_1_45' title='bbox 420 1009 602 1094; x_wconf 80' lang='lat' dir='ltr'><strong>mysterio&#39;l</strong></span> <span class='ocrx_word' id='word_1_46' title='bbox 623 1010 762 1087; x_wconf 88' lang='lat' dir='ltr'><strong>Quarto,</strong></span> <span class='ocrx_word' id='word_1_47' title='bbox 786 1013 825 1086; x_wconf 87' lang='lat' dir='ltr'><strong>si,</strong></span> <span class='ocrx_word' id='word_1_48' title='bbox 847 1011 950 1074; x_wconf 84' lang='lat' dir='ltr'><strong>nteit</strong></span> <span class='ocrx_word' id='word_1_49' title='bbox 972 996 1200 1092; x_wconf 63' lang='lat' dir='ltr'><strong>Hieronymus,</strong></span> <span class='ocrx_word' id='word_1_50' title='bbox 1224 1007 1382 1075; x_wconf 77' lang='lat' dir='ltr'><strong>Eusebius</strong></span> <span class='ocrx_word' id='word_1_51' title='bbox 1400 1013 1448 1072; x_wconf 83' lang='lat' dir='ltr'><strong>rut</strong></span> 
     </span>
     <span class='ocr_line' id='line_1_7' title="bbox 358 1109 1448 1192; baseline -0.004 -18"><span class='ocrx_word' id='word_1_52' title='bbox 358 1110 545 1191; x_wconf 78' lang='lat' dir='ltr'><strong>Pamphilus</strong></span> <span class='ocrx_word' id='word_1_53' title='bbox 561 1113 591 1174; x_wconf 92' lang='lat' dir='ltr'><strong>in</strong></span> <span class='ocrx_word' id='word_1_54' title='bbox 607 1112 770 1176; x_wconf 85' lang='lat' dir='ltr'><strong>codicibus</strong></span> <span class='ocrx_word' id='word_1_55' title='bbox 785 1110 933 1192; x_wconf 90' lang='lat' dir='ltr'><strong>Origenis</strong></span> <span class='ocrx_word' id='word_1_56' title='bbox 946 1111 1098 1192; x_wconf 76' lang='lat' dir='ltr'><strong>legissent</strong></span> <span class='ocrx_word' id='word_1_57' title='bbox 1110 1112 1189 1175; x_wconf 89' lang='lat' dir='ltr'><strong>hauc</strong></span> <span class='ocrx_word' id='word_1_58' title='bbox 1204 1110 1242 1174; x_wconf 89' lang='lat' dir='ltr'><strong>de</strong></span> <span class='ocrx_word' id='word_1_59' title='bbox 1253 1109 1448 1191; x_wconf 71' lang='lat' dir='ltr'><strong>Spiritusne</strong></span> 
     </span>
     <span class='ocr_line' id='line_1_8' title="bbox 356 1211 1448 1294; baseline -0.005 -18"><span class='ocrx_word' id='word_1_60' title='bbox 356 1219 409 1276; x_wconf 91' lang='lat' dir='ltr'><strong>cto</strong></span> <span class='ocrx_word' id='word_1_61' title='bbox 429 1212 647 1294; x_wconf 88' lang='lat' dir='ltr'><strong>impietatem,</strong></span> <span class='ocrx_word' id='word_1_62' title='bbox 678 1221 852 1294; x_wconf 85' lang='lat' dir='ltr'><strong>ceteraque</strong></span> <span class='ocrx_word' id='word_1_63' title='bbox 873 1213 1019 1276; x_wconf 80' lang='lat' dir='ltr'><strong>fabuloso</strong></span> <span class='ocrx_word' id='word_1_64' title='bbox 1051 1221 1229 1276; x_wconf 89' lang='lat' dir='ltr'><strong>commenta</strong></span> <span class='ocrx_word' id='word_1_65' title='bbox 1260 1213 1271 1292; x_wconf 75' lang='lat' dir='ltr'><strong>l</strong></span> <span class='ocrx_word' id='word_1_66' title='bbox 1283 1211 1322 1276; x_wconf 88' lang='lat' dir='ltr'><strong>de</strong></span> <span class='ocrx_word' id='word_1_67' title='bbox 1343 1212 1448 1292; x_wconf 88' lang='lat' dir='ltr'><strong>quibus</strong></span> 
     </span>
     <span class='ocr_line' id='line_1_9' title="bbox 357 1311 1448 1395; baseline -0.003 -20"><span class='ocrx_word' id='word_1_68' title='bbox 357 1329 457 1392; x_wconf 87' lang='lat' dir='ltr'><strong>supra</strong></span> <span class='ocrx_word' id='word_1_69' title='bbox 479 1315 676 1393; x_wconf 79' lang='lat' dir='ltr'><strong>disputatum</strong></span> <span class='ocrx_word' id='word_1_70' title='bbox 697 1315 770 1394; x_wconf 79' lang='lat' dir='ltr'><strong>est)</strong></span> <span class='ocrx_word' id='word_1_71' title='bbox 792 1333 831 1378; x_wconf 92' lang='lat' dir='ltr'><strong>ac</strong></span> <span class='ocrx_word' id='word_1_72' title='bbox 850 1315 980 1395; x_wconf 89' lang='lat' dir='ltr'><strong>proinde</strong></span> <span class='ocrx_word' id='word_1_73' title='bbox 1001 1333 1043 1377; x_wconf 83' lang='lat' dir='ltr'><strong>ex</strong></span> <span class='ocrx_word' id='word_1_74' title='bbox 1064 1315 1113 1376; x_wconf 91' lang='lat' dir='ltr'><strong>his</strong></span> <span class='ocrx_word' id='word_1_75' title='bbox 1132 1313 1307 1394; x_wconf 88' lang='lat' dir='ltr'><strong>Origenem</strong></span> <span class='ocrx_word' id='word_1_76' title='bbox 1327 1311 1448 1378; x_wconf 86' lang='lat' dir='ltr'><strong>catholi-</strong></span> 
     </span>
     <span class='ocr_line' id='line_1_10' title="bbox 357 1415 1448 1494; baseline -0.001 -18"><span class='ocrx_word' id='word_1_77' title='bbox 357 1431 431 1478; x_wconf 93' lang='lat' dir='ltr'><strong>cnm</strong></span> <span class='ocrx_word' id='word_1_78' title='bbox 453 1419 727 1494; x_wconf 76' lang='lat' dir='ltr'><strong>pronunciassent,</strong></span> <span class='ocrx_word' id='word_1_79' title='bbox 751 1435 805 1480; x_wconf 91' lang='lat' dir='ltr'><strong>eos</strong></span> <span class='ocrx_word' id='word_1_80' title='bbox 825 1418 977 1481; x_wconf 85' lang='lat' dir='ltr'><strong>insanisse</strong></span> <span class='ocrx_word' id='word_1_81' title='bbox 998 1416 1166 1480; x_wconf 89' lang='lat' dir='ltr'><strong>dicendum</strong></span> <span class='ocrx_word' id='word_1_82' title='bbox 1189 1416 1286 1480; x_wconf 84' lang='lat' dir='ltr'><strong>iuret.</strong></span> <span class='ocrx_word' id='word_1_83' title='bbox 1311 1415 1448 1478; x_wconf 74' lang='lat' dir='ltr'><strong>Attamen</strong></span> 
     </span>
     <span class='ocr_line' id='line_1_11' title="bbox 354 1515 1449 1599; baseline -0.001 -23"><span class='ocrx_word' id='word_1_84' title='bbox 354 1515 413 1577; x_wconf 90' lang='lat' dir='ltr'><strong>uisi</strong></span> <span class='ocrx_word' id='word_1_85' title='bbox 435 1515 474 1578; x_wconf 90' lang='lat' dir='ltr'><strong>de</strong></span> <span class='ocrx_word' id='word_1_86' title='bbox 498 1515 678 1598; x_wconf 87' lang='lat' dir='ltr'><strong>Pamphilo,</strong></span> <span class='ocrx_word' id='word_1_87' title='bbox 701 1527 789 1582; x_wconf 86' lang='lat' dir='ltr'><strong>certe</strong></span> <span class='ocrx_word' id='word_1_88' title='bbox 811 1519 918 1599; x_wconf 86' lang='lat' dir='ltr'><strong>quoad</strong></span> <span class='ocrx_word' id='word_1_89' title='bbox 942 1517 1129 1593; x_wconf 87' lang='lat' dir='ltr'><strong>Eusebium,</strong></span> <span class='ocrx_word' id='word_1_90' title='bbox 1151 1517 1208 1598; x_wconf 80' lang='lat' dir='ltr'><strong>qni</strong></span> <span class='ocrx_word' id='word_1_91' title='bbox 1229 1517 1342 1599; x_wconf 88' lang='lat' dir='ltr'><strong>plures</strong></span> <span class='ocrx_word' id='word_1_92' title='bbox 1362 1515 1449 1580; x_wconf 88' lang='lat' dir='ltr'><strong>edidit</strong></span> 
     </span>
    </p>
   </div>
   <div class='ocr_carea' id='block_1_2' title="bbox 222 1615 1449 1702">
    <p class='ocr_par' dir='ltr' id='par_1_2' title="bbox 222 1615 1449 1702">
     <span class='ocr_line' id='line_1_12' title="bbox 222 1615 1449 1702; baseline -0.002 -24"><span class='ocrx_word' id='word_1_93' title='bbox 222 1649 227 1660; x_wconf 93' lang='lat'><em>·</em></span> <span class='ocrx_word' id='word_1_94' title='bbox 354 1615 469 1695; x_wconf 88' lang='lat' dir='ltr'><strong>libros,</strong></span> <span class='ocrx_word' id='word_1_95' title='bbox 486 1617 599 1682; x_wconf 91' lang='lat' dir='ltr'><strong>nullibi</strong></span> <span class='ocrx_word' id='word_1_96' title='bbox 616 1619 690 1682; x_wconf 88' lang='lat' dir='ltr'><strong>tolia</strong></span> <span class='ocrx_word' id='word_1_97' title='bbox 711 1620 815 1699; x_wconf 88' lang='lat' dir='ltr'><strong>ipsum</strong></span> <span class='ocrx_word' id='word_1_98' title='bbox 840 1623 1004 1702; x_wconf 89' lang='lat' dir='ltr'><strong>reperitur</strong></span> <span class='ocrx_word' id='word_1_99' title='bbox 1027 1621 1174 1684; x_wconf 86' lang='lat' dir='ltr'><strong>docuisse</strong></span> <span class='ocrx_word' id='word_1_100' title='bbox 1186 1619 1225 1681; x_wconf 95' lang='lat' dir='ltr'><strong>de</strong></span> <span class='ocrx_word' id='word_1_101' title='bbox 1241 1617 1365 1699; x_wconf 84' lang='lat' dir='ltr'><strong>Spiritu</strong></span> <span class='ocrx_word' id='word_1_102' title='bbox 1385 1615 1449 1680; x_wconf 88' lang='lat' dir='ltr'><strong>San-</strong></span> 
     </span>
    </p>
   </div>
   <div class='ocr_carea' id='block_1_3' title="bbox 339 1719 1503 3838">
    <p class='ocr_par' dir='ltr' id='par_1_3' title="bbox 350 1719 1449 2205">
     <span class='ocr_line' id='line_1_13' title="bbox 354 1719 1447 1804; baseline -0.003 -22"><span class='ocrx_word' id='word_1_103' title='bbox 354 1726 420 1794; x_wconf 90' lang='lat' dir='ltr'><strong>cto,</strong></span> <span class='ocrx_word' id='word_1_104' title='bbox 436 1719 476 1782; x_wconf 88' lang='lat' dir='ltr'><strong>de</strong></span> <span class='ocrx_word' id='word_1_105' title='bbox 496 1719 662 1784; x_wconf 86' lang='lat' dir='ltr'><strong>animabus</strong></span> <span class='ocrx_word' id='word_1_106' title='bbox 677 1739 694 1784; x_wconf 91' lang='lat' dir='ltr'><strong>e</strong></span> <span class='ocrx_word' id='word_1_107' title='bbox 709 1723 802 1785; x_wconf 89' lang='lat' dir='ltr'><strong>coelo</strong></span> <span class='ocrx_word' id='word_1_108' title='bbox 822 1722 931 1804; x_wconf 86' lang='lat' dir='ltr'><strong>lapsis,</strong></span> <span class='ocrx_word' id='word_1_109' title='bbox 954 1723 993 1785; x_wconf 89' lang='lat' dir='ltr'><strong>de</strong></span> <span class='ocrx_word' id='word_1_110' title='bbox 1014 1720 1134 1801; x_wconf 84' lang='lat' dir='ltr'><strong>augelis</strong></span> <span class='ocrx_word' id='word_1_111' title='bbox 1155 1721 1187 1784; x_wconf 90' lang='lat' dir='ltr'><strong>iu</strong></span> <span class='ocrx_word' id='word_1_112' title='bbox 1208 1720 1354 1784; x_wconf 82' lang='lat' dir='ltr'><strong>homiues</strong></span> <span class='ocrx_word' id='word_1_113' title='bbox 1373 1735 1447 1782; x_wconf 90' lang='lat' dir='ltr'><strong>com·</strong></span> 
     </span>
     <span class='ocr_line' id='line_1_14' title="bbox 353 1820 1449 1904; baseline 0 -22"><span class='ocrx_word' id='word_1_114' title='bbox 353 1820 513 1884; x_wconf 90' lang='lat' dir='ltr'><strong>mutandis</strong></span> <span class='ocrx_word' id='word_1_115' title='bbox 527 1831 559 1884; x_wconf 92' lang='lat' dir='ltr'><strong>et</strong></span> <span class='ocrx_word' id='word_1_116' title='bbox 578 1823 624 1884; x_wconf 90' lang='lat' dir='ltr'><strong>stc</strong></span> <span class='ocrx_word' id='word_1_117' title='bbox 644 1823 684 1886; x_wconf 90' lang='lat' dir='ltr'><strong>de</strong></span> <span class='ocrx_word' id='word_1_118' title='bbox 706 1825 865 1888; x_wconf 88' lang='lat' dir='ltr'><strong>similibus</strong></span> <span class='ocrx_word' id='word_1_119' title='bbox 879 1826 1007 1900; x_wconf 88' lang='lat' dir='ltr'><strong>erratis,</strong></span> <span class='ocrx_word' id='word_1_120' title='bbox 1028 1839 1170 1904; x_wconf 80' lang='lat' dir='ltr'><strong>quornm</strong></span> <span class='ocrx_word' id='word_1_121' title='bbox 1193 1831 1310 1887; x_wconf 78' lang='lat' dir='ltr'><strong>auctor</strong></span> <span class='ocrx_word' id='word_1_122' title='bbox 1330 1824 1449 1884; x_wconf 86' lang='lat' dir='ltr'><strong>insimu-</strong></span> 
     </span>
     <span class='ocr_line' id='line_1_15' title="bbox 350 1919 1448 2007; baseline -0.005 -24"><span class='ocrx_word' id='word_1_123' title='bbox 350 1919 443 1984; x_wconf 89' lang='lat' dir='ltr'><strong>latur</strong></span> <span class='ocrx_word' id='word_1_124' title='bbox 461 1919 627 2001; x_wconf 76' lang='lat' dir='ltr'><strong>Origenes.</strong></span> <span class='ocrx_word' id='word_1_125' title='bbox 664 1921 808 1988; x_wconf 82' lang='lat' dir='ltr'><strong>Fallitur</strong></span> <span class='ocrx_word' id='word_1_126' title='bbox 826 1943 905 2004; x_wconf 84' lang='lat' dir='ltr'><strong>ergo</strong></span> <span class='ocrx_word' id='word_1_127' title='bbox 934 1923 1152 2007; x_wconf 77' lang='lat' dir='ltr'><strong>Hieronymus</strong></span> <span class='ocrx_word' id='word_1_128' title='bbox 1173 1926 1207 1987; x_wconf 91' lang='lat' dir='ltr'><strong>in</strong></span> <span class='ocrx_word' id='word_1_129' title='bbox 1228 1923 1290 1986; x_wconf 92' lang='lat' dir='ltr'><strong>hoc</strong></span> <span class='ocrx_word' id='word_1_130' title='bbox 1310 1920 1403 1988; x_wconf 91' lang='lat' dir='ltr'><strong>sicuti</strong></span> <span class='ocrx_word' id='word_1_131' title='bbox 1421 1919 1448 1978; x_wconf 91' lang='lat' dir='ltr'><strong>in</strong></span> 
     </span>
     <span class='ocr_line' id='line_1_16' title="bbox 351 2021 1448 2102; baseline -0.004 -16"><span class='ocrx_word' id='word_1_132' title='bbox 351 2023 479 2098; x_wconf 88' lang='lat' dir='ltr'><strong>ceteris,</strong></span> <span class='ocrx_word' id='word_1_133' title='bbox 501 2040 586 2102; x_wconf 83' lang='lat' dir='ltr'><strong>quae</strong></span> <span class='ocrx_word' id='word_1_134' title='bbox 606 2041 647 2086; x_wconf 83' lang='lat' dir='ltr'><strong>ex</strong></span> <span class='ocrx_word' id='word_1_135' title='bbox 670 2023 874 2090; x_wconf 88' lang='lat' dir='ltr'><strong>lslsationum</strong></span> <span class='ocrx_word' id='word_1_136' title='bbox 894 2025 1005 2090; x_wconf 92' lang='lat' dir='ltr'><strong>libello</strong></span> <span class='ocrx_word' id='word_1_137' title='bbox 1025 2027 1150 2091; x_wconf 89' lang='lat' dir='ltr'><strong>cruerit</strong></span> <span class='ocrx_word' id='word_1_138' title='bbox 1170 2025 1329 2089; x_wconf 83' lang='lat' dir='ltr'><strong>adversus</strong></span> <span class='ocrx_word' id='word_1_139' title='bbox 1349 2021 1448 2100; x_wconf 67' lang='lat' dir='ltr'><strong>Orige»</strong></span> 
     </span>
     <span class='ocr_line' id='line_1_17' title="bbox 351 2123 780 2205; baseline 0.007 -20"><span class='ocrx_word' id='word_1_140' title='bbox 351 2139 423 2186; x_wconf 91' lang='lat' dir='ltr'><strong>nem</strong></span> <span class='ocrx_word' id='word_1_141' title='bbox 445 2131 478 2185; x_wconf 92' lang='lat' dir='ltr'><strong>et</strong></span> <span class='ocrx_word' id='word_1_142' title='bbox 498 2123 595 2205; x_wconf 88' lang='lat' dir='ltr'><strong>hujus</strong></span> <span class='ocrx_word' id='word_1_143' title='bbox 616 2131 780 2203; x_wconf 83' lang='lat' dir='ltr'><strong>patronos.</strong></span> 
     </span>
    </p>

    <p class='ocr_par' dir='ltr' id='par_1_4' title="bbox 339 2210 1503 3838">
     <span class='ocr_line' id='line_1_18' title="bbox 432 2210 1449 2310; baseline 0 -22"><span class='ocrx_word' id='word_1_144' title='bbox 432 2210 496 2288; x_wconf 85' lang='lat' dir='ltr'><strong>His&#39;</strong></span> <span class='ocrx_word' id='word_1_145' title='bbox 511 2227 682 2307; x_wconf 85' lang='lat' dir='ltr'><strong>hucusque</strong></span> <span class='ocrx_word' id='word_1_146' title='bbox 701 2229 816 2296; x_wconf 83' lang='lat' dir='ltr'><strong>sedulo</strong></span> <span class='ocrx_word' id='word_1_147' title='bbox 841 2229 987 2310; x_wconf 81' lang='lat' dir='ltr'><strong>expensis</strong></span> <span class='ocrx_word' id='word_1_148' title='bbox 1008 2232 1097 2294; x_wconf 87' lang='lat' dir='ltr'><strong>circa</strong></span> <span class='ocrx_word' id='word_1_149' title='bbox 1117 2227 1242 2293; x_wconf 88' lang='lat' dir='ltr'><strong>codices</strong></span> <span class='ocrx_word' id='word_1_150' title='bbox 1263 2245 1397 2308; x_wconf 84' lang='lat' dir='ltr'><strong>graecos</strong></span> <span class='ocrx_word' id='word_1_151' title='bbox 1414 2223 1449 2288; x_wconf 88' lang='lat'><strong>0·</strong></span> 
     </span>
     <span class='ocr_line' id='line_1_19' title="bbox 349 2325 1446 2416; baseline 0 -29"><span class='ocrx_word' id='word_1_152' title='bbox 349 2325 465 2405; x_wconf 88' lang='lat' dir='ltr'><strong>rigenie</strong></span> <span class='ocrx_word' id='word_1_153' title='bbox 488 2328 625 2408; x_wconf 83' lang='lat' dir='ltr'><strong>(quihus</strong></span> <span class='ocrx_word' id='word_1_154' title='bbox 651 2347 783 2409; x_wconf 82' lang='lat' dir='ltr'><strong>operam</strong></span> <span class='ocrx_word' id='word_1_155' title='bbox 805 2329 892 2395; x_wconf 84' lang='lat' dir='ltr'><strong>dedit</strong></span> <span class='ocrx_word' id='word_1_156' title='bbox 917 2331 1056 2396; x_wconf 81' lang='lat' dir='ltr'><strong>loannes</strong></span> <span class='ocrx_word' id='word_1_157' title='bbox 1073 2331 1376 2416; x_wconf 79' lang='lat' dir='ltr'><strong>Hierosolymorum</strong></span> <span class='ocrx_word' id='word_1_158' title='bbox 1391 2325 1446 2404; x_wconf 86' lang='lat' dir='ltr'><strong>epi·</strong></span> 
     </span>
     <span class='ocr_line' id='line_1_20' title="bbox 346 2425 1446 2513; baseline -0.002 -25"><span class='ocrx_word' id='word_1_159' title='bbox 346 2444 462 2507; x_wconf 88' lang='lat' dir='ltr'><strong>scopus</strong></span> <span class='ocrx_word' id='word_1_160' title='bbox 482 2428 514 2490; x_wconf 93' lang='lat' dir='ltr'><strong>iu</strong></span> <span class='ocrx_word' id='word_1_161' title='bbox 535 2429 693 2511; x_wconf 75' lang='lat' dir='ltr'><strong>Apologia</strong></span> <span class='ocrx_word' id='word_1_162' title='bbox 716 2441 779 2494; x_wconf 88' lang='lat' dir='ltr'><strong>tam</strong></span> <span class='ocrx_word' id='word_1_163' title='bbox 801 2449 860 2511; x_wconf 90' lang='lat' dir='ltr'><strong>pro</strong></span> <span class='ocrx_word' id='word_1_164' title='bbox 881 2451 939 2496; x_wconf 91' lang='lat' dir='ltr'><strong>sna</strong></span> <span class='ocrx_word' id='word_1_165' title='bbox 966 2451 1063 2513; x_wconf 88' lang='lat' dir='ltr'><strong>quam</strong></span> <span class='ocrx_word' id='word_1_166' title='bbox 1091 2429 1239 2512; x_wconf 88' lang='lat' dir='ltr'><strong>Origenis</strong></span> <span class='ocrx_word' id='word_1_167' title='bbox 1268 2431 1369 2510; x_wconf 88' lang='lat' dir='ltr'><strong>ipsius</strong></span> <span class='ocrx_word' id='word_1_168' title='bbox 1395 2425 1446 2488; x_wconf 93' lang='lat' dir='ltr'><strong>tldc</strong></span> 
     </span>
     <span class='ocr_line' id='line_1_21' title="bbox 342 2526 1503 2614; baseline 0 -24"><span class='ocrx_word' id='word_1_169' title='bbox 342 2527 437 2608; x_wconf 86' lang='lat' dir='ltr'><strong>juxta</strong></span> <span class='ocrx_word' id='word_1_170' title='bbox 458 2539 579 2594; x_wconf 80' lang='lat' dir='ltr'><strong>statuta</strong></span> <span class='ocrx_word' id='word_1_171' title='bbox 600 2533 750 2611; x_wconf 84' lang='lat' dir='ltr'><strong>nicaena)</strong></span> <span class='ocrx_word' id='word_1_172' title='bbox 772 2551 867 2614; x_wconf 86' lang='lat' dir='ltr'><strong>quos,</strong></span> <span class='ocrx_word' id='word_1_173' title='bbox 889 2541 923 2598; x_wconf 90' lang='lat' dir='ltr'><strong>et</strong></span> <span class='ocrx_word' id='word_1_174' title='bbox 943 2537 1081 2598; x_wconf 82' lang='lat' dir='ltr'><strong>maxima</strong></span> <span class='ocrx_word' id='word_1_175' title='bbox 1102 2526 1312 2604; x_wconf 76' lang='lat' dir='ltr'><strong>Periander,</strong></span> <span class='ocrx_word' id='word_1_176' title='bbox 1336 2531 1447 2594; x_wconf 89' lang='lat' dir='ltr'><strong>dlscnr·</strong></span> <span class='ocrx_word' id='word_1_177' title='bbox 1502 2579 1503 2604; x_wconf 66' lang='lat'><strong>,</strong></span> 
     </span>
     <span class='ocr_line' id='line_1_22' title="bbox 344 2632 1503 2716; baseline 0 -24"><span class='ocrx_word' id='word_1_178' title='bbox 344 2649 430 2706; x_wconf 91' lang='lat' dir='ltr'><strong>rens,</strong></span> <span class='ocrx_word' id='word_1_179' title='bbox 452 2633 531 2695; x_wconf 91' lang='lat' dir='ltr'><strong>nihil</strong></span> <span class='ocrx_word' id='word_1_180' title='bbox 546 2635 587 2696; x_wconf 90' lang='lat' dir='ltr'><strong>ihi</strong></span> <span class='ocrx_word' id='word_1_181' title='bbox 606 2635 725 2698; x_wconf 81' lang='lat' dir='ltr'><strong>invenit</strong></span> <span class='ocrx_word' id='word_1_182' title='bbox 741 2653 916 2714; x_wconf 79' lang='lat' dir='ltr'><strong>pravorum</strong></span> <span class='ocrx_word' id='word_1_183' title='bbox 931 2637 1130 2716; x_wconf 88' lang='lat' dir='ltr'><strong>dogmatum,</strong></span> <span class='ocrx_word' id='word_1_184' title='bbox 1147 2636 1232 2700; x_wconf 90' lang='lat' dir='ltr'><strong>unde</strong></span> <span class='ocrx_word' id='word_1_185' title='bbox 1243 2632 1444 2714; x_wconf 85' lang='lat' dir='ltr'><strong>Theophilus,</strong></span> <span class='ocrx_word' id='word_1_186' title='bbox 1502 2645 1503 2692; x_wconf 78' lang='lat' dir='ltr'><strong>t</strong></span> 
     </span>
     <span class='ocr_line' id='line_1_23' title="bbox 347 2729 1446 2819; baseline 0.003 -26"><span class='ocrx_word' id='word_1_187' title='bbox 347 2729 587 2816; x_wconf 76' lang='lat' dir='ltr'><strong>Hieronymus,</strong></span> <span class='ocrx_word' id='word_1_188' title='bbox 613 2743 646 2800; x_wconf 90' lang='lat' dir='ltr'><strong>et</strong></span> <span class='ocrx_word' id='word_1_189' title='bbox 665 2736 869 2818; x_wconf 85' lang='lat' dir='ltr'><strong>¹Epiphanius</strong></span> <span class='ocrx_word' id='word_1_190' title='bbox 896 2737 1068 2819; x_wconf 86' lang='lat' dir='ltr'><strong>Origenem</strong></span> <span class='ocrx_word' id='word_1_191' title='bbox 1102 2739 1289 2818; x_wconf 89' lang='lat' dir='ltr'><strong>repetebant</strong></span> <span class='ocrx_word' id='word_1_192' title='bbox 1318 2735 1446 2802; x_wconf 86' lang='lat' dir='ltr'><strong>hacreti-</strong></span> 
     </span>
     <span class='ocr_line' id='line_1_24' title="bbox 346 2838 1502 2935; baseline 0.002 -39"><span class='ocrx_word' id='word_1_193' title='bbox 346 2850 445 2915; x_wconf 90' lang='lat' dir='ltr'><strong>cum;</strong></span> <span class='ocrx_word' id='word_1_194' title='bbox 468 2847 682 2917; x_wconf 85' lang='lat' dir='ltr'><strong>congruenter</strong></span> <span class='ocrx_word' id='word_1_195' title='bbox 703 2838 779 2903; x_wconf 89' lang='lat' dir='ltr'><strong>hnic</strong></span> <span class='ocrx_word' id='word_1_196' title='bbox 803 2841 983 2920; x_wconf 86' lang='lat' dir='ltr'><strong>quaestioni</strong></span> <span class='ocrx_word' id='word_1_197' title='bbox 1008 2840 1288 2904; x_wconf 83' lang='lat' dir='ltr'><strong>animadvertenda</strong></span> <span class='ocrx_word' id='word_1_198' title='bbox 1320 2849 1355 2904; x_wconf 91' lang='lat' dir='ltr'><strong>et</strong></span> <span class='ocrx_word' id='word_1_199' title='bbox 1379 2853 1446 2902; x_wconf 91' lang='lat' dir='ltr'><strong>euu-</strong></span> <span class='ocrx_word' id='word_1_200' title='bbox 1501 2877 1502 2935; x_wconf 26' lang='grc' dir='ltr'>ἦ</span> 
     </span>
     <span class='ocr_line' id='line_1_25' title="bbox 346 2935 1445 3024; baseline 0.001 -26"><span class='ocrx_word' id='word_1_201' title='bbox 346 2935 477 3000; x_wconf 86' lang='lat' dir='ltr'><strong>cleanda</strong></span> <span class='ocrx_word' id='word_1_202' title='bbox 498 2949 592 3014; x_wconf 87' lang='lat' dir='ltr'><strong>snnt,</strong></span> <span class='ocrx_word' id='word_1_203' title='bbox 615 2959 698 3020; x_wconf 91' lang='lat' dir='ltr'><strong>quae</strong></span> <span class='ocrx_word' id='word_1_204' title='bbox 721 2941 867 3006; x_wconf 87' lang='lat' dir='ltr'><strong>Hulllnus</strong></span> <span class='ocrx_word' id='word_1_205' title='bbox 887 2943 919 3005; x_wconf 90' lang='lat' dir='ltr'><strong>in</strong></span> <span class='ocrx_word' id='word_1_206' title='bbox 942 2941 1089 3024; x_wconf 82' lang='lat' dir='ltr'><strong>Prologis</strong></span> <span class='ocrx_word' id='word_1_207' title='bbox 1115 2944 1268 3007; x_wconf 82' lang='lat' dir='ltr'><strong>versionis</strong></span> <span class='ocrx_word' id='word_1_208' title='bbox 1293 2941 1445 3024; x_wconf 84' lang='lat' dir='ltr'><strong>praelato-</strong></span> 
     </span>
     <span class='ocr_line' id='line_1_26' title="bbox 343 3039 1445 3124; baseline 0.002 -24"><span class='ocrx_word' id='word_1_209' title='bbox 343 3055 419 3102; x_wconf 86' lang='lat' dir='ltr'><strong>rum</strong></span> <span class='ocrx_word' id='word_1_210' title='bbox 440 3039 598 3106; x_wconf 89' lang='lat' dir='ltr'><strong>librorum</strong></span> <span class='ocrx_word' id='word_1_211' title='bbox 621 3046 743 3107; x_wconf 83' lang='lat' dir='ltr'><strong>notavit</strong></span> <span class='ocrx_word' id='word_1_212' title='bbox 763 3046 847 3108; x_wconf 84' lang='lat' dir='ltr'><strong>circo</strong></span> <span class='ocrx_word' id='word_1_213' title='bbox 869 3047 1084 3124; x_wconf 85' lang='lat' dir='ltr'><strong>quarumdam</strong></span> <span class='ocrx_word' id='word_1_214' title='bbox 1105 3046 1328 3110; x_wconf 90' lang='lat' dir='ltr'><strong>elocutionum</strong></span> <span class='ocrx_word' id='word_1_215' title='bbox 1349 3057 1445 3108; x_wconf 88' lang='lat' dir='ltr'><strong>emen·</strong></span> 
     </span>
     <span class='ocr_line' id='line_1_27' title="bbox 343 3133 1501 3225; baseline 0.005 -25"><span class='ocrx_word' id='word_1_216' title='bbox 343 3139 516 3219; x_wconf 88' lang='lat' dir='ltr'><strong>dationem,</strong></span> <span class='ocrx_word' id='word_1_217' title='bbox 540 3163 637 3225; x_wconf 89' lang='lat' dir='ltr'><strong>qnam</strong></span> <span class='ocrx_word' id='word_1_218' title='bbox 659 3145 696 3207; x_wconf 89' lang='lat' dir='ltr'><strong>iis</strong></span> <span class='ocrx_word' id='word_1_219' title='bbox 719 3155 842 3210; x_wconf 90' lang='lat' dir='ltr'><strong>tautum</strong></span> <span class='ocrx_word' id='word_1_220' title='bbox 863 3146 972 3209; x_wconf 88' lang='lat' dir='ltr'><strong>intulit</strong></span> <span class='ocrx_word' id='word_1_221' title='bbox 992 3147 1031 3210; x_wconf 89' lang='lat' dir='ltr'><strong>de</strong></span> <span class='ocrx_word' id='word_1_222' title='bbox 1052 3146 1179 3211; x_wconf 78' lang='lat' dir='ltr'><strong>divinae</strong></span> <span class='ocrx_word' id='word_1_223' title='bbox 1201 3145 1367 3211; x_wconf 81' lang='lat' dir='ltr'><strong>Trinitatis</strong></span> <span class='ocrx_word' id='word_1_224' title='bbox 1387 3157 1445 3224; x_wconf 82' lang='lat' dir='ltr'><strong>my·</strong></span> <span class='ocrx_word' id='word_1_225' title='bbox 1500 3133 1501 3179; x_wconf 75' lang='lat' dir='ltr'><strong>t</strong></span> 
     </span>
     <span class='ocr_line' id='line_1_28' title="bbox 343 3237 1443 3313; baseline -0.007 -9"><span class='ocrx_word' id='word_1_226' title='bbox 343 3243 443 3305; x_wconf 88' lang='lat' dir='ltr'><strong>sterio</strong></span> <span class='ocrx_word' id='word_1_227' title='bbox 465 3249 608 3309; x_wconf 82' lang='lat' dir='ltr'><strong>versatis.</strong></span> <span class='ocrx_word' id='word_1_228' title='bbox 632 3245 744 3310; x_wconf 86' lang='lat' dir='ltr'><strong>Cetera</strong></span> <span class='ocrx_word' id='word_1_229' title='bbox 769 3266 848 3311; x_wconf 82' lang='lat' dir='ltr'><strong>nero</strong></span> <span class='ocrx_word' id='word_1_230' title='bbox 876 3250 915 3312; x_wconf 91' lang='lat' dir='ltr'><strong>de</strong></span> <span class='ocrx_word' id='word_1_231' title='bbox 947 3251 1105 3312; x_wconf 86' lang='lat' dir='ltr'><strong>creaturis</strong></span> <span class='ocrx_word' id='word_1_232' title='bbox 1127 3249 1341 3313; x_wconf 86' lang='lat' dir='ltr'><strong>rationalibus</strong></span> <span class='ocrx_word' id='word_1_233' title='bbox 1359 3255 1388 3310; x_wconf 89' lang='lat' dir='ltr'><strong>et</strong></span> <span class='ocrx_word' id='word_1_234' title='bbox 1408 3237 1443 3299; x_wconf 87' lang='lat' dir='ltr'><strong>si·</strong></span> 
     </span>
     <span class='ocr_line' id='line_1_29' title="bbox 342 3339 1500 3430; baseline 0.009 -24"><span class='ocrx_word' id='word_1_235' title='bbox 342 3345 471 3409; x_wconf 88' lang='lat' dir='ltr'><strong>milibus</strong></span> <span class='ocrx_word' id='word_1_236' title='bbox 487 3355 626 3425; x_wconf 85' lang='lat' dir='ltr'><strong>vertens,</strong></span> <span class='ocrx_word' id='word_1_237' title='bbox 643 3350 825 3430; x_wconf 83' lang='lat' dir='ltr'><strong>reliquisse,</strong></span> <span class='ocrx_word' id='word_1_238' title='bbox 840 3353 933 3414; x_wconf 87' lang='lat' dir='ltr'><strong>sicuti</strong></span> <span class='ocrx_word' id='word_1_239' title='bbox 954 3353 983 3414; x_wconf 92' lang='lat' dir='ltr'><strong>in</strong></span> <span class='ocrx_word' id='word_1_240' title='bbox 999 3352 1163 3415; x_wconf 86' lang='lat' dir='ltr'><strong>codicibus</strong></span> <span class='ocrx_word' id='word_1_241' title='bbox 1179 3352 1390 3415; x_wconf 74' lang='lat' dir='ltr'><strong>habebamur.</strong></span> <span class='ocrx_word' id='word_1_242' title='bbox 1404 3339 1441 3400; x_wconf 65' lang='lat' dir='ltr'><strong>di·</strong></span> <span class='ocrx_word' id='word_1_243' title='bbox 1499 3409 1500 3426; x_wconf 34' lang='lat' dir='ltr'><strong>y</strong></span> 
     </span>
     <span class='ocr_line' id='line_1_30' title="bbox 340 3437 1440 3531; baseline -0.005 -23"><span class='ocrx_word' id='word_1_244' title='bbox 340 3446 436 3510; x_wconf 87' lang='lat' dir='ltr'><strong>citet</strong></span> <span class='ocrx_word' id='word_1_245' title='bbox 457 3453 605 3523; x_wconf 88' lang='lat' dir='ltr'><strong>testatur,</strong></span> <span class='ocrx_word' id='word_1_246' title='bbox 626 3453 695 3513; x_wconf 79' lang='lat' dir='ltr'><strong>sire</strong></span> <span class='ocrx_word' id='word_1_247' title='bbox 717 3469 805 3528; x_wconf 77' lang='lat' dir='ltr'><strong>vera,</strong></span> <span class='ocrx_word' id='word_1_248' title='bbox 828 3455 895 3515; x_wconf 85' lang='lat' dir='ltr'><strong>sive</strong></span> <span class='ocrx_word' id='word_1_249' title='bbox 917 3451 997 3514; x_wconf 84' lang='lat' dir='ltr'><strong>talea</strong></span> <span class='ocrx_word' id='word_1_250' title='bbox 1018 3453 1227 3531; x_wconf 80' lang='lat' dir='ltr'><strong>expressisset</strong></span> <span class='ocrx_word' id='word_1_251' title='bbox 1247 3444 1384 3508; x_wconf 78' lang='lat' dir='ltr'><strong>Auctor.</strong></span> <span class='ocrx_word' id='word_1_252' title='bbox 1402 3437 1440 3502; x_wconf 80' lang='lat' dir='ltr'><strong>us</strong></span> 
     </span>
     <span class='ocr_line' id='line_1_31' title="bbox 341 3541 1441 3634; baseline 0 -25"><span class='ocrx_word' id='word_1_253' title='bbox 341 3545 402 3610; x_wconf 88' lang='lat' dir='ltr'><strong>hac</strong></span> <span class='ocrx_word' id='word_1_254' title='bbox 424 3567 522 3629; x_wconf 91' lang='lat' dir='ltr'><strong>porro</strong></span> <span class='ocrx_word' id='word_1_255' title='bbox 544 3553 764 3617; x_wconf 86' lang='lat' dir='ltr'><strong>emendatione</strong></span> <span class='ocrx_word' id='word_1_256' title='bbox 785 3563 902 3634; x_wconf 85' lang='lat' dir='ltr'><strong>qnater</strong></span> <span class='ocrx_word' id='word_1_257' title='bbox 923 3556 1115 3615; x_wconf 85' lang='lat' dir='ltr'><strong>mentionem</strong></span> <span class='ocrx_word' id='word_1_258' title='bbox 1137 3549 1201 3626; x_wconf 88' lang='lat' dir='ltr'><strong>agit</strong></span> <span class='ocrx_word' id='word_1_259' title='bbox 1223 3545 1385 3620; x_wconf 81' lang='lat' dir='ltr'><strong>Rudinus,</strong></span> <span class='ocrx_word' id='word_1_260' title='bbox 1401 3541 1441 3602; x_wconf 73' lang='lat' dir='ltr'><strong>bil</strong></span> 
     </span>
     <span class='ocr_line' id='line_1_32' title="bbox 340 3647 1439 3732; baseline 0 -22"><span class='ocrx_word' id='word_1_261' title='bbox 340 3647 371 3711; x_wconf 90' lang='lat' dir='ltr'><strong>in</strong></span> <span class='ocrx_word' id='word_1_262' title='bbox 392 3650 539 3732; x_wconf 85' lang='lat' dir='ltr'><strong>Prologis</strong></span> <span class='ocrx_word' id='word_1_263' title='bbox 561 3653 677 3729; x_wconf 86' lang='lat' dir='ltr'><strong>citatis,</strong></span> <span class='ocrx_word' id='word_1_264' title='bbox 699 3673 737 3718; x_wconf 87' lang='lat' dir='ltr'><strong>nc</strong></span> <span class='ocrx_word' id='word_1_265' title='bbox 759 3656 805 3718; x_wconf 92' lang='lat' dir='ltr'><strong>bis</strong></span> <span class='ocrx_word' id='word_1_266' title='bbox 826 3656 859 3718; x_wconf 92' lang='lat' dir='ltr'><strong>in</strong></span> <span class='ocrx_word' id='word_1_267' title='bbox 879 3650 1048 3717; x_wconf 83' lang='lat' dir='ltr'><strong>locectiois</strong></span> <span class='ocrx_word' id='word_1_268' title='bbox 1069 3659 1181 3714; x_wconf 88' lang='lat' dir='ltr'><strong>contra</strong></span> <span class='ocrx_word' id='word_1_269' title='bbox 1204 3647 1439 3730; x_wconf 84' lang='lat' dir='ltr'><strong>Hieronymum·</strong></span> 
     </span>
     <span class='ocr_line' id='line_1_33' title="bbox 339 3747 1441 3838; baseline -0.009 -24"><span class='ocrx_word' id='word_1_270' title='bbox 339 3747 402 3814; x_wconf 91' lang='lat' dir='ltr'><strong>Ubl</strong></span> <span class='ocrx_word' id='word_1_271' title='bbox 423 3753 531 3835; x_wconf 85' lang='lat' dir='ltr'><strong>aliqua</strong></span> <span class='ocrx_word' id='word_1_272' title='bbox 553 3755 760 3834; x_wconf 85' lang='lat' dir='ltr'><strong>instaurasse,</strong></span> <span class='ocrx_word' id='word_1_273' title='bbox 783 3757 898 3838; x_wconf 82' lang='lat' dir='ltr'><strong>inquit,</strong></span> <span class='ocrx_word' id='word_1_274' title='bbox 915 3771 1000 3836; x_wconf 81' lang='lat' dir='ltr'><strong>quae</strong></span> <span class='ocrx_word' id='word_1_275' title='bbox 1020 3752 1078 3816; x_wconf 91' lang='lat' dir='ltr'><strong>sihi</strong></span> <span class='ocrx_word' id='word_1_276' title='bbox 1100 3751 1292 3831; x_wconf 88' lang='lat' dir='ltr'><strong>et·0rigenis</strong></span> <span class='ocrx_word' id='word_1_277' title='bbox 1308 3747 1402 3812; x_wconf 88' lang='lat' dir='ltr'><strong>menti</strong></span> <span class='ocrx_word' id='word_1_278' title='bbox 1413 3747 1441 3806; x_wconf 89' lang='lat' dir='ltr'><strong>et</strong></span> 
     </span>
    </p>
   </div>
   <div class='ocr_carea' id='block_1_4' title="bbox 334 3844 1497 4350">
    <p class='ocr_par' dir='ltr' id='par_1_5' title="bbox 337 3844 1441 4022">
     <span class='ocr_line' id='line_1_34' title="bbox 337 3844 1441 3936; baseline -0.009 -22"><span class='ocrx_word' id='word_1_279' title='bbox 337 3851 370 3914; x_wconf 91' lang='lat' dir='ltr'><strong>in</strong></span> <span class='ocrx_word' id='word_1_280' title='bbox 391 3851 503 3918; x_wconf 86' lang='lat' dir='ltr'><strong>eodem</strong></span> <span class='ocrx_word' id='word_1_281' title='bbox 526 3854 599 3920; x_wconf 91' lang='lat' dir='ltr'><strong>loco</strong></span> <span class='ocrx_word' id='word_1_282' title='bbox 621 3857 794 3936; x_wconf 88' lang='lat' dir='ltr'><strong>contraire,</strong></span> <span class='ocrx_word' id='word_1_283' title='bbox 818 3867 875 3922; x_wconf 90' lang='lat' dir='ltr'><strong>aut</strong></span> <span class='ocrx_word' id='word_1_284' title='bbox 897 3859 1001 3922; x_wconf 92' lang='lat' dir='ltr'><strong>minus</strong></span> <span class='ocrx_word' id='word_1_285' title='bbox 1022 3853 1251 3918; x_wconf 82' lang='lat' dir='ltr'><strong>aedificationis</strong></span> <span class='ocrx_word' id='word_1_286' title='bbox 1277 3851 1395 3915; x_wconf 85' lang='lat' dir='ltr'><strong>hahere</strong></span> <span class='ocrx_word' id='word_1_287' title='bbox 1414 3844 1441 3907; x_wconf 90' lang='lat' dir='ltr'><strong>in</strong></span> 
     </span>
     <span class='ocr_line' id='line_1_35' title="bbox 338 3951 624 4022; baseline 0.014 -4"><span class='ocrx_word' id='word_1_288' title='bbox 338 3951 401 4018; x_wconf 87' lang='lat' dir='ltr'><strong>fldc</strong></span> <span class='ocrx_word' id='word_1_289' title='bbox 423 3955 624 4022; x_wconf 82' lang='lat' dir='ltr'><strong>videbantur.</strong></span> 
     </span>
    </p>

    <p class='ocr_par' dir='ltr' id='par_1_6' title="bbox 334 4043 1497 4350">
     <span class='ocr_line' id='line_1_36' title="bbox 416 4043 1440 4142; baseline -0.024 -5"><span class='ocrx_word' id='word_1_290' title='bbox 416 4055 571 4138; x_wconf 66' lang='grc' dir='ltr'><strong>Ηθθῆῦθ,</strong></span> <span class='ocrx_word' id='word_1_291' title='bbox 596 4069 745 4142; x_wconf 82' lang='lat' dir='ltr'><strong>quamvis</strong></span> <span class='ocrx_word' id='word_1_292' title='bbox 760 4066 851 4128; x_wconf 85' lang='lat' dir='ltr'><strong>nohis</strong></span> <span class='ocrx_word' id='word_1_293' title='bbox 865 4065 1006 4130; x_wconf 91' lang='lat' dir='ltr'><strong>arduum</strong></span> <span class='ocrx_word' id='word_1_294' title='bbox 1022 4065 1064 4130; x_wconf 87' lang='lat' dir='ltr'><strong>sit</strong></span> <span class='ocrx_word' id='word_1_295' title='bbox 1077 4061 1211 4126; x_wconf 84' lang='lat' dir='ltr'><strong>delinire</strong></span> <span class='ocrx_word' id='word_1_296' title='bbox 1225 4057 1333 4138; x_wconf 85' lang='lat' dir='ltr'><strong>qualia</strong></span> <span class='ocrx_word' id='word_1_297' title='bbox 1349 4060 1380 4117; x_wconf 90' lang='lat' dir='ltr'><strong>et</strong></span> <span class='ocrx_word' id='word_1_298' title='bbox 1394 4043 1440 4112; x_wconf 77' lang='lat' dir='ltr'><strong>nbi</strong></span> 
     </span>
     <span class='ocr_line' id='line_1_37' title="bbox 336 4143 1497 4243; baseline -0.022 -5"><span class='ocrx_word' id='word_1_299' title='bbox 336 4157 514 4237; x_wconf 60' lang='lat' dir='ltr'><strong>wlfhere,</strong></span> <span class='ocrx_word' id='word_1_300' title='bbox 535 4177 594 4225; x_wconf 84' lang='lat' dir='ltr'><strong>seu</strong></span> <span class='ocrx_word' id='word_1_301' title='bbox 614 4169 794 4243; x_wconf 88' lang='lat' dir='ltr'><strong>praeterire</strong></span> <span class='ocrx_word' id='word_1_302' title='bbox 817 4169 921 4233; x_wconf 78' lang='lat' dir='ltr'><strong>visum</strong></span> <span class='ocrx_word' id='word_1_303' title='bbox 942 4169 1000 4231; x_wconf 88' lang='lat' dir='ltr'><strong>sibi</strong></span> <span class='ocrx_word' id='word_1_304' title='bbox 1022 4166 1124 4229; x_wconf 86' lang='lat' dir='ltr'><strong>tuerit</strong></span> <span class='ocrx_word' id='word_1_305' title='bbox 1145 4164 1197 4228; x_wconf 86' lang='lat' dir='ltr'><strong>rel</strong></span> <span class='ocrx_word' id='word_1_306' title='bbox 1218 4161 1266 4226; x_wconf 93' lang='lat' dir='ltr'><strong>uti</strong></span> <span class='ocrx_word' id='word_1_307' title='bbox 1286 4149 1438 4223; x_wconf 84' lang='lat' dir='ltr'><strong>contradi·</strong></span> <span class='ocrx_word' id='word_1_308' title='bbox 1496 4143 1497 4157; x_wconf 57' lang='lat'>¹</span> 
     </span>
     <span class='ocr_line' id='line_1_38' title="bbox 334 4249 1438 4350; baseline -0.021 -9"><span class='ocrx_word' id='word_1_309' title='bbox 334 4258 449 4338; x_wconf 69' lang='lat' dir='ltr'><strong>⁰l⁰rl³s</strong></span> <span class='ocrx_word' id='word_1_310' title='bbox 472 4263 618 4350; x_wconf 80' lang='lat' dir='ltr'><strong>minusve</strong></span> <span class='ocrx_word' id='word_1_311' title='bbox 638 4267 852 4336; x_wconf 81' lang='lat' dir='ltr'><strong>aedillctntla:</strong></span> <span class='ocrx_word' id='word_1_312' title='bbox 877 4279 983 4336; x_wconf 85' lang='lat' dir='ltr'><strong>tamea</strong></span> <span class='ocrx_word' id='word_1_313' title='bbox 998 4285 1137 4335; x_wconf 84' lang='lat' dir='ltr'><strong>numero</strong></span> <span class='ocrx_word' id='word_1_314' title='bbox 1150 4262 1342 4350; x_wconf 88' lang='lat' dir='ltr'><strong>paucissima</strong></span> <span class='ocrx_word' id='word_1_315' title='bbox 1356 4249 1438 4324; x_wconf 71' lang='lat' dir='ltr'><strong>rods</strong></span> 
     </span>
    </p>
   </div>
   <div class='ocr_carea' id='block_1_5' title="bbox 0 0 1518 4942">
    <p class='ocr_par' dir='ltr' id='par_1_7' title="bbox 0 0 1518 4942">
     <span class='ocr_line' id='line_1_39' title="bbox 0 0 1518 4942; baseline 0 5"><span class='ocrx_word' id='word_1_316' title='bbox 0 0 1518 4942; x_wconf 95' lang='lat' dir='ltr'><strong> </strong></span> 
     </span>
    </p>
   </div>
  </div>
 </body>
</html>
