3066 4950
85 505 190 570 soclus
210 511 243 570 sl
257 505 452 570 detentores.
475 503 558 570 Cum
580 505 677 570 aliter
690 505 938 571 infensissimum
955 507 1077 588 ubique
1098 506 1202 572 beon·

86 609 149 672 tius
170 625 205 672 as
226 613 368 689 praestet
389 603 562 670 Theodoro
581 614 824 686 mopsuesteno,
841 617 878 673 ut
897 609 981 675 iulra
1003 609 1152 675 dicetur:
1169 617 1201 673 et

85 708 279 774 Theodorus
300 717 548 788 mopsuestenus
569 708 600 772 in
630 709 697 776 suis
717 709 810 776 libris
830 709 978 793 Origsnis
1000 711 1203 778 Commenta·

85 811 134 874 ria
157 811 323 877 relntsrit.
1144 843 1149 852 ·

165 911 279 988 Sexto,
301 910 436 992 Evagrii
451 920 484 976 et
499 909 614 996 cyrilli
636 914 839 978 narrationes
857 911 898 978 de
912 911 1032 999 Synodl
1047 911 1084 978 v.
1101 913 1203 988 betis,

83 1022 217 1095 praeter
246 1013 334 1094 quod
361 1014 548 1078 dissentiant
568 1013 609 1078 ab
631 1031 682 1092 ea,
700 1033 798 1097 quam
827 1015 1065 1097 praemisimus,
1093 1015 1205 1095 genni-

84 1134 125 1181 na
151 1112 289 1180 Consilii
309 1116 457 1192 bisloria,
473 1115 514 1178 ab
534 1116 672 1180 invicem
701 1134 835 1198 qunque
860 1117 1057 1182 discordant.
1086 1119 1133 1181 lbi
1159 1117 1205 1182 all

82 1216 248 1299 Euagrius
272 1218 303 1281 in
324 1215 454 1303 Synodo
476 1217 619 1298 generali
634 1217 818 1282 damnatam
841 1219 938 1284 luisse
953 1219 1203 1298 origenistarum

82 1321 244 1386 baeresim
265 1328 304 1384 sc
324 1320 424 1386 simul
445 1320 506 1384 tria
528 1317 693 1401 capitote,
727 1329 839 1386 contra
862 1320 1036 1402 origenem
1058 1323 1203 1387 laetanti·

83 1424 145 1488 bus
168 1422 335 1488 Eustocbii
357 1423 563 1504 patriarchas
585 1421 834 1505 Hierosolymas
854 1424 968 1505 legetis
989 1441 1028 1490 ac
1049 1415 1202 1488 Palaesti-

82 1543 145 1590 uas
167 1523 342 1590 monacbis.
369 1523 514 1608 cyrillus
535 1541 636 1604 perro
659 1523 727 1588 lere
748 1523 861 1588 eadem
890 1523 1002 1588 scribit
1022 1523 1063 1588 ds
1084 1522 1204 1588 Eusto-
1314 1535 1319 1544 '

85 1629 163 1692 cbio
178 1623 223 1692 'ac
236 1629 276 1690 ds
292 1627 455 1690 monacbis
477 1625 635 1690 adsersus
655 1624 842 1705 Origenem,
860 1623 1038 1708 Evagrinm
1058 1634 1090 1692 et
1105 1625 1205 1712 Didy-

86 1746 179 1794 mum
199 1727 391 1794 instantibus
420 1727 452 1789 in
473 1723 615 1810 synodo,
640 1733 676 1788 ut
704 1726 949 1791 damnarentur.
975 1728 1125 1791 Attamen
1146 1727 1205 1790 bo·
1323 1733 1326 1740 “

88 1849 165 1896 ιιιιιι
183 1831 304 1894 sancita
319 1846 338 1892 a
355 1828 512 1894 ‚Patribus
526 1827 745 1904 damnatione,
760 1828 800 1892 de
823 1829 926 1893 tribus
939 1826 1097 1910 Capitulis
1113 1845 1206 1910 prae·

89 1933 168 1998 terit
180 1932 311 1994 omnino
326 1931 570 2007 discussionem,
588 1947 646 1994 uec
667 1929 739 1993 ulls
756 1930 877 1995 mentio
892 1929 1057 2011 reperitur
1069 1929 1101 1992 iu
1119 1929 1205 1992 omni

87 2034 217 2110 Sabbas
238 2033 385 2104 bistoria.

163 2135 336 2200 Praeterea
353 2133 513 2215 Evagrins
526 2133 687 2214 quasdam
703 2139 793 2198 notat
807 2131 847 2198 ds
860 2130 1036 2214 Eulycbie:
1058 2135 1114 2216 qul
1130 2151 1204 2200 cunr

87 2239 199 2302 adbuc
219 2245 303 2301 esset
317 2235 548 2317 apocrisiarius
564 2235 707 2316 episcopi
728 2251 969 2311 amassnornm,
986 2235 1149 2315 proposita
1172 2235 1203 2299 in

87 2339 221 2424 Synodo
241 2339 442 2420 quaestione,
465 2355 541 2400 num
574 2335 714 2398 mortuis
735 2333 942 2416 indigendum
970 2345 1054 2400 esset
1075 2336 1205 2401 anathe-

89 2460 158 2516 nsa,
180 2443 301 2524 quippe
322 2443 353 2504 in
373 2439 473 2503 sacris
494 2439 672 2519 scripturis
692 2438 903 2513 exercitatus,
920 2455 995 2502 oum
1017 2443 1206 2520 contemptu

88 2544 319 2622 episcoporum
347 2540 556 2614 adstantium,
584 2535 697 2619 aperte
716 2539 888 2604 statuite«
913 2537 1143 2615 Quaestionem
1167 2539 1207 2604 tl·

87 2645 155 2707 lam
178 2642 408 2706 deliberatione
431 2659 493 2704 oon
522 2658 642 2721 sgsrs3
664 2641 927 2723 qnandoquidem
949 2641 1055 2708 iosias
1075 2659 1136 2707 rsa
1156 2659 1207 2707 aa·

89 2745 240 2812 cerdolss
255 2744 451 2808 daemonum
469 2761 532 2806 non
546 2743 643 2807 modo
657 2745 747 2809 siros
761 2744 989 2814 interfecisset.
1004 2743 1059 2809 ssd
1076 2761 1205 2819 eornm,

89 2851 149 2930 gni
171 2848 228 2911 diu
250 2854 343 2913 autea
369 2846 489 2910 mortui
514 2845 655 2921 inerant,
687 2846 862 2926 sepulchra
894 2845 1066 2911 ciiodisset.
1098 2845 1208 2928 Atque

90 2952 156 3016 boc
177 2949 218 3012 ab
240 2947 405 3032 Eutychio
424 2949 588 3028 aptissime
618 2948 741 3012 dictum
762 2965 831 3013 esse
851 2948 973 3025 cuncti,
995 2946 1052 3029 qul
1073 2946 1209 3012 aderant

89 3055 299 3116 censuerunt.
322 3067 339 3107 a
361 3045 451 3114 ilaec
472 3055 581 3113 autem
614 3048 745 3112 redacta
766 3046 807 3111 ab
827 3045 971 3129 Evagrio
991 3065 1033 3111 ex
1054 3046 1207 3132 Eulpcbii
1302 3077 1308 3098 ι

87 3154 156 3216 rita
181 3169 240 3230 pcr
255 3147 463 3214 Euslstbinm
487 3150 728 3232 presbyterum,
748 3155 835 3229 gesta
856 3157 929 3212 aunt
953 3151 983 3213 in
1005 3149 1140 3231 privatis
1161 3149 1208 3214 di·

88 3249 311 3316 suessionibus
338 3248 379 3316 de
400 3249 504 3314 tribus
524 3247 696 3330 Capitulis,
720 3249 849 3314 sirenis
876 3247 1142 3327 adhueMenna',
1170 3265 1208 3312 ac

89 3352 174 3418 duos
197 3351 266 3415 iere
286 3367 385 3414 annos
405 3357 479 3414 ante
500 3348 636 3416 Consilii
656 3347 696 3413 V.
719 3347 961 3414 adunationem.

174 3451 331 3533 Septimo,
347 3451 493 3535 Cprillua
513 3468 545 3515 n.
568 3449 619 3517 85.
636 3456 761 3529 narrat,
777 3451 912 3516 Petrum
927 3451 1207 3532 archiepiscopum

92 3553 400 3636 Hierosolymorum
415 3552 598 3634 Sopbruuis
610 3559 643 3616 st
658 3550 790 3618 Gelasio
811 3551 990 3630 mandasse,
1007 3561 1044 3616 ut
1057 3551 1207 3617 libellum

94 3655 244 3720 lacerent
261 3655 293 3718 in
314 3655 517 3736 origenistas,
540 3653 724 3719 iustiniano
755 3653 998 3733 remittendum,
1030 3671 1097 3735 quo
1118 3671 1210 3718 acce·

95 3764 165 3839 pto,
180 3756 323 3821 edictum
338 3755 533 3837 publicasse,
554 3755 610 3822 cui
629 3757 820 3838 subscripsit
835 3752 968 3822 bisonas
989 3774 1064 3821 cum
1080 3753 1210 3840 Spuodo

93 3874 169 3932 sua,
199 3874 238 3920 ac
263 3855 377 3920 deinde
397 3857 540 3938 episcopi
566 3855 766 3920 Palaestinas
790 3864 823 3920 sl
843 3855 975 3919 abbates
1002 3855 1212 3920 monasterio·

95 3975 185 4022 rum.
206 3955 379 4022 Liberatus
402 3975 480 4021 vere
502 3959 513 4034 i
525 3958 611 4038 quod
634 3955 921 4038 omisitCyrillus)
941 3957 1060 4039 adjecit
1080 3956 1211 4020 damna·

94 4060 190 4125 tionis
203 4058 374 4124 decretum
389 4056 506 4140 vigilio
523 4057 682 4140 Episcopo
698 4055 859 4135 Romano,
875 4055 967 4122 Zoilo
983 4056 1208 4130 alexandrino,

89 4144 294 4244 prraemis
313 4161 507 4226 antiocheno
537 4159 698 4223 directum
719 4157 818 4222 luisse
838 4175 877 4222 ac
897 4159 938 4222 ab
965 4160 1040 4239 ipsis
1069 4158 1210 4224 subscri·

94 4272 197 4347 ptum.
225 4261 397 4330 Praeterea
417 4262 562 4346 ilyrillns
589 4263 694 4343 inquit
721 4257 953 4341 prrasmium
976 4269 1008 4326 sl
1031 4260 1206 4328 Eusebium
