3186 4946
139 497 189 563 cla
212 497 246 559 in
266 493 338 576 ejus
358 493 469 556 locnm
491 487 708 556 Alexandriae
729 489 950 569 episcopatum
973 489 1096 566 tenuit,
1117 495 1151 554 et
1176 489 1251 557 Dio·

137 599 250 682 nysius
263 595 403 662 Scholac
424 593 674 675 praeteetnram.
695 591 838 672 ideoque
857 592 883 654 si
898 591 1101 669 admittatur,
1123 601 1251 658 utrum·

140 719 207 782 que
229 697 398 762 erroribus
412 693 562 774 Origenis
583 695 749 770 restitisse,
771 693 915 774 procella
936 701 1048 757 centra
1070 696 1176 776 ipsum
1197 714 1253 762 ax·

140 803 240 866 citata
256 816 320 861 non
335 797 520 877 quievisset.
536 795 686 859 Attamen
701 796 768 876 ipse
782 795 938 875 Origenes
959 801 1097 859 testatur
1108 805 1180 877 post
1194 795 1255 861 De·

139 901 248 966 metrii
270 899 408 973 obitum,
431 896 500 962 Deo
523 915 585 978 pro
605 915 640 960 se
663 905 824 977 pugnante
857 903 1008 976 tanquam
1029 897 1183 975 innoxio,
1213 900 1254 961 ab

141 1002 290 1066 hostibus
313 999 539 1077 triumphasse.

224 1103 256 1168 Si
278 1112 387 1166 antem
403 1101 494 1177 velis,
517 1101 576 1164 hos
596 1099 744 1181 Origenis
760 1099 976 1182 impietatibus
989 1103 1198 1172 consensisse,
1213 1104 1256 1166 ob

137 1223 223 1286 quas
244 1204 364 1267 dieitur
378 1203 444 1282 ipse
465 1201 647 1282 damnatum
671 1211 747 1266 tune
769 1211 908 1282 uterque
923 1203 1035 1264 eodem
1053 1205 1255 1266 anathemate

139 1309 228 1370 ictus
251 1304 387 1383 lobset3
402 1313 435 1367 et
455 1306 680 1383 episcoporum
695 1309 837 1378 senatus,
852 1301 895 1365 ob
910 1302 1068 1366 haeresim
1084 1304 1186 1383 patria
1202 1305 1255 1366 de·

141 1407 240 1488 pulso
261 1407 427 1485 magistro,
450 1405 481 1466 in
502 1406 605 1485 patria
637 1403 793 1467 ecclesiae
814 1410 847 1467 et
869 1403 1013 1470 Senotee
1027 1403 1255 1468 alexandrinae

139 1507 352 1590 praefecisset
373 1507 526 1570 baeretici
548 1507 610 1570 riri
630 1504 816 1585 discipulos.
841 1505 991 1569 Attamen
1023 1525 1081 1570 nec
1101 1506 1257 1588 Origenes

138 1609 338 1692 palinodiam
359 1609 473 1672 cecinit
484 1629 495 1688 3
518 1627 575 1673 nec
597 1607 742 1689 ejusdem
762 1607 957 1672 damnationi
978 1617 1146 1684 narratur,
1168 1627 1255 1672 com·

139 1711 322 1773 manicasse
343 1707 516 1772 Heraclam
547 1715 581 1771 at
601 1706 800 1793 Dionysium.
832 1707 1017 1786 Quinimmo
1040 1710 1161 1790 legitur
1181 1708 1257 1774 Dio·

139 1813 255 1898 nysius
275 1826 351 1873 eum
381 1818 474 1872 antea
496 1811 525 1872 ei
547 1812 578 1873 iu
608 1807 726 1874 Schola
747 1809 956 1874 alexandrina
989 1810 1102 1874 luisset
1127 1811 1257 1892 insignis

142 1912 291 1993 adjutor,
307 1911 410 1974 eidem
425 1909 554 1974 dicasse
567 1912 714 1974 libellum
735 1910 771 1972 de
784 1908 944 1989 Martyria
961 1910 1004 1973 ob
1024 1928 1061 1974 ea
1078 1929 1164 1992 qnae
1184 1929 1255 1992 pas·

140 2031 199 2077 sus
221 2018 270 2075 est
289 2012 351 2076 sub
366 2010 476 2088 Decio,
491 2013 592 2075 instar
604 2011 707 2075 libelli
721 2012 872 2088 alterius,
889 2029 986 2092 quem
999 2009 1155 2092 Origenes
1177 2011 1255 2076 Am·

141 2115 255 2178 brosio
275 2122 310 2177 et
329 2113 517 2178 Protoeteto
538 2114 703 2178 obtulerat
721 2113 765 2178 ob
786 2113 918 2178 illorum
941 2113 1110 2177 victoriam
1130 2115 1163 2177 in
1184 2133 1256 2196 per·

141 2214 311 2280 secutione
333 2211 514 2280 Maximini.

225 2304 362 2388 iusuper
382 2305 422 2371 de
449 2309 548 2389 ipsius
568 2305 718 2388 Origenis
731 2310 773 2372 ab
793 2310 941 2391 Aegypto
961 2309 1109 2387 decessu,
1132 2309 1259 2374 vivente

143 2407 326 2485 Demetrio,
343 2407 497 2473 audiatur
517 2409 673 2490 quidquid
695 2410 762 2491 ipse
781 2410 903 2474 scribat
917 2408 1134 2494 Hieronymus
1147 2419 1259 2475 contra

143 2507 320 2590 Theophili
340 2511 568 2574 anctoritatem
589 2512 778 2576 asserentisr
803 2528 929 2574 nunna
952 2530 986 2574 se
1000 2508 1173 2591 Origenem
1195 2511 1261 2592 pri·

143 2629 251 2687 mum,
271 2609 327 2674 sed
349 2609 389 2674 ab
410 2611 548 2691 antiquis
572 2607 734 2689 Patribus,
750 2619 782 2674 et
798 2613 937 2674 maxime
952 2608 1092 2676 Heracle
1108 2622 1171 2675 eta
1189 2629 1260 2692 pre·

141 2713 290 2798 sbgterio
311 2711 464 2793 ejectum,
481 2719 513 2774 et
534 2712 573 2774 de
592 2709 735 2776 Ecclesia
752 2711 895 2791 pulsum,
912 2711 1000 2775 etde
1015 2713 1147 2776 civitate
1169 2712 1261 2792 inga-

145 2819 236 2878 tum:
253 2832 272 2873 a
291 2811 384 2890 Quae
412 2812 508 2876 verba
525 2813 639 2876 deinde
664 2811 967 2902 AnetorEpistolae
992 2812 1030 2876 ad
1049 2811 1198 2876 blennarn
1214 2816 1261 2879 in·

142 2916 308 2978 stauravit
329 2932 388 2994 pro
408 2933 469 2978 suo
492 2915 600 2979 studio
621 2923 732 2978 contra
761 2913 909 2994 Origenis
930 2932 1112 2995 personam.
1143 2913 1260 2978 Hiero·

144 3031 276 3098 nymus,
298 3014 371 3078 dico
386 3013 465 3095 (etsi
483 3025 591 3096 postea
608 3015 724 3079 illusus
738 3035 755 3078 a
769 3014 949 3095 Theophilo
964 3003 1126 3079 contraria
1142 3014 1263 3080 dixerit

143 3115 185 3178 de
209 3112 373 3195 Origene)
393 3113 429 3180 e'n
452 3113 601 3197 Cotelopo
620 3114 814 3197 Scriptorum
836 3114 1133 3194 Ecclesiastieerum
1157 3135 1187 3178 n.
1211 3109 1261 3182 64.

147 3215 230 3280 haee
251 3234 313 3295 pro
330 3217 444 3280 eodem
471 3218 587 3282 tradit:
605 3217 675 3282 «Et
690 3238 763 3282 corn
780 3217 902 3282 mediae
916 3228 999 3282 esset
1014 3222 1127 3283 aetatis
1141 3229 1173 3284 et
1188 3236 1263 3299 pre·

147 3325 224 3400 pter
239 3317 391 3382 ecclesias
406 3318 561 3400 Acbajae,
578 3337 662 3400 qnae
677 3319 827 3400 pluribus
843 3318 1028 3382 haeresibus
1045 3320 1261 3394 vexabantur,

146 3419 213 3483 sub
236 3420 419 3484 testimonie
439 3420 674 3485 ecclesiasticae
696 3419 850 3498 epistolae
872 3418 1013 3484 Athenas
1036 3438 1094 3500 per
1111 3418 1263 3482 Palaesti-

149 3538 224 3584 nam
247 3528 411 3600 pergeret,
433 3519 651 3584 aTbeoctisto
672 3529 706 3584 et
726 3520 914 3585 Alexandro
935 3520 1112 3585 Caesareae
1136 3529 1168 3584 et
1190 3518 1265 3583 Hie·

149 3623 397 3702 rosolpmorum
419 3623 589 3703 episcopis,
611 3621 781 3706 presbyter
796 3622 976 3700 ordinatus,
994 3619 1149 3684 Demetrii
1165 3620 1265 3684 oden·

150 3722 201 3786 dit
219 3723 386 3798 animum,
410 3723 467 3802 qni
489 3731 575 3784 tanta
599 3723 629 3785 in
651 3741 726 3785 eum
748 3722 964 3786 debacchatus
985 3731 1034 3786 est
1061 3723 1205 3796 insania,
1228 3731 1265 3786 ut

151 3841 212 3904 per
235 3831 337 3887 totum
354 3824 512 3889 mundum
526 3842 627 3906 snper
638 3825 765 3888 nomine
778 3825 848 3906 ejus
862 3825 1029 3889 scriberet.
1043 3845 1059 3883 n
1074 3823 1152 3889 ltem
1168 3844 1199 3888 n.
1212 3823 1263 3890 lb.

150 3925 192 3987 de
214 3923 326 3987 endem
351 3924 538 3989 Alexandro
562 3926 693 3990 locutus
716 3924 945 4010 Hieronymus,
972 3928 1029 4003 ait,
1057 3927 1159 4008 ipsum
1187 3927 1266 3990 scri·

151 4025 252 4106 psisse
273 4026 441 4106 epistolam
463 4027 503 4088 ad
524 4024 697 4108 Origenem
719 4035 750 4090 et
772 4043 831 4106 pro
852 4024 993 4107 Origene
1014 4038 1125 4092 contra
1153 4025 1266 4091 Deme·

154 4127 277 4202 trium,
299 4146 338 4191 eo
360 4126 447 4206 qued
468 4126 566 4206 jnxta
590 4128 806 4194 testimouium
831 4127 976 4209 ejusdem
996 4126 1149 4194 Demetrii
1171 4130 1265 4194 illum

151 4227 378 4312 presbyterum
400 4230 627 4296 constituisset.
