<?xml version="1.0" encoding="UTF-8"?>
<!DOCTYPE html PUBLIC "-//W3C//DTD XHTML 1.0 Transitional//EN"
    "http://www.w3.org/TR/xhtml1/DTD/xhtml1-transitional.dtd">
<html xmlns="http://www.w3.org/1999/xhtml" xml:lang="en" lang="en">
 <head>
  <title>
</title>
<meta http-equiv="Content-Type" content="text/html;charset=utf-8" />
  <meta name='ocr-system' content='tesseract 3.04.00' />
  <meta name='ocr-capabilities' content='ocr_page ocr_carea ocr_par ocr_line ocrx_word'/>
</head>
<body>
  <div class='ocr_page' id='page_1' title='image "./insgregoriinyss01vincgoog/insgregoriinyss01vincgoog_0152.png"; bbox 0 0 3028 4942; ppageno 0'>
   <div class='ocr_carea' id='block_1_1' title="bbox 1116 387 1174 456">
    <p class='ocr_par' dir='ltr' id='par_1_1' title="bbox 1116 387 1174 456">
     <span class='ocr_line' id='line_1_1' title="bbox 1116 387 1174 456; baseline -0.017 0"><span class='ocrx_word' id='word_1_1' title='bbox 1116 387 1174 456; x_wconf 76' lang='lat' dir='ltr'><strong>tat</strong></span> 
     </span>
    </p>
   </div>
   <div class='ocr_carea' id='block_1_2' title="bbox 73 489 1248 3202">
    <p class='ocr_par' dir='ltr' id='par_1_2' title="bbox 74 489 1175 1364">
     <span class='ocr_line' id='line_1_2' title="bbox 82 489 1173 574; baseline -0.001 -21"><span class='ocrx_word' id='word_1_2' title='bbox 82 489 146 554; x_wconf 81' lang='lat' dir='ltr'><strong>dem</strong></span> <span class='ocrx_word' id='word_1_3' title='bbox 167 491 276 554; x_wconf 87' lang='lat' dir='ltr'><strong>lihrns.</strong></span> <span class='ocrx_word' id='word_1_4' title='bbox 300 489 372 556; x_wconf 91' lang='lat' dir='ltr'><strong>Non</strong></span> <span class='ocrx_word' id='word_1_5' title='bbox 394 493 526 556; x_wconf 82' lang='lat' dir='ltr'><strong>resisto:</strong></span> <span class='ocrx_word' id='word_1_6' title='bbox 542 494 621 574; x_wconf 90' lang='lat' dir='ltr'><strong>quin</strong></span> <span class='ocrx_word' id='word_1_7' title='bbox 644 493 752 573; x_wconf 88' lang='lat' dir='ltr'><strong>potina</strong></span> <span class='ocrx_word' id='word_1_8' title='bbox 766 499 799 556; x_wconf 90' lang='lat' dir='ltr'><strong>et</strong></span> <span class='ocrx_word' id='word_1_9' title='bbox 813 491 910 556; x_wconf 87' lang='lat' dir='ltr'><strong>malo.</strong></span> <span class='ocrx_word' id='word_1_10' title='bbox 928 489 1009 555; x_wconf 88' lang='lat' dir='ltr'><strong>Nam</strong></span> <span class='ocrx_word' id='word_1_11' title='bbox 1024 491 1054 552; x_wconf 91' lang='lat' dir='ltr'><strong>ld</strong></span> <span class='ocrx_word' id='word_1_12' title='bbox 1069 509 1087 554; x_wconf 88' lang='lat' dir='ltr'><strong>a</strong></span> <span class='ocrx_word' id='word_1_13' title='bbox 1102 491 1173 572; x_wconf 85' lang='lat' dir='ltr'><strong>qul·</strong></span> 
     </span>
     <span class='ocr_line' id='line_1_3' title="bbox 80 591 1172 673; baseline 0.001 -20"><span class='ocrx_word' id='word_1_14' title='bbox 80 593 203 654; x_wconf 89' lang='lat' dir='ltr'><strong>husdam</strong></span> <span class='ocrx_word' id='word_1_15' title='bbox 223 601 255 656; x_wconf 90' lang='lat' dir='ltr'><strong>et</strong></span> <span class='ocrx_word' id='word_1_16' title='bbox 277 591 431 656; x_wconf 88' lang='lat' dir='ltr'><strong>traditum</strong></span> <span class='ocrx_word' id='word_1_17' title='bbox 451 601 484 656; x_wconf 87' lang='lat' dir='ltr'><strong>et</strong></span> <span class='ocrx_word' id='word_1_18' title='bbox 502 597 660 673; x_wconf 79' lang='lat' dir='ltr'><strong>scripturn</strong></span> <span class='ocrx_word' id='word_1_19' title='bbox 682 601 742 666; x_wconf 88' lang='lat' dir='ltr'><strong>eat,</strong></span> <span class='ocrx_word' id='word_1_20' title='bbox 761 610 825 656; x_wconf 90' lang='lat' dir='ltr'><strong>nou</strong></span> <span class='ocrx_word' id='word_1_21' title='bbox 846 591 1013 655; x_wconf 72' lang='lat' dir='ltr'><strong>catholicis</strong></span> <span class='ocrx_word' id='word_1_22' title='bbox 1036 599 1172 662; x_wconf 87' lang='lat' dir='ltr'><strong>tantum,</strong></span> 
     </span>
     <span class='ocr_line' id='line_1_4' title="bbox 80 691 1175 774; baseline 0.002 -22"><span class='ocrx_word' id='word_1_23' title='bbox 80 709 184 756; x_wconf 85' lang='lat' dir='ltr'><strong>serum</strong></span> <span class='ocrx_word' id='word_1_24' title='bbox 206 695 301 755; x_wconf 91' lang='lat' dir='ltr'><strong>etiam</strong></span> <span class='ocrx_word' id='word_1_25' title='bbox 318 693 497 758; x_wconf 70' lang='lat' dir='ltr'><strong>haereticis.</strong></span> <span class='ocrx_word' id='word_1_26' title='bbox 521 691 582 756; x_wconf 85' lang='lat' dir='ltr'><strong>Sed</strong></span> <span class='ocrx_word' id='word_1_27' title='bbox 604 695 760 771; x_wconf 76' lang='lat' dir='ltr'><strong>illudent,</strong></span> <span class='ocrx_word' id='word_1_28' title='bbox 783 693 870 774; x_wconf 87' lang='lat' dir='ltr'><strong>quod</strong></span> <span class='ocrx_word' id='word_1_29' title='bbox 892 694 1046 756; x_wconf 88' lang='lat' dir='ltr'><strong>dehemus</strong></span> <span class='ocrx_word' id='word_1_30' title='bbox 1059 693 1175 755; x_wconf 81' lang='lat' dir='ltr'><strong>adver·</strong></span> 
     </span>
     <span class='ocr_line' id='line_1_5' title="bbox 77 794 1172 874; baseline 0.004 -20"><span class='ocrx_word' id='word_1_31' title='bbox 77 801 149 868; x_wconf 88' lang='lat' dir='ltr'><strong>tere,</strong></span> <span class='ocrx_word' id='word_1_32' title='bbox 169 801 201 854; x_wconf 90' lang='lat' dir='ltr'><strong>et</strong></span> <span class='ocrx_word' id='word_1_33' title='bbox 219 796 246 856; x_wconf 88' lang='lat' dir='ltr'><strong>si</strong></span> <span class='ocrx_word' id='word_1_34' title='bbox 268 813 331 856; x_wconf 91' lang='lat' dir='ltr'><strong>nou</strong></span> <span class='ocrx_word' id='word_1_35' title='bbox 352 796 478 874; x_wconf 89' lang='lat' dir='ltr'><strong>ipsum,</strong></span> <span class='ocrx_word' id='word_1_36' title='bbox 494 795 595 856; x_wconf 87' lang='lat' dir='ltr'><strong>libros</strong></span> <span class='ocrx_word' id='word_1_37' title='bbox 620 805 725 859; x_wconf 88' lang='lat' dir='ltr'><strong>tamen</strong></span> <span class='ocrx_word' id='word_1_38' title='bbox 745 796 807 858; x_wconf 91' lang='lat' dir='ltr'><strong>suh</strong></span> <span class='ocrx_word' id='word_1_39' title='bbox 828 797 954 858; x_wconf 89' lang='lat' dir='ltr'><strong>nomine</strong></span> <span class='ocrx_word' id='word_1_40' title='bbox 975 813 1036 857; x_wconf 90' lang='lat' dir='ltr'><strong>suo</strong></span> <span class='ocrx_word' id='word_1_41' title='bbox 1056 794 1172 864; x_wconf 81' lang='lat' dir='ltr'><strong>editos,</strong></span> 
     </span>
     <span class='ocr_line' id='line_1_6' title="bbox 76 895 1173 976; baseline 0.004 -22"><span class='ocrx_word' id='word_1_42' title='bbox 76 909 198 972; x_wconf 73' lang='lat' dir='ltr'><strong>magnac</strong></span> <span class='ocrx_word' id='word_1_43' title='bbox 217 911 288 956; x_wconf 86' lang='lat' dir='ltr'><strong>esse</strong></span> <span class='ocrx_word' id='word_1_44' title='bbox 311 896 497 974; x_wconf 83' lang='lat' dir='ltr'><strong>tentationi3</strong></span> <span class='ocrx_word' id='word_1_45' title='bbox 525 896 582 974; x_wconf 88' lang='lat' dir='ltr'><strong>qui</strong></span> <span class='ocrx_word' id='word_1_46' title='bbox 604 896 712 958; x_wconf 89' lang='lat' dir='ltr'><strong>multis</strong></span> <span class='ocrx_word' id='word_1_47' title='bbox 734 895 1007 976; x_wconf 85' lang='lat' dir='ltr'><strong>blasphemiarum</strong></span> <span class='ocrx_word' id='word_1_48' title='bbox 1032 895 1173 958; x_wconf 81' lang='lat' dir='ltr'><strong>vulneri·</strong></span> 
     </span>
     <span class='ocr_line' id='line_1_7' title="bbox 76 993 1175 1076; baseline 0.003 -23"><span class='ocrx_word' id='word_1_49' title='bbox 76 993 125 1054; x_wconf 90' lang='lat' dir='ltr'><strong>hus</strong></span> <span class='ocrx_word' id='word_1_50' title='bbox 144 1000 315 1071; x_wconf 84' lang='lat' dir='ltr'><strong>scalentes,</strong></span> <span class='ocrx_word' id='word_1_51' title='bbox 337 1012 399 1059; x_wconf 90' lang='lat' dir='ltr'><strong>uun</strong></span> <span class='ocrx_word' id='word_1_52' title='bbox 420 1004 459 1059; x_wconf 90' lang='lat' dir='ltr'><strong>ut</strong></span> <span class='ocrx_word' id='word_1_53' title='bbox 479 996 588 1073; x_wconf 91' lang='lat' dir='ltr'><strong>alieni,</strong></span> <span class='ocrx_word' id='word_1_54' title='bbox 608 995 663 1059; x_wconf 86' lang='lat' dir='ltr'><strong>sed</strong></span> <span class='ocrx_word' id='word_1_55' title='bbox 686 996 777 1076; x_wconf 80' lang='lat' dir='ltr'><strong>quasi</strong></span> <span class='ocrx_word' id='word_1_56' title='bbox 798 996 848 1060; x_wconf 90' lang='lat' dir='ltr'><strong>sui</strong></span> <span class='ocrx_word' id='word_1_57' title='bbox 868 1005 900 1058; x_wconf 86' lang='lat' dir='ltr'><strong>et</strong></span> <span class='ocrx_word' id='word_1_58' title='bbox 919 996 1074 1075; x_wconf 80' lang='lat' dir='ltr'><strong>leguntur</strong></span> <span class='ocrx_word' id='word_1_59' title='bbox 1090 1004 1122 1058; x_wconf 91' lang='lat' dir='ltr'><strong>et</strong></span> <span class='ocrx_word' id='word_1_60' title='bbox 1140 1014 1175 1056; x_wconf 89' lang='lat' dir='ltr'><strong>a·</strong></span> 
     </span>
     <span class='ocr_line' id='line_1_8' title="bbox 75 1094 1173 1176; baseline -0.001 -20"><span class='ocrx_word' id='word_1_61' title='bbox 75 1101 206 1158; x_wconf 84' lang='lat' dir='ltr'><strong>mantus:</strong></span> <span class='ocrx_word' id='word_1_62' title='bbox 234 1104 285 1172; x_wconf 91' lang='lat' dir='ltr'><strong>ut,</strong></span> <span class='ocrx_word' id='word_1_63' title='bbox 312 1105 345 1160; x_wconf 88' lang='lat' dir='ltr'><strong>et</strong></span> <span class='ocrx_word' id='word_1_64' title='bbox 371 1099 398 1159; x_wconf 87' lang='lat' dir='ltr'><strong>si</strong></span> <span class='ocrx_word' id='word_1_65' title='bbox 421 1098 454 1159; x_wconf 90' lang='lat' dir='ltr'><strong>in</strong></span> <span class='ocrx_word' id='word_1_66' title='bbox 478 1114 592 1160; x_wconf 88' lang='lat' dir='ltr'><strong>errore</strong></span> <span class='ocrx_word' id='word_1_67' title='bbox 619 1096 827 1176; x_wconf 88' lang='lat' dir='ltr'><strong>eoncipiendo</strong></span> <span class='ocrx_word' id='word_1_68' title='bbox 850 1094 998 1176; x_wconf 78' lang='lat' dir='ltr'><strong>Origenis</strong></span> <span class='ocrx_word' id='word_1_69' title='bbox 1021 1114 1085 1160; x_wconf 86' lang='lat' dir='ltr'><strong>nun</strong></span> <span class='ocrx_word' id='word_1_70' title='bbox 1114 1095 1173 1158; x_wconf 88' lang='lat' dir='ltr'><strong>luit</strong></span> 
     </span>
     <span class='ocr_line' id='line_1_9' title="bbox 74 1197 1173 1280; baseline 0.002 -24"><span class='ocrx_word' id='word_1_71' title='bbox 74 1214 181 1271; x_wconf 85' lang='lat' dir='ltr'><strong>seusus,</strong></span> <span class='ocrx_word' id='word_1_72' title='bbox 197 1199 237 1260; x_wconf 88' lang='lat' dir='ltr'><strong>ad</strong></span> <span class='ocrx_word' id='word_1_73' title='bbox 253 1217 402 1262; x_wconf 87' lang='lat' dir='ltr'><strong>errorem</strong></span> <span class='ocrx_word' id='word_1_74' title='bbox 424 1199 683 1280; x_wconf 89' lang='lat' dir='ltr'><strong>persuadendum</strong></span> <span class='ocrx_word' id='word_1_75' title='bbox 697 1199 845 1279; x_wconf 80' lang='lat' dir='ltr'><strong>Origcuis</strong></span> <span class='ocrx_word' id='word_1_76' title='bbox 865 1199 1041 1260; x_wconf 88' lang='lat' dir='ltr'><strong>auctoritas</strong></span> <span class='ocrx_word' id='word_1_77' title='bbox 1065 1197 1173 1260; x_wconf 85' lang='lat' dir='ltr'><strong>valere</strong></span> 
     </span>
     <span class='ocr_line' id='line_1_10' title="bbox 77 1297 257 1364; baseline 0.017 -9"><span class='ocrx_word' id='word_1_78' title='bbox 77 1297 257 1364; x_wconf 73' lang='lat' dir='ltr'><strong>rideatur.»</strong></span> 
     </span>
    </p>

    <p class='ocr_par' dir='ltr' id='par_1_3' title="bbox 73 1399 1248 3202">
     <span class='ocr_line' id='line_1_11' title="bbox 146 1399 1173 1482; baseline -0.002 -18"><span class='ocrx_word' id='word_1_79' title='bbox 146 1399 186 1464; x_wconf 82' lang='lat' dir='ltr'><strong>Et</strong></span> <span class='ocrx_word' id='word_1_80' title='bbox 206 1403 341 1482; x_wconf 87' lang='lat' dir='ltr'><strong>quidem</strong></span> <span class='ocrx_word' id='word_1_81' title='bbox 356 1421 432 1466; x_wconf 84' lang='lat' dir='ltr'><strong>saus</strong></span> <span class='ocrx_word' id='word_1_82' title='bbox 445 1402 559 1476; x_wconf 88' lang='lat' dir='ltr'><strong>libros,</strong></span> <span class='ocrx_word' id='word_1_83' title='bbox 575 1419 657 1482; x_wconf 81' lang='lat' dir='ltr'><strong>quoa</strong></span> <span class='ocrx_word' id='word_1_84' title='bbox 674 1401 750 1466; x_wconf 89' lang='lat' dir='ltr'><strong>dicit</strong></span> <span class='ocrx_word' id='word_1_85' title='bbox 764 1400 936 1464; x_wconf 85' lang='lat' dir='ltr'><strong>Lirinensis</strong></span> <span class='ocrx_word' id='word_1_86' title='bbox 950 1403 1011 1466; x_wconf 92' lang='lat' dir='ltr'><strong>suh</strong></span> <span class='ocrx_word' id='word_1_87' title='bbox 1025 1399 1173 1480; x_wconf 78' lang='lat' dir='ltr'><strong>Origenis</strong></span> 
     </span>
     <span class='ocr_line' id='line_1_12' title="bbox 77 1502 1173 1584; baseline -0.001 -21"><span class='ocrx_word' id='word_1_88' title='bbox 77 1503 186 1566; x_wconf 87' lang='lat' dir='ltr'><strong>contine</strong></span> <span class='ocrx_word' id='word_1_89' title='bbox 208 1504 328 1580; x_wconf 88' lang='lat' dir='ltr'><strong>editos,</strong></span> <span class='ocrx_word' id='word_1_90' title='bbox 352 1502 547 1566; x_wconf 84' lang='lat' dir='ltr'><strong>Periarchnn</strong></span> <span class='ocrx_word' id='word_1_91' title='bbox 569 1506 759 1584; x_wconf 90' lang='lat' dir='ltr'><strong>praesertim</strong></span> <span class='ocrx_word' id='word_1_92' title='bbox 780 1515 953 1584; x_wconf 89' lang='lat' dir='ltr'><strong>corruptos</strong></span> <span class='ocrx_word' id='word_1_93' title='bbox 978 1503 1119 1584; x_wconf 75' lang='lat' dir='ltr'><strong>respicit,</strong></span> <span class='ocrx_word' id='word_1_94' title='bbox 1141 1510 1173 1564; x_wconf 89' lang='lat' dir='ltr'><strong>et</strong></span> 
     </span>
     <span class='ocr_line' id='line_1_13' title="bbox 80 1603 1172 1688; baseline 0.001 -24"><span class='ocrx_word' id='word_1_95' title='bbox 80 1621 145 1680; x_wconf 83' lang='lat' dir='ltr'><strong>quos</strong></span> <span class='ocrx_word' id='word_1_96' title='bbox 162 1623 187 1668; x_wconf 86' lang='lat' dir='ltr'><strong>s.</strong></span> <span class='ocrx_word' id='word_1_97' title='bbox 211 1603 435 1688; x_wconf 77' lang='lat' dir='ltr'><strong>Hieronymus</strong></span> <span class='ocrx_word' id='word_1_98' title='bbox 456 1605 633 1684; x_wconf 79' lang='lat' dir='ltr'><strong>designarit</strong></span> <span class='ocrx_word' id='word_1_99' title='bbox 657 1608 687 1666; x_wconf 93' lang='lat' dir='ltr'><strong>in</strong></span> <span class='ocrx_word' id='word_1_100' title='bbox 720 1603 862 1684; x_wconf 84' lang='lat' dir='ltr'><strong>Epistula</strong></span> <span class='ocrx_word' id='word_1_101' title='bbox 894 1605 933 1666; x_wconf 90' lang='lat' dir='ltr'><strong>ad</strong></span> <span class='ocrx_word' id='word_1_102' title='bbox 957 1603 1112 1678; x_wconf 75' lang='lat' dir='ltr'><strong>Avitum,</strong></span> <span class='ocrx_word' id='word_1_103' title='bbox 1134 1621 1172 1666; x_wconf 90' lang='lat' dir='ltr'><strong>ac</strong></span> 
     </span>
     <span class='ocr_line' id='line_1_14' title="bbox 83 1700 1173 1786; baseline 0.007 -23"><span class='ocrx_word' id='word_1_104' title='bbox 83 1700 262 1786; x_wconf 79' lang='lat' dir='ltr'><strong>Theophilus</strong></span> <span class='ocrx_word' id='word_1_105' title='bbox 293 1716 386 1770; x_wconf 84' lang='lat' dir='ltr'><strong>autea</strong></span> <span class='ocrx_word' id='word_1_106' title='bbox 418 1716 588 1770; x_wconf 84' lang='lat' dir='ltr'><strong>notaverat</strong></span> <span class='ocrx_word' id='word_1_107' title='bbox 608 1709 638 1768; x_wconf 93' lang='lat' dir='ltr'><strong>iu</strong></span> <span class='ocrx_word' id='word_1_108' title='bbox 669 1703 798 1770; x_wconf 86' lang='lat' dir='ltr'><strong>Litteris</strong></span> <span class='ocrx_word' id='word_1_109' title='bbox 821 1705 1048 1784; x_wconf 81' lang='lat' dir='ltr'><strong>Paschalihus3</strong></span> <span class='ocrx_word' id='word_1_110' title='bbox 1072 1706 1173 1784; x_wconf 84' lang='lat' dir='ltr'><strong>iisque</strong></span> 
     </span>
     <span class='ocr_line' id='line_1_15' title="bbox 78 1803 1175 1893; baseline 0.004 -31"><span class='ocrx_word' id='word_1_111' title='bbox 78 1803 255 1871; x_wconf 88' lang='lat' dir='ltr'><strong>damnandus</strong></span> <span class='ocrx_word' id='word_1_112' title='bbox 273 1810 483 1890; x_wconf 88' lang='lat' dir='ltr'><strong>praebuerat,</strong></span> <span class='ocrx_word' id='word_1_113' title='bbox 499 1827 581 1889; x_wconf 88' lang='lat' dir='ltr'><strong>quus</strong></span> <span class='ocrx_word' id='word_1_114' title='bbox 596 1810 627 1870; x_wconf 91' lang='lat' dir='ltr'><strong>in</strong></span> <span class='ocrx_word' id='word_1_115' title='bbox 641 1807 806 1893; x_wconf 90' lang='lat' dir='ltr'><strong>Synodum</strong></span> <span class='ocrx_word' id='word_1_116' title='bbox 821 1815 1068 1870; x_wconf 81' lang='lat' dir='ltr'><strong>convocaverat.</strong></span> <span class='ocrx_word' id='word_1_117' title='bbox 1085 1803 1175 1870; x_wconf 84' lang='lat' dir='ltr'><strong>Unde</strong></span> 
     </span>
     <span class='ocr_line' id='line_1_16' title="bbox 77 1905 1171 1991; baseline 0.002 -25"><span class='ocrx_word' id='word_1_118' title='bbox 77 1905 179 1971; x_wconf 87' lang='lat' dir='ltr'><strong>iactum</strong></span> <span class='ocrx_word' id='word_1_119' title='bbox 201 1918 264 1984; x_wconf 86' lang='lat' dir='ltr'><strong>est,</strong></span> <span class='ocrx_word' id='word_1_120' title='bbox 288 1919 326 1974; x_wconf 85' lang='lat' dir='ltr'><strong>ni</strong></span> <span class='ocrx_word' id='word_1_121' title='bbox 346 1910 432 1991; x_wconf 87' lang='lat' dir='ltr'><strong>quod</strong></span> <span class='ocrx_word' id='word_1_122' title='bbox 455 1928 513 1972; x_wconf 88' lang='lat' dir='ltr'><strong>as.</strong></span> <span class='ocrx_word' id='word_1_123' title='bbox 537 1911 696 1990; x_wconf 79' lang='lat' dir='ltr'><strong>Pamphili</strong></span> <span class='ocrx_word' id='word_1_124' title='bbox 718 1928 799 1971; x_wconf 86' lang='lat' dir='ltr'><strong>seso</strong></span> <span class='ocrx_word' id='word_1_125' title='bbox 820 1929 924 1988; x_wconf 89' lang='lat' dir='ltr'><strong>usquc</strong></span> <span class='ocrx_word' id='word_1_126' title='bbox 945 1909 984 1970; x_wconf 88' lang='lat' dir='ltr'><strong>ad</strong></span> <span class='ocrx_word' id='word_1_127' title='bbox 1007 1910 1171 1988; x_wconf 88' lang='lat' dir='ltr'><strong>episcopa·</strong></span> 
     </span>
     <span class='ocr_line' id='line_1_17' title="bbox 77 2007 1172 2092; baseline 0.005 -26"><span class='ocrx_word' id='word_1_128' title='bbox 77 2013 132 2068; x_wconf 87' lang='lat' dir='ltr'><strong>tum</strong></span> <span class='ocrx_word' id='word_1_129' title='bbox 151 2007 323 2092; x_wconf 78' lang='lat' dir='ltr'><strong>Theophili</strong></span> <span class='ocrx_word' id='word_1_130' title='bbox 345 2011 547 2074; x_wconf 82' lang='lat' dir='ltr'><strong>alexandrini</strong></span> <span class='ocrx_word' id='word_1_131' title='bbox 563 2029 679 2092; x_wconf 88' lang='lat' dir='ltr'><strong>parum</strong></span> <span class='ocrx_word' id='word_1_132' title='bbox 700 2011 924 2074; x_wconf 70' lang='lat' dir='ltr'><strong>sollicitudinis</strong></span> <span class='ocrx_word' id='word_1_133' title='bbox 948 2017 1011 2072; x_wconf 89' lang='lat' dir='ltr'><strong>tam</strong></span> <span class='ocrx_word' id='word_1_134' title='bbox 1034 2011 1172 2072; x_wconf 84' lang='lat' dir='ltr'><strong>hacreti-</strong></span> 
     </span>
     <span class='ocr_line' id='line_1_18' title="bbox 77 2111 1169 2192; baseline 0.005 -26"><span class='ocrx_word' id='word_1_135' title='bbox 77 2125 174 2172; x_wconf 91' lang='lat' dir='ltr'><strong>corum</strong></span> <span class='ocrx_word' id='word_1_136' title='bbox 195 2130 298 2192; x_wconf 86' lang='lat' dir='ltr'><strong>quam</strong></span> <span class='ocrx_word' id='word_1_137' title='bbox 314 2114 550 2177; x_wconf 86' lang='lat' dir='ltr'><strong>catholicorum</strong></span> <span class='ocrx_word' id='word_1_138' title='bbox 573 2114 699 2192; x_wconf 79' lang='lat' dir='ltr'><strong>ingessit</strong></span> <span class='ocrx_word' id='word_1_139' title='bbox 715 2113 827 2174; x_wconf 87' lang='lat' dir='ltr'><strong>animis</strong></span> <span class='ocrx_word' id='word_1_140' title='bbox 838 2131 849 2191; x_wconf 82' lang='lat'>3</span> <span class='ocrx_word' id='word_1_141' title='bbox 865 2112 906 2173; x_wconf 92' lang='lat' dir='ltr'><strong>ah</strong></span> <span class='ocrx_word' id='word_1_142' title='bbox 930 2111 991 2174; x_wconf 92' lang='lat' dir='ltr'><strong>hoc</strong></span> <span class='ocrx_word' id='word_1_143' title='bbox 1014 2121 1169 2191; x_wconf 89' lang='lat' dir='ltr'><strong>tempore,</strong></span> 
     </span>
     <span class='ocr_line' id='line_1_19' title="bbox 76 2208 1169 2292; baseline 0.007 -24"><span class='ocrx_word' id='word_1_144' title='bbox 76 2208 252 2278; x_wconf 84' lang='lat' dir='ltr'><strong>instantibus</strong></span> <span class='ocrx_word' id='word_1_145' title='bbox 269 2215 343 2276; x_wconf 88' lang='lat' dir='ltr'><strong>hinc</strong></span> <span class='ocrx_word' id='word_1_146' title='bbox 357 2216 539 2287; x_wconf 86' lang='lat' dir='ltr'><strong>haereticis,</strong></span> <span class='ocrx_word' id='word_1_147' title='bbox 550 2226 736 2276; x_wconf 88' lang='lat' dir='ltr'><strong>sauctorum</strong></span> <span class='ocrx_word' id='word_1_148' title='bbox 749 2213 934 2292; x_wconf 78' lang='lat' dir='ltr'><strong>dogmatum</strong></span> <span class='ocrx_word' id='word_1_149' title='bbox 950 2213 1169 2286; x_wconf 71' lang='lat' dir='ltr'><strong>falsatoribus,</strong></span> 
     </span>
     <span class='ocr_line' id='line_1_20' title="bbox 74 2310 1173 2396; baseline 0.005 -28"><span class='ocrx_word' id='word_1_150' title='bbox 74 2310 156 2374; x_wconf 86' lang='lat' dir='ltr'><strong>sicuti</strong></span> <span class='ocrx_word' id='word_1_151' title='bbox 176 2323 209 2376; x_wconf 84' lang='lat' dir='ltr'><strong>et</strong></span> <span class='ocrx_word' id='word_1_152' title='bbox 230 2315 350 2377; x_wconf 88' lang='lat' dir='ltr'><strong>herum</strong></span> <span class='ocrx_word' id='word_1_153' title='bbox 371 2316 548 2378; x_wconf 75' lang='lat' dir='ltr'><strong>falsitatum</strong></span> <span class='ocrx_word' id='word_1_154' title='bbox 571 2316 735 2395; x_wconf 80' lang='lat' dir='ltr'><strong>patronis3</strong></span> <span class='ocrx_word' id='word_1_155' title='bbox 757 2316 828 2376; x_wconf 89' lang='lat' dir='ltr'><strong>inde</strong></span> <span class='ocrx_word' id='word_1_156' title='bbox 850 2315 1110 2396; x_wconf 85' lang='lat' dir='ltr'><strong>praevalentibus</strong></span> <span class='ocrx_word' id='word_1_157' title='bbox 1129 2315 1173 2376; x_wconf 93' lang='lat' dir='ltr'><strong>ci-</strong></span> 
     </span>
     <span class='ocr_line' id='line_1_21' title="bbox 77 2409 1171 2500; baseline 0.007 -34"><span class='ocrx_word' id='word_1_158' title='bbox 77 2412 139 2472; x_wconf 86' lang='lat' dir='ltr'><strong>tatis</strong></span> <span class='ocrx_word' id='word_1_159' title='bbox 159 2409 355 2495; x_wconf 85' lang='lat' dir='ltr'><strong>Theophilo‚</strong></span> <span class='ocrx_word' id='word_1_160' title='bbox 378 2413 590 2500; x_wconf 74' lang='lat' dir='ltr'><strong>Hieronymo,</strong></span> <span class='ocrx_word' id='word_1_161' title='bbox 613 2426 646 2476; x_wconf 91' lang='lat' dir='ltr'><strong>et</strong></span> <span class='ocrx_word' id='word_1_162' title='bbox 667 2414 872 2494; x_wconf 86' lang='lat' dir='ltr'><strong>Epiphanio,</strong></span> <span class='ocrx_word' id='word_1_163' title='bbox 897 2415 952 2494; x_wconf 87' lang='lat' dir='ltr'><strong>qui</strong></span> <span class='ocrx_word' id='word_1_164' title='bbox 974 2417 1033 2478; x_wconf 86' lang='lat' dir='ltr'><strong>etsi</strong></span> <span class='ocrx_word' id='word_1_165' title='bbox 1055 2415 1171 2476; x_wconf 88' lang='lat' dir='ltr'><strong>merito</strong></span> 
     </span>
     <span class='ocr_line' id='line_1_22' title="bbox 76 2510 1171 2596; baseline 0.004 -23"><span class='ocrx_word' id='word_1_166' title='bbox 76 2510 122 2576; x_wconf 91' lang='lat' dir='ltr'><strong>has</strong></span> <span class='ocrx_word' id='word_1_167' title='bbox 141 2515 381 2580; x_wconf 87' lang='lat' dir='ltr'><strong>haereticorum</strong></span> <span class='ocrx_word' id='word_1_168' title='bbox 410 2519 622 2596; x_wconf 87' lang='lat' dir='ltr'><strong>blasphemias</strong></span> <span class='ocrx_word' id='word_1_169' title='bbox 644 2519 825 2596; x_wconf 76' lang='lat' dir='ltr'><strong>detegentes</strong></span> <span class='ocrx_word' id='word_1_170' title='bbox 855 2517 1066 2590; x_wconf 80' lang='lat' dir='ltr'><strong>confutarim,</strong></span> <span class='ocrx_word' id='word_1_171' title='bbox 1089 2517 1171 2595; x_wconf 86' lang='lat' dir='ltr'><strong>ipsas</strong></span> 
     </span>
     <span class='ocr_line' id='line_1_23' title="bbox 76 2617 1170 2698; baseline 0.007 -26"><span class='ocrx_word' id='word_1_172' title='bbox 76 2619 167 2678; x_wconf 90' lang='lat' dir='ltr'><strong>tamen</strong></span> <span class='ocrx_word' id='word_1_173' title='bbox 191 2619 282 2682; x_wconf 83' lang='lat' dir='ltr'><strong>fideli</strong></span> <span class='ocrx_word' id='word_1_174' title='bbox 302 2627 335 2680; x_wconf 89' lang='lat' dir='ltr'><strong>et</strong></span> <span class='ocrx_word' id='word_1_175' title='bbox 354 2619 516 2680; x_wconf 89' lang='lat' dir='ltr'><strong>catholico</strong></span> <span class='ocrx_word' id='word_1_176' title='bbox 537 2620 711 2682; x_wconf 90' lang='lat' dir='ltr'><strong>nescientes</strong></span> <span class='ocrx_word' id='word_1_177' title='bbox 729 2619 967 2698; x_wconf 88' lang='lat' dir='ltr'><strong>adscripserunt</strong></span> <span class='ocrx_word' id='word_1_178' title='bbox 982 2617 1114 2698; x_wconf 78' lang='lat' dir='ltr'><strong>Origeni</strong></span> <span class='ocrx_word' id='word_1_179' title='bbox 1133 2618 1170 2692; x_wconf 85' lang='lat' dir='ltr'><strong>(a</strong></span> 
     </span>
     <span class='ocr_line' id='line_1_24' title="bbox 74 2714 1172 2799; baseline 0.006 -26"><span class='ocrx_word' id='word_1_180' title='bbox 74 2714 177 2790; x_wconf 85' lang='lat' dir='ltr'><strong>quihus</strong></span> <span class='ocrx_word' id='word_1_181' title='bbox 193 2719 290 2798; x_wconf 88' lang='lat' dir='ltr'><strong>plane</strong></span> <span class='ocrx_word' id='word_1_182' title='bbox 311 2737 349 2780; x_wconf 90' lang='lat' dir='ltr'><strong>ac</strong></span> <span class='ocrx_word' id='word_1_183' title='bbox 366 2721 523 2799; x_wconf 88' lang='lat' dir='ltr'><strong>perpetim</strong></span> <span class='ocrx_word' id='word_1_184' title='bbox 544 2720 716 2781; x_wconf 86' lang='lat' dir='ltr'><strong>abhorruit</strong></span> <span class='ocrx_word' id='word_1_185' title='bbox 732 2720 800 2795; x_wconf 84' lang='lat' dir='ltr'><strong>sir)</strong></span> <span class='ocrx_word' id='word_1_186' title='bbox 815 2720 855 2779; x_wconf 89' lang='lat' dir='ltr'><strong>ab</strong></span> <span class='ocrx_word' id='word_1_187' title='bbox 870 2719 931 2780; x_wconf 89' lang='lat' dir='ltr'><strong>hoc</strong></span> <span class='ocrx_word' id='word_1_188' title='bbox 954 2727 1110 2798; x_wconf 87' lang='lat' dir='ltr'><strong>tempure,</strong></span> <span class='ocrx_word' id='word_1_189' title='bbox 1126 2718 1172 2780; x_wconf 93' lang='lat' dir='ltr'><strong>in·</strong></span> 
     </span>
     <span class='ocr_line' id='line_1_25' title="bbox 74 2818 1173 2899; baseline 0.004 -23"><span class='ocrx_word' id='word_1_190' title='bbox 74 2829 170 2896; x_wconf 86' lang='lat' dir='ltr'><strong>quam,</strong></span> <span class='ocrx_word' id='word_1_191' title='bbox 187 2828 223 2882; x_wconf 89' lang='lat' dir='ltr'><strong>ut</strong></span> <span class='ocrx_word' id='word_1_192' title='bbox 245 2820 413 2882; x_wconf 86' lang='lat' dir='ltr'><strong>anathema</strong></span> <span class='ocrx_word' id='word_1_193' title='bbox 433 2819 564 2898; x_wconf 74' lang='lat' dir='ltr'><strong>Oripeui</strong></span> <span class='ocrx_word' id='word_1_194' title='bbox 585 2821 718 2899; x_wconf 86' lang='lat' dir='ltr'><strong>suisque</strong></span> <span class='ocrx_word' id='word_1_195' title='bbox 739 2819 830 2882; x_wconf 86' lang='lat' dir='ltr'><strong>libris</strong></span> <span class='ocrx_word' id='word_1_196' title='bbox 844 2820 1107 2883; x_wconf 78' lang='lat' dir='ltr'><strong>conclamaretur</strong></span> <span class='ocrx_word' id='word_1_197' title='bbox 1127 2818 1173 2880; x_wconf 87' lang='lat' dir='ltr'><strong>la·</strong></span> 
     </span>
     <span class='ocr_line' id='line_1_26' title="bbox 73 2919 1172 3001; baseline 0.006 -27"><span class='ocrx_word' id='word_1_198' title='bbox 73 2923 149 2978; x_wconf 89' lang='lat' dir='ltr'><strong>ctum</strong></span> <span class='ocrx_word' id='word_1_199' title='bbox 162 2927 221 2982; x_wconf 87' lang='lat' dir='ltr'><strong>est.</strong></span> <span class='ocrx_word' id='word_1_200' title='bbox 246 2919 288 2982; x_wconf 87' lang='lat' dir='ltr'><strong>Et</strong></span> <span class='ocrx_word' id='word_1_201' title='bbox 303 2922 450 3000; x_wconf 81' lang='lat' dir='ltr'><strong>quamvis</strong></span> <span class='ocrx_word' id='word_1_202' title='bbox 473 2930 549 2984; x_wconf 90' lang='lat' dir='ltr'><strong>tunc</strong></span> <span class='ocrx_word' id='word_1_203' title='bbox 562 2921 736 3001; x_wconf 84' lang='lat' dir='ltr'><strong>prudentes</strong></span> <span class='ocrx_word' id='word_1_204' title='bbox 753 2921 811 2982; x_wconf 83' lang='lat' dir='ltr'><strong>siri</strong></span> <span class='ocrx_word' id='word_1_205' title='bbox 834 2938 935 2984; x_wconf 91' lang='lat' dir='ltr'><strong>unum</strong></span> <span class='ocrx_word' id='word_1_206' title='bbox 951 2920 991 2980; x_wconf 88' lang='lat' dir='ltr'><strong>ah</strong></span> <span class='ocrx_word' id='word_1_207' title='bbox 1005 2919 1076 2981; x_wconf 90' lang='lat' dir='ltr'><strong>aliis</strong></span> <span class='ocrx_word' id='word_1_208' title='bbox 1096 2937 1172 2999; x_wconf 91' lang='lat' dir='ltr'><strong>pro-</strong></span> 
     </span>
     <span class='ocr_line' id='line_1_27' title="bbox 74 3011 1248 3100; baseline 0.008 -27"><span class='ocrx_word' id='word_1_209' title='bbox 74 3011 105 3076; x_wconf 92' lang='lat' dir='ltr'><strong>he</strong></span> <span class='ocrx_word' id='word_1_210' title='bbox 123 3017 353 3094; x_wconf 85' lang='lat' dir='ltr'><strong>distinxissent,</strong></span> <span class='ocrx_word' id='word_1_211' title='bbox 376 3021 572 3084; x_wconf 89' lang='lat' dir='ltr'><strong>catholicum</strong></span> <span class='ocrx_word' id='word_1_212' title='bbox 605 3039 718 3100; x_wconf 86' lang='lat' dir='ltr'><strong>nempe</strong></span> <span class='ocrx_word' id='word_1_213' title='bbox 740 3021 780 3082; x_wconf 87' lang='lat' dir='ltr'><strong>ah</strong></span> <span class='ocrx_word' id='word_1_214' title='bbox 801 3021 991 3092; x_wconf 86' lang='lat' dir='ltr'><strong>haereticis,</strong></span> <span class='ocrx_word' id='word_1_215' title='bbox 1016 3021 1168 3100; x_wconf 88' lang='lat' dir='ltr'><strong>impiusa</strong></span> <span class='ocrx_word' id='word_1_216' title='bbox 1245 3015 1248 3022; x_wconf 81' lang='lat'>&#39;</span> 
     </span>
     <span class='ocr_line' id='line_1_28' title="bbox 74 3117 1171 3202; baseline 0.005 -24"><span class='ocrx_word' id='word_1_217' title='bbox 74 3117 136 3197; x_wconf 87' lang='lat' dir='ltr'><strong>pio;</strong></span> <span class='ocrx_word' id='word_1_218' title='bbox 150 3123 359 3186; x_wconf 90' lang='lat' dir='ltr'><strong>nihilominus</strong></span> <span class='ocrx_word' id='word_1_219' title='bbox 381 3125 555 3186; x_wconf 84' lang='lat' dir='ltr'><strong>universim</strong></span> <span class='ocrx_word' id='word_1_220' title='bbox 578 3141 641 3185; x_wconf 93' lang='lat' dir='ltr'><strong>uon</strong></span> <span class='ocrx_word' id='word_1_221' title='bbox 665 3123 724 3185; x_wconf 83' lang='lat' dir='ltr'><strong>tuit</strong></span> <span class='ocrx_word' id='word_1_222' title='bbox 746 3131 875 3202; x_wconf 84' lang='lat' dir='ltr'><strong>accepta</strong></span> <span class='ocrx_word' id='word_1_223' title='bbox 891 3123 1061 3186; x_wconf 86' lang='lat' dir='ltr'><strong>distinctio.</strong></span> <span class='ocrx_word' id='word_1_224' title='bbox 1080 3121 1171 3185; x_wconf 90' lang='lat' dir='ltr'><strong>ideo·</strong></span> 
     </span>
    </p>
   </div>
   <div class='ocr_carea' id='block_1_3' title="bbox 72 3221 1305 3307">
    <p class='ocr_par' dir='ltr' id='par_1_4' title="bbox 72 3221 1305 3307">
     <span class='ocr_line' id='line_1_29' title="bbox 72 3221 1305 3307; baseline 0.006 -28"><span class='ocrx_word' id='word_1_225' title='bbox 72 3233 127 3294; x_wconf 87' lang='lat' dir='ltr'><strong>que</strong></span> <span class='ocrx_word' id='word_1_226' title='bbox 143 3223 249 3304; x_wconf 86' lang='lat' dir='ltr'><strong>siquid</strong></span> <span class='ocrx_word' id='word_1_227' title='bbox 271 3225 303 3285; x_wconf 92' lang='lat' dir='ltr'><strong>in</strong></span> <span class='ocrx_word' id='word_1_228' title='bbox 319 3221 512 3304; x_wconf 84' lang='lat' dir='ltr'><strong>Theophila,</strong></span> <span class='ocrx_word' id='word_1_229' title='bbox 536 3223 734 3307; x_wconf 74' lang='lat' dir='ltr'><strong>Hieronymo</strong></span> <span class='ocrx_word' id='word_1_230' title='bbox 749 3233 782 3286; x_wconf 86' lang='lat' dir='ltr'><strong>et</strong></span> <span class='ocrx_word' id='word_1_231' title='bbox 804 3223 983 3303; x_wconf 87' lang='lat' dir='ltr'><strong>Epiphanio</strong></span> <span class='ocrx_word' id='word_1_232' title='bbox 999 3225 1171 3304; x_wconf 88' lang='lat' dir='ltr'><strong>reprehen·</strong></span> <span class='ocrx_word' id='word_1_233' title='bbox 1301 3233 1305 3239; x_wconf 86' lang='lat'>&#39;</span> 
     </span>
    </p>
   </div>
   <div class='ocr_carea' id='block_1_4' title="bbox 72 3315 1172 4320">
    <p class='ocr_par' dir='ltr' id='par_1_5' title="bbox 72 3315 1172 4118">
     <span class='ocr_line' id='line_1_30' title="bbox 74 3315 1170 3405; baseline 0.011 -29"><span class='ocrx_word' id='word_1_234' title='bbox 74 3315 201 3386; x_wconf 89' lang='lat' dir='ltr'><strong>dcudum</strong></span> <span class='ocrx_word' id='word_1_235' title='bbox 223 3327 277 3400; x_wconf 90' lang='lat' dir='ltr'><strong>sit,</strong></span> <span class='ocrx_word' id='word_1_236' title='bbox 291 3325 373 3388; x_wconf 92' lang='lat' dir='ltr'><strong>iilud</strong></span> <span class='ocrx_word' id='word_1_237' title='bbox 395 3343 500 3405; x_wconf 87' lang='lat' dir='ltr'><strong>aeque</strong></span> <span class='ocrx_word' id='word_1_238' title='bbox 521 3325 608 3388; x_wconf 89' lang='lat' dir='ltr'><strong>cadit</strong></span> <span class='ocrx_word' id='word_1_239' title='bbox 628 3328 659 3386; x_wconf 90' lang='lat' dir='ltr'><strong>iu</strong></span> <span class='ocrx_word' id='word_1_240' title='bbox 675 3326 809 3388; x_wconf 90' lang='lat' dir='ltr'><strong>illorum</strong></span> <span class='ocrx_word' id='word_1_241' title='bbox 825 3325 1020 3399; x_wconf 89' lang='lat' dir='ltr'><strong>illusionem,</strong></span> <span class='ocrx_word' id='word_1_242' title='bbox 1044 3327 1170 3405; x_wconf 84' lang='lat' dir='ltr'><strong>zelique</strong></span> 
     </span>
     <span class='ocr_line' id='line_1_31' title="bbox 73 3415 1168 3506; baseline 0.011 -28"><span class='ocrx_word' id='word_1_243' title='bbox 73 3415 338 3502; x_wconf 87' lang='lat' dir='ltr'><strong>intemperantiam</strong></span> <span class='ocrx_word' id='word_1_244' title='bbox 350 3445 362 3504; x_wconf 82' lang='lat'>3</span> <span class='ocrx_word' id='word_1_245' title='bbox 378 3445 453 3490; x_wconf 91' lang='lat' dir='ltr'><strong>cum</strong></span> <span class='ocrx_word' id='word_1_246' title='bbox 475 3427 675 3488; x_wconf 81' lang='lat' dir='ltr'><strong>orthodoxos</strong></span> <span class='ocrx_word' id='word_1_247' title='bbox 690 3426 878 3506; x_wconf 77' lang='lat' dir='ltr'><strong>origenistas</strong></span> <span class='ocrx_word' id='word_1_248' title='bbox 892 3427 933 3488; x_wconf 90' lang='lat' dir='ltr'><strong>ah</strong></span> <span class='ocrx_word' id='word_1_249' title='bbox 948 3427 1168 3500; x_wconf 79' lang='lat' dir='ltr'><strong>heterodoxis,</strong></span> 
     </span>
     <span class='ocr_line' id='line_1_32' title="bbox 72 3517 1168 3606; baseline 0.01 -29"><span class='ocrx_word' id='word_1_250' title='bbox 72 3517 218 3588; x_wconf 88' lang='lat' dir='ltr'><strong>sincerum</strong></span> <span class='ocrx_word' id='word_1_251' title='bbox 241 3527 434 3588; x_wconf 91' lang='lat' dir='ltr'><strong>homiuema</strong></span> <span class='ocrx_word' id='word_1_252' title='bbox 456 3527 598 3606; x_wconf 83' lang='lat' dir='ltr'><strong>perfidis,</strong></span> <span class='ocrx_word' id='word_1_253' title='bbox 616 3525 741 3589; x_wconf 85' lang='lat' dir='ltr'><strong>fidelem</strong></span> <span class='ocrx_word' id='word_1_254' title='bbox 762 3520 985 3604; x_wconf 87' lang='lat' dir='ltr'><strong>seripiurema</strong></span> <span class='ocrx_word' id='word_1_255' title='bbox 1004 3526 1168 3600; x_wconf 76' lang='lat' dir='ltr'><strong>falsatore,</strong></span> 
     </span>
     <span class='ocr_line' id='line_1_33' title="bbox 75 3627 1168 3708; baseline 0.005 -26"><span class='ocrx_word' id='word_1_256' title='bbox 75 3635 105 3682; x_wconf 89' lang='lat' dir='ltr'><strong>tc</strong></span> <span class='ocrx_word' id='word_1_257' title='bbox 123 3627 245 3691; x_wconf 89' lang='lat' dir='ltr'><strong>taudem</strong></span> <span class='ocrx_word' id='word_1_258' title='bbox 277 3628 380 3690; x_wconf 89' lang='lat' dir='ltr'><strong>lihros</strong></span> <span class='ocrx_word' id='word_1_259' title='bbox 401 3629 556 3708; x_wconf 78' lang='lat' dir='ltr'><strong>genuinos</strong></span> <span class='ocrx_word' id='word_1_260' title='bbox 577 3647 595 3690; x_wconf 92' lang='lat' dir='ltr'><strong>a</strong></span> <span class='ocrx_word' id='word_1_261' title='bbox 616 3629 735 3708; x_wconf 89' lang='lat' dir='ltr'><strong>spuriis</strong></span> <span class='ocrx_word' id='word_1_262' title='bbox 765 3645 935 3692; x_wconf 87' lang='lat' dir='ltr'><strong>secernere</strong></span> <span class='ocrx_word' id='word_1_263' title='bbox 957 3628 1168 3707; x_wconf 78' lang='lat' dir='ltr'><strong>neglexerint.</strong></span> 
     </span>
     <span class='ocr_line' id='line_1_34' title="bbox 74 3717 1172 3814; baseline -0.004 -18"><span class='ocrx_word' id='word_1_264' title='bbox 74 3717 127 3796; x_wconf 78' lang='lat' dir='ltr'><strong>Qui</strong></span> <span class='ocrx_word' id='word_1_265' title='bbox 142 3731 267 3809; x_wconf 88' lang='lat' dir='ltr'><strong>utique,</strong></span> <span class='ocrx_word' id='word_1_266' title='bbox 283 3739 319 3793; x_wconf 95' lang='lat' dir='ltr'><strong>ut</strong></span> <span class='ocrx_word' id='word_1_267' title='bbox 333 3733 378 3794; x_wconf 88' lang='lat' dir='ltr'><strong>ait</strong></span> <span class='ocrx_word' id='word_1_268' title='bbox 399 3731 582 3794; x_wconf 86' lang='lat' dir='ltr'><strong>celebratus</strong></span> <span class='ocrx_word' id='word_1_269' title='bbox 601 3731 803 3814; x_wconf 73' lang='lat' dir='ltr'><strong>Anonymus,</strong></span> <span class='ocrx_word' id='word_1_270' title='bbox 819 3748 1013 3792; x_wconf 76' lang='lat' dir='ltr'><strong>censensus</strong></span> <span class='ocrx_word' id='word_1_271' title='bbox 1027 3729 1172 3792; x_wconf 77' lang='lat' dir='ltr'><strong>inderem</strong></span> 
     </span>
     <span class='ocr_line' id='line_1_35' title="bbox 73 3829 1170 3916; baseline 0.005 -28"><span class='ocrx_word' id='word_1_272' title='bbox 73 3837 159 3904; x_wconf 79' lang='lat' dir='ltr'><strong>tenos,</strong></span> <span class='ocrx_word' id='word_1_273' title='bbox 180 3829 420 3913; x_wconf 80' lang='lat' dir='ltr'><strong>splendidasque</strong></span> <span class='ocrx_word' id='word_1_274' title='bbox 439 3833 561 3908; x_wconf 84' lang='lat' dir='ltr'><strong>oculos,</strong></span> <span class='ocrx_word' id='word_1_275' title='bbox 581 3833 668 3916; x_wconf 75' lang='lat' dir='ltr'><strong>main</strong></span> <span class='ocrx_word' id='word_1_276' title='bbox 688 3833 752 3894; x_wconf 83' lang='lat' dir='ltr'><strong>istu</strong></span> <span class='ocrx_word' id='word_1_277' title='bbox 771 3831 807 3894; x_wconf 86' lang='lat' dir='ltr'><strong>s&#39;n</strong></span> <span class='ocrx_word' id='word_1_278' title='bbox 825 3831 972 3912; x_wconf 80' lang='lat' dir='ltr'><strong>Oripenis</strong></span> <span class='ocrx_word' id='word_1_279' title='bbox 991 3832 1110 3895; x_wconf 84' lang='lat' dir='ltr'><strong>inserta</strong></span> <span class='ocrx_word' id='word_1_280' title='bbox 1132 3829 1170 3894; x_wconf 85' lang='lat' dir='ltr'><strong>ii·</strong></span> 
     </span>
     <span class='ocr_line' id='line_1_36' title="bbox 74 3919 1169 4014; baseline 0.005 -24"><span class='ocrx_word' id='word_1_281' title='bbox 74 3919 124 3987; x_wconf 72' lang='lat' dir='ltr'><strong>lria</strong></span> <span class='ocrx_word' id='word_1_282' title='bbox 135 3947 310 4012; x_wconf 79' lang='lat' dir='ltr'><strong>copnoaeere</strong></span> <span class='ocrx_word' id='word_1_283' title='bbox 332 3933 519 4010; x_wconf 79' lang='lat' dir='ltr'><strong>debuissent,</strong></span> <span class='ocrx_word' id='word_1_284' title='bbox 534 3931 629 3996; x_wconf 83' lang='lat' dir='ltr'><strong>sicuti</strong></span> <span class='ocrx_word' id='word_1_285' title='bbox 642 3931 698 4014; x_wconf 81' lang='lat' dir='ltr'><strong>psi</strong></span> <span class='ocrx_word' id='word_1_286' title='bbox 712 3933 749 3997; x_wconf 87' lang='lat' dir='ltr'><strong>in</strong></span> <span class='ocrx_word' id='word_1_287' title='bbox 769 3935 913 4013; x_wconf 76' lang='lat' dir='ltr'><strong>strepeto</strong></span> <span class='ocrx_word' id='word_1_288' title='bbox 936 3933 1080 3996; x_wconf 86' lang='lat' dir='ltr'><strong>coccineo</strong></span> <span class='ocrx_word' id='word_1_289' title='bbox 1088 3951 1169 4013; x_wconf 86' lang='lat' dir='ltr'><strong>pun·</strong></span> 
     </span>
     <span class='ocr_line' id='line_1_37' title="bbox 77 4033 1007 4118; baseline -0.001 -21"><span class='ocrx_word' id='word_1_290' title='bbox 77 4041 121 4088; x_wconf 74' lang='lat'><strong>⁸⁰³</strong></span> <span class='ocrx_word' id='word_1_291' title='bbox 137 4033 230 4113; x_wconf 83' lang='lat' dir='ltr'><strong>nidos,</strong></span> <span class='ocrx_word' id='word_1_292' title='bbox 253 4045 310 4100; x_wconf 78' lang='lat' dir='ltr'><strong>etsi</strong></span> <span class='ocrx_word' id='word_1_293' title='bbox 329 4035 481 4118; x_wconf 79' lang='lat' dir='ltr'><strong>cujusque</strong></span> <span class='ocrx_word' id='word_1_294' title='bbox 500 4034 588 4101; x_wconf 80' lang='lat' dir='ltr'><strong>curii</strong></span> <span class='ocrx_word' id='word_1_295' title='bbox 608 4035 721 4100; x_wconf 71' lang='lat' dir='ltr'><strong>colores</strong></span> <span class='ocrx_word' id='word_1_296' title='bbox 741 4047 849 4098; x_wconf 83' lang='lat' dir='ltr'><strong>cernat</strong></span> <span class='ocrx_word' id='word_1_297' title='bbox 868 4037 1007 4098; x_wconf 80' lang='lat' dir='ltr'><strong>adsutus.</strong></span> 
     </span>
    </p>

    <p class='ocr_par' dir='ltr' id='par_1_6' title="bbox 77 4132 1166 4320">
     <span class='ocr_line' id='line_1_38' title="bbox 142 4132 1166 4218; baseline 0.001 -19"><span class='ocrx_word' id='word_1_298' title='bbox 142 4132 231 4210; x_wconf 85' lang='lat' dir='ltr'><strong>Quae</strong></span> <span class='ocrx_word' id='word_1_299' title='bbox 266 4138 392 4200; x_wconf 91' lang='lat' dir='ltr'><strong>tandem</strong></span> <span class='ocrx_word' id='word_1_300' title='bbox 424 4139 593 4218; x_wconf 84' lang='lat' dir='ltr'><strong>hucusque</strong></span> <span class='ocrx_word' id='word_1_301' title='bbox 625 4139 825 4202; x_wconf 83' lang='lat' dir='ltr'><strong>excussimus</strong></span> <span class='ocrx_word' id='word_1_302' title='bbox 852 4137 892 4199; x_wconf 90' lang='lat' dir='ltr'><strong>de</strong></span> <span class='ocrx_word' id='word_1_303' title='bbox 919 4134 1064 4218; x_wconf 87' lang='lat' dir='ltr'><strong>Operum</strong></span> <span class='ocrx_word' id='word_1_304' title='bbox 1098 4138 1166 4200; x_wconf 84' lang='lat' dir='ltr'><strong>sive</strong></span> 
     </span>
     <span class='ocr_line' id='line_1_39' title="bbox 77 4235 1166 4320; baseline 0.004 -27"><span class='ocrx_word' id='word_1_305' title='bbox 77 4244 208 4300; x_wconf 80' lang='lat' dir='ltr'><strong>sensuum</strong></span> <span class='ocrx_word' id='word_1_306' title='bbox 230 4237 377 4320; x_wconf 76' lang='lat' dir='ltr'><strong>Oripcnis</strong></span> <span class='ocrx_word' id='word_1_307' title='bbox 400 4239 589 4315; x_wconf 77' lang='lat' dir='ltr'><strong>falsatione,</strong></span> <span class='ocrx_word' id='word_1_308' title='bbox 612 4239 698 4304; x_wconf 88' lang='lat' dir='ltr'><strong>aiter</strong></span> <span class='ocrx_word' id='word_1_309' title='bbox 717 4238 868 4318; x_wconf 86' lang='lat' dir='ltr'><strong>antiquus</strong></span> <span class='ocrx_word' id='word_1_310' title='bbox 890 4235 1036 4316; x_wconf 88' lang='lat' dir='ltr'><strong>Scriptur</strong></span> <span class='ocrx_word' id='word_1_311' title='bbox 1057 4235 1166 4301; x_wconf 82' lang='lat' dir='ltr'><strong>cadem</strong></span> 
     </span>
    </p>
   </div>
   <div class='ocr_carea' id='block_1_5' title="bbox 0 0 1518 4942">
    <p class='ocr_par' dir='ltr' id='par_1_7' title="bbox 0 0 1518 4942">
     <span class='ocr_line' id='line_1_40' title="bbox 0 0 1518 4942; baseline 0 1"><span class='ocrx_word' id='word_1_312' title='bbox 0 0 1518 4942; x_wconf 95' lang='lat' dir='ltr'><strong> </strong></span> 
     </span>
    </p>
   </div>
  </div>
 </body>
</html>
