3138 4950
322 359 385 430 m
703 489 708 498 ·
730 459 872 528 caldi
894 460 1031 528 xxvu.

194 715 197 722 ,
320 660 474 745 Procopii
493 637 659 729 dcccdcts
680 659 745 726 sios
765 660 909 730 Historia
937 665 1066 730 Arcano
1087 663 1123 728 ds
1140 660 1320 730 lastiniani
1337 663 1453 748 puris

357 765 398 830 od
409 763 541 848 ipsomet
553 761 710 846 Procopio
721 765 863 847 resoluto
876 764 914 830 a'rs
926 761 1031 832 bitrio
1044 767 1080 832 do
1095 765 1195 832 Bellis
1206 767 1341 849 persico,
1356 787 1456 834 outa·
1563 793 1564 856 ;

357 862 475 943 dolica,
495 863 647 946 poudico,
667 875 696 932 ot
716 867 753 932 do
773 864 952 948 dediticiis,
973 865 1050 932 oliis
1070 869 1316 952 sapropoots'oss
1335 868 1458 936 uncc-
1563 941 1564 950 ἵ

359 985 416 1032 roe
435 966 509 1049 pidoi
528 964 725 1034 tosticsouiio.

320 1205 375 1334 Ῑιι
395 1269 552 1351 praelatis
573 1288 634 1353 pro
654 1269 763 1336 studio
784 1276 896 1336 nostro
910 1269 1097 1338 iustiniano
1118 1273 1284 1356 injuriosis
1304 1273 1454 1342 insimu-

319 1373 497 1438 lationibus
516 1373 753 1455 respondendo,
775 1372 910 1439 dicteria
927 1373 1142 1439 refutavimus
1162 1393 1206 1441 cx
1218 1375 1455 1446 scbismcticu·

319 1491 395 1540 rum
407 1483 439 1540 et
459 1476 600 1540 aliorum
616 1475 750 1557 perfidia
772 1476 955 1552 elaborata,
971 1487 1010 1542 ιιι
1023 1477 1102 1540 ιιιιι
1121 1474 1277 1557 Principis
1293 1493 1452 1557 pessum·

320 1575 458 1640 dantur
471 1577 584 1653 decus,
600 1595 667 1656 quo
681 1578 846 1658 splenduit
866 1579 898 1642 in
912 1577 1060 1643 Ecclesia
1079 1585 1112 1642 ct
1126 1577 1158 1640 iu
1179 1578 1327 1658 imperio,
1343 1575 1453 1644 uto·

320 1678 515 1742 catholicam
537 1678 703 1760 proicssus
725 1687 758 1744 el
781 1681 998 1744 reverentiam
1019 1682 1051 1742 iu
1068 1678 1295 1744 Pontificatum
1318 1677 1451 1742 Homa-

320 1797 410 1844 num.
432 1779 476 1845 Ει
489 1781 532 1844 ob
552 1781 614 1846 boc
627 1781 726 1859 cadit,
748 1781 837 1862 quod
861 1783 962 1863 vulgo
982 1799 1088 1861 usquc
1109 1780 1206 1845 bodie
1225 1782 1265 1844 ds
1284 1779 1453 1846 iustinia-

321 1881 354 1944 ni
375 1881 470 1962 lapsu
491 1883 523 1946 ln'
544 1883 704 1947 baeresim
717 1887 777 1962 adt
796 1884 956 1958 similibus
971 1884 1077 1963 culpis
1092 1884 1313 1964 praesumitur
1327 1899 1346 1944 a
1359 1883 1452 1946 scri-

320 1984 483 2063 ptoribus,
504 1989 537 2047 et
557 1986 788 2065 praesertim-a
810 1982 948 2050 Nicolao
978 1984 1160 2048 Alemanno
1182 1985 1214 2048 in
1235 1982 1452 2047 Praetutium

320 2081 485 2148 Historiae
508 2083 667 2150 Arcanac.
690 2085 796 2164 Quem
817 2087 887 2154 ¹etsi
908 2105 970 2151 nou
992 2086 1166 2167 effugerint
1197 2086 1321 2167 imperii
1352 2085 1451 2148 illins

319 2184 501 2252 latitudinis
522 2188 688 2267 splendor,
702 2196 735 2252 et
756 2187 1034 2252 sanctissimarum
1048 2187 1159 2268 legum
1181 2185 1299 2267 gloria,
1320 2171 1450 2264 quibus
1563 2183 1564 2222 ³

320 2287 354 2350 in
367 2288 446 2352 orbe
462 2288 637 2355 christiano
659 2289 845 2371 praefulsit,
868 2296 1011 2352 attamen
1025 2305 1088 2352 non
1109 2289 1289 2352 occultavit
1309 2287 1447 2367 culpass
1563 2355 1564 2374 ἶ

324 2387 485 2472 «Quippe
511 2391 612 2472 quod,
628 2393 686 2466 eit,
703 2393 734 2456 ln
755 2390 903 2456 confesso
923 2393 987 2454 sint
1006 2390 1091 2469 apud
1111 2406 1233 2464 omncs,
1250 2405 1356 2468 neque
1373 2388 1449 2453 utta

258 2483 270 2504 ⁶
319 2490 448 2556 delendi
470 2495 680 2558 excusatione
704 2494 824 2574 possint
844 2501 913 2556 tuns
935 2492 975 2556 dc
1000 2491 1131 2558 Cbristo
1164 2493 1323 2556 sententia
1347 2491 1447 2570 plane
1477 2496 1482 2506 '

320 2608 493 2671 perversa,
515 2602 582 2656 tum
605 2595 644 2656 ad
668 2591 845 2674 Religionis
867 2593 1017 2673 dogmata
1035 2591 1227 2668 deiicienda,
1246 2589 1450 2656 ctccclcsia·

320 2692 417 2756 eticae
431 2693 617 2757 sanciendas
631 2695 719 2773 logos
733 2694 835 2758 eduen
850 2695 994 2770 licentia,
1011 2699 1080 2755 tum
1095 2699 1127 2756 et
1142 2694 1173 2756 in
1187 2691 1348 2756 Romanos
1364 2691 1447 2756 l'on·

323 2791 425 2857 ttdcos
448 2793 644 2874 dgapetuus,
662 2793 830 2875 vigilium,
854 2796 1001 2874 aliosque
1023 2795 1192 2876 praesules
1211 2795 1392 2857 saevitia.»

404 2893 638 2970 Quamobrem,
655 2912 729 2959 cum
754 2897 786 2958 in
807 2896 974 2975 praelatis,
998 2895 1079 2969 dixi,
1104 2904 1141 2958 ιι
1161 2895 1202 2957 ab
1222 2895 1273 2958 bis
1295 2897 1446 2960 crimina·

322 2997 464 3062 tionibus
486 2997 717 3061 absolveretur
747 2994 950 3060 iustinianns
973 2997 1069 3060 enixe
1090 2996 1357 3072 elaboravimus,
1380 3013 1447 3058 ma·
1563 3045 1564 3050 a

323 3111 400 3164 nent
423 3100 633 3164 nibilominus
654 3099 816 3180 quaedam
849 3098 1001 3162 diluenda
1024 3097 1161 3162 nefande
1189 3100 1339 3173 crimina,
1362 3115 1444 3178 qnae

323 3201 482 3266 adsersus
504 3209 629 3266 tantum
658 3200 840 3282 Principem
863 3199 1009 3279 iaciunt;
1042 3200 1181 3282 ejusque
1200 3219 1318 3264 nomeu
1338 3217 1356 3262 a
1378 3199 1446 3280 glo·

320 3305 391 3368 riae
411 3303 603 3368 celsitudine
625 3303 657 3365 in
672 3303 775 3366 lutum
794 3302 973 3366 detrebnnt
995 3303 1200 3380 ignominiae.
1217 3299 1353 3366 labano
1373 3317 1445 3382 por·
1563 3361 1564 3364 ,

234 3409 239 3420 ”
320 3421 360 3469 ro
380 3403 612 3469 discussionem
633 3422 673 3468 co
693 3403 860 3467 lubentius
883 3401 1090 3482 progrediar,
1114 3421 1181 3483 qno
1205 3405 1305 3482 magis
1328 3421 1379 3467 me
1399 3398 1436 3462 ad
1563 3433 1564 3492 p

321 3505 386 3570 boc
406 3506 545 3584 impellit
564 3523 703 3569 orcoaor
723 3523 853 3579 nomen,
870 3505 970 3585 quod,
996 3505 1144 3584 quisquis
1165 3504 1223 3567 ille
1245 3503 1347 3568 iuerit
1367 3523 1440 3568 con·
1563 3549 1564 3554 ι

321 3609 483 3683 οἰιιιιιιοι,
506 3608 582 3672 boio
604 3605 766 3672 Historiae
786 3607 959 3686 inscripsit,
978 3613 1013 3670 ιιι
1034 3605 1205 3680 indicaret,
1227 3623 1262 3668 se
1283 3607 1317 3668 in
1337 3622 1440 3668 secro-

324 3709 447 3774 totalie
470 3725 622 3774 exarasse
643 3709 815 3785 Aoocdotu,
837 3715 876 3772 nt
896 3707 1015 3770 nomini
1042 3705 1101 3770 nisi
1122 3706 1227 3770 scrius
1243 3705 1441 3786 patelierent,

324 3819 440 3892 utpote
455 3811 550 3887 laisa,
572 3810 644 3875 dico
659 3829 732 3890 ego,
745 3809 882 3886 incerta,
899 3815 932 3872 ot
947 3814 1050 3872 extra
1065 3823 1273 3870 communem
1295 3813 1443 3886 expecta·

322 3912 445 3979 tionem
466 3924 668 3993 comparata.
699 3912 775 3978 Sive
797 3919 846 3986 ut,
870 3909 928 3991 qni
949 3908 1065 3972 deinde
1087 3908 1170 3972 banc
1190 3908 1321 3988 legisset
1342 3906 1442 3970 llisto·
1563 3899 1564 3964 l

321 4015 418 4090 riam,
440 4012 733 4093 comprobenderet
753 4010 932 4093 quidquam
948 4025 1106 4074 arcanum
1129 4008 1161 4070 in
1181 4007 1250 4088 ipsa
1274 4007 1437 4079 contineri,

323 4115 407 4178 ldcst
427 4114 656 4194 inexplicabile
675 4124 707 4178 ct
728 4113 931 4188 incredibile,
956 4113 1128 4178 humanum
1151 4127 1309 4190 superans
1329 4108 1438 4174 intelli·
1563 4161 1564 4194 ,

324 4215 473 4295 pontiam.
493 4214 535 4283 Et
556 4217 600 4283 ite
623 4216 772 4297 proiecto
787 4211 1048 4282 concludendum
1067 4211 1198 4279 videtur
1217 4213 1261 4290 ei,
1276 4212 1344 4292 qni,
1360 4217 1438 4295 post·
