3028 4942
267 363 328 434 llll

266 470 317 533 rio
339 467 522 550 hujusmodi
544 469 662 546 luisse,
683 475 720 534 ut
740 487 798 534 nec
818 465 988 550 Theophili
1011 469 1178 547 malitiam,
1199 487 1257 534 uec
1271 470 1376 534 disce·

267 572 416 651 ptationis
431 571 551 634 iontem
566 573 711 651 apprime
725 571 870 646 calleret,
883 589 942 635 nec
956 587 1184 652 perversorum
1199 572 1374 652 ambitum,

265 671 322 751 qni
343 671 375 734 in
395 680 517 736 tantum
541 671 703 736 Ecclesiae
723 672 909 736 scandalum
931 673 1133 736 insudarunt.

347 771 398 836 Ex
419 775 467 836 his
489 775 614 836 tandem
644 773 914 847 discussionibus,
936 774 1014 853 quid
1036 771 1274 854 consequitur?
1295 771 1373 849 Quo

197 909 199 914 ·
265 890 336 938 mea
357 875 389 936 in
404 875 451 936 bis
472 875 657 938 sollicitudo
669 875 782 938 intuita
804 873 877 938 est?
898 871 982 939 lllnd
1001 877 1173 956 praecipue
1193 875 1372 938 contunde·

265 993 302 1038 re
324 976 412 1039 volni
434 973 603 1057 Theophili
627 979 864 1052 testimoninm,
887 977 1005 1057 quippe
1025 995 1044 1039 a
1065 976 1182 1039 libellis
1203 993 1373 1055 compara·

263 1085 332 1141 tum
353 1078 500 1154 illorum,
517 1098 598 1159 quos
613 1089 705 1142 antea
728 1078 928 1143 refutaverat
941 1097 965 1142 s.
983 1079 1191 1160 Pamphilus:
1208 1077 1373 1159 Theophi-

261 1180 299 1254 li,
321 1181 464 1260 inquam,
488 1191 564 1244 tunc
584 1182 859 1244 insimulationum
876 1189 909 1246 et
929 1183 1188 1246 insimulatorum
1204 1182 1369 1262 principis,

262 1280 517 1362 insidiarumque
530 1285 700 1346 structoris
715 1283 869 1346 adsersus
891 1282 1050 1346 excelsam
1066 1282 1213 1363 Origenis
1235 1282 1369 1358 lamam,

263 1391 296 1448 et
316 1383 548 1448 monachorum
578 1385 675 1464 ipsius
696 1383 842 1464 Origenis
874 1384 1038 1448 lentorum
1060 1391 1093 1446 et
1120 1384 1312 1463 probitatem
1333 1393 1371 1448 ct

262 1486 424 1566 pietatem.
438 1484 501 1562 Qui
516 1487 601 1560 ideo,
617 1488 720 1567 inquit
735 1485 918 1550 Gennadius
931 1486 967 1548 dc
987 1483 1067 1548 Viris
1081 1483 1259 1578 illustribus
1274 1504 1303 1548 u.
1317 1483 1369 1552 33.

261 1588 388 1668 scripsit
410 1589 528 1667 grande
544 1589 704 1652 volumen.
719 1585 760 1650 ln
774 1607 836 1668 pao
850 1585 957 1650 omnio
975 1605 1051 1667 pene
1065 1587 1197 1668 ejusdem
1221 1584 1370 1666 Oripcm

260 1686 346 1752 dictu
359 1697 389 1751 et
400 1687 504 1768 ipsum
522 1687 644 1769 pariter
660 1690 804 1762 damnat,
817 1687 915 1752 simul
933 1690 1056 1762 doceas,
1072 1691 1170 1752 oudo
1186 1707 1217 1750 sc
1227 1687 1370 1768 primum

260 1789 378 1870 ipsum,
392 1792 445 1854 sed
465 1794 502 1855 ub
515 1791 659 1872 antiquis
676 1790 820 1872 putribus
840 1801 868 1854 st
888 1791 1023 1854 maxims
1036 1789 1175 1854 Heronio
1193 1789 1290 1869 [uisas
1310 1789 1370 1852 do·

259 1902 418 1967 mactum,
431 1903 458 1955 ct
472 1914 493 1956 e
513 1891 702 1972 presbyterio
716 1893 843 1974 ejectum
862 1901 890 1956 ct
912 1893 948 1956 ds
962 1891 1105 1956 Ecclesia
1121 1891 1265 1970 pulsusu,
1280 1898 1308 1954 et
1327 1890 1368 1952 ds

259 1993 384 2072 sinitote
399 1996 558 2075 fugatum.
581 1994 623 2058 Et
635 1997 799 2076 quomodo
819 1999 878 2059 ists
898 1997 1034 2072 sincera,
1052 2003 1188 2073 rataque
1203 1992 1369 2056 habebun-

262 2102 338 2170 tur,
360 2113 434 2160 cum
457 2105 504 2160 tot
526 2098 690 2160 bominum
715 2109 901 2162 sauctorum
925 2097 1126 2172 testimonia,
1149 2104 1181 2158 et
1201 2097 1265 2175 ipsa
1291 2093 1367 2158 Ori·

261 2197 349 2276 genis
372 2205 457 2276 gesta
480 2197 621 2260 ecclesiis
645 2198 792 2262 omnihus
812 2205 885 2262 nota
907 2199 1106 2264 contrarium
1128 2197 1239 2260 dicunt
1258 2194 1364 2260 Theo·

259 2296 341 2378 phili
363 2295 619 2362 assertionibus?

339 2397 382 2462 Et
402 2418 504 2479 qnare
525 2401 693 2466 damnatus
715 2403 787 2478 sir,
809 2420 828 2465 e
852 2401 1053 2486 presbyterio
1081 2419 1139 2481 per
1162 2399 1365 2464 Demetrium

260 2507 294 2566 et
313 2499 484 2565 Heraclam
506 2501 640 2584 ejectus,
662 2510 694 2566 et
714 2522 732 2566 a
754 2505 883 2568 civitate
904 2503 1045 2584 iugatns,
1068 2504 1107 2567 de
1128 2501 1270 2566 Ecclesia
1289 2499 1364 2582 pul·

258 2618 334 2677 sus,
358 2602 415 2681 qui
434 2620 452 2665 a
474 2604 611 2684 pueritia
632 2604 672 2667 sd
693 2613 888 2668 senectutem
910 2625 1013 2686 usquc
1033 2606 1190 2687 perpetim
1211 2607 1244 2668 in
1264 2604 1363 2668 domo

257 2698 387 2764 Domini
417 2703 618 2778 elaboravit,
644 2706 695 2786 pie
715 2713 749 2768 et
769 2705 926 2780 fideliter,
950 2705 1072 2786 lleique
1104 2706 1233 2770 honoris
1253 2707 1364 2785 quoti·

259 2801 311 2866 dle
331 2805 402 2868 zelo
423 2804 586 2885 llsgransl
600 2804 771 2882 Quomodo
794 2809 844 2870 sir
866 2817 911 2872 tot
937 2810 1137 2887 impietatum
1162 2815 1288 2878 auctor,
1313 2813 1364 2870 lot

257 2915 393 2969 onustus
413 2907 698 2982 criminationibus,
716 2910 839 2974 acideo
859 2929 876 2974 a
898 2910 1098 2991 presbyterio
1119 2910 1252 2990 ejectus,
1268 2915 1300 2972 et
1318 2907 1362 2970 ab

257 3005 402 3071 Ecclesia
423 3008 603 3084 damnatus,
625 3019 657 3074 et
678 3011 820 3091 iugatns,
842 3011 1048 3076 nihilominus
1069 3011 1158 3076 nobis
1180 3029 1238 3090 per
1256 3011 1362 3104 since-

256 3126 310 3172 ros
333 3117 425 3174 testes
446 3119 709 3192 repraesentatur
729 3113 793 3178 hnc
813 3113 892 3178 illuc
913 3113 1031 3178 Christi
1062 3115 1212 3178 ecclesias
1232 3113 1360 3178 discur-

257 3227 352 3287 rens,
374 3218 408 3276 et
426 3212 467 3275 ab
488 3213 645 3294 episcopis
664 3214 874 3293 conquisitus,
897 3216 1106 3295 complexus,
1128 3225 1280 3294 rogatum
1302 3231 1359 3278 eo·

255 3327 396 3392 rumque
410 3314 524 3379 cedens
539 3316 692 3379 instantiis
712 3316 841 3396 publice
855 3323 887 3380 et
902 3317 1051 3397 privatim
1067 3317 1195 3392 docens,
1210 3317 1360 3380 sublimi·

256 3433 320 3493 que
340 3433 475 3479 munere
490 3417 699 3480 concionandi
718 3417 875 3482 adauctus
887 3417 903 3482 l
917 3417 960 3482 Et
970 3437 1032 3482 eur
1045 3419 1183 3499 amplius
1198 3418 1256 3480 etsi
1277 3436 1357 3480 nns-

253 3517 394 3582 themate
414 3521 583 3599 perculsus
603 3518 770 3600 Origenes,
794 3517 929 3605 Synodis
950 3529 1055 3585 tamen
1076 3520 1181 3584 addat
1196 3528 1357 3599 recatus;

253 3636 292 3683 ac
311 3637 410 3700 supra
431 3638 531 3684 annos
549 3623 712 3701 sexaginta
741 3631 835 3687 uatus
856 3623 1010 3688 adsersus
1039 3625 1189 3686 haereses
1209 3622 1354 3698 dimicat,

251 3721 423 3784 christinus
444 3723 592 3803 dogmata
615 3725 838 3804 episcoporum
860 3725 977 3802 plausu
998 3743 1219 3805 propugnans,
1242 3724 1355 3788 devios

251 3820 292 3884 ad
312 3823 478 3888 meliorem
497 3823 621 3904 lrugem
643 3823 787 3888 reducit:
805 3824 980 3890 discordias
1001 3824 1143 3888 fidelium
1164 3823 1356 3904 extinguit?

250 3922 295 3988 Et
314 3924 409 4005 cujus
424 3925 563 3998 Arabiae
579 3945 642 3989 nou
656 3926 774 4001 solum,
796 3925 850 3988 sed
872 3933 905 3988 et
921 3924 1129 4001 Palaestinae,
1148 3925 1352 4000 Phoenicius,

249 4032 283 4089 et
304 4024 446 4105 Achaiae
466 4027 677 4090 ecclesiarum
697 4027 863 4108 praesules
883 4029 1046 4092 scientiam
1067 4046 1105 4091 ac
1120 4028 1270 4108 pietatem
1293 4027 1353 4090 mi·

250 4126 313 4190 rati
332 4124 433 4189 sunt‘l
453 4125 496 4190 Et
525 4126 658 4191 lorsitau
677 4128 717 4190 ad
749 4126 871 4213 Berylli
896 4147 1026 4193 errores
1054 4129 1286 4203 confutandos,
1311 4144 1352 4192 ae

177 4251 185 4268 ·
248 4228 422 4294 discordias
442 4228 585 4294 lideliuns
606 4230 775 4310 sedandas,
798 4229 939 4298 Arabiae
958 4233 1114 4314 episcopis
1134 4232 1177 4298 ob
1197 4231 1349 4298 scientiae
