2994 4938
333 343 395 416 ³¹⁴
682 435 688 445 '
756 452 897 522 necue
918 453 1036 522 xxvi.

340 649 514 729 Quaeritur
533 673 604 731 cur,
632 657 791 740 potcsucto
820 659 856 725 io
878 658 1045 740 Oripensoe
1064 667 1094 724 et
1122 659 1287 726 nomeu
1313 658 1427 746 inieris,

371 766 482 836 posteo
501 767 606 822 tumen
636 758 703 841 ipsi
720 760 757 824 in
776 757 958 844 suspicions
973 763 1130 826 menoses
1151 763 1430 840 concineratum!

378 858 466 937 apud
481 870 622 938 posteros
649 861 693 925 od
712 870 855 926 uestrum
875 881 975 944 nepus
1003 871 1135 927 cetotern
1152 861 1190 926 in
1209 861 1344 929 ecclesiis
1359 867 1429 929 osto

377 957 578 1024 dubitaretur
596 963 634 1024 dc
652 979 759 1026 sorum
778 964 860 1044 fidse
879 981 917 1028 us
936 961 1054 1043 dicum,
1076 964 1194 1029 cosdore
1212 963 1380 1030 uniuersiu
1395 963 1430 1030 uti

374 1057 548 1124 haereticos
567 1060 666 1143 [σὶσσσ
684 1071 856 1147 reputetur.

339 1303 509 1428 Forsitan
531 1366 561 1428 in
577 1367 640 1432 hoc
659 1369 833 1435 uerissime
851 1369 926 1436 luco
947 1387 999 1434 roe
1011 1367 1086 1450 quis
1105 1369 1294 1450 repereritc
1314 1367 1378 1436 Ger
1391 1385 1428 1432 u·

337 1483 391 1546 po,
414 1467 511 1532 rebus
531 1468 577 1534 sic
593 1472 764 1549 stenelum,
785 1471 1033 1554 (trigenisdeme
1053 1471 1223 1554 hucusque
1239 1471 1328 1554 inest
1344 1477 1428 1534 testu

339 1569 531 1649 ignemiulec
551 1571 715 1654 denigrete
737 1573 931 1640 coloribus?
950 1576 1087 1658 ejusque
1109 1575 1210 1656 pietus
1241 1581 1308 1638 tem
1327 1573 1428 1638 induco

339 1675 383 1736 ris
404 1669 508 1738 inuste
525 1676 608 1739 netis
622 1677 653 1740 iu
676 1675 820 1742 Ecclesia
835 1685 953 1753 menet,
969 1684 1121 1757 utusque
1149 1676 1246 1741 mode
1268 1671 1426 1757 perduret?

339 1771 382 1837 Et
399 1791 504 1856 quere
525 1793 600 1840 cnm
621 1793 661 1840 ec
683 1779 805 1858 puriter
832 1785 1021 1843 sanctornm
1044 1778 1205 1856 virerum,
1227 1779 1287 1859 qui
1302 1775 1424 1858 ‘eineder

338 1891 377 1938 ec
397 1893 532 1940 suornm
554 1877 718 1944 librorum
739 1895 868 1944 oensem
898 1885 1125 1961 susceperuut,
1147 1877 1304 1941 memorie
1324 1878 1354 1939 io
1370 1891 1426 1938 ceo·

337 1985 450 2057 speetu
470 1977 632 2044 Ecclesiae
653 1980 773 2045 incerte
796 1991 994 2061 perseveret,
1016 1980 1098 2046 edcu
1120 1989 1156 2044 nt
1176 1998 1252 2044 cum
1272 1978 1425 2060 suspicione

339 2079 479 2159 quedem
501 2081 540 2143 dc
562 2082 599 2146 iis
620 2082 777 2148 disserent
796 2085 970 2164 scriptores
991 2079 1227 2148 ecclesiastici?

421 2180 507 2247 lluic
521 2183 764 2266 interrogetioni
780 2183 994 2263 respondeant
1008 2181 1282 2260 circumstantius,
1293 2197 1370 2261 quse
1381 2177 1424 2240 hu·

336 2283 391 2366 jus
411 2287 622 2350 contentionis
643 2287 838 2367 expeditioni
858 2292 933 2350 snut
953 2300 1051 2365 quem
1074 2283 1213 2346 menime
1239 2282 1420 2354 adserentem

339 2383 503 2464 inquibus
524 2387 699 2467 proecipue
713 2387 872 2452 noteudns
886 2394 935 2450 cst
950 2385 1136 2466 repentinus
1157 2383 1329 2457 Ammoni,
1349 2377 1423 2442 nito

341 2485 383 2560 ri,
405 2494 438 2550 ct
458 2485 609 2552 Dioscuri
629 2489 749 2565 ehitus,
767 2496 813 2552 tet
834 2503 1021 2570 pressurum
1043 2484 1207 2564 ennuchis,
1223 2489 1257 2546 et
1277 2477 1421 2546 rcsetiou'r
1469 2481 1470 2572 l

339 2587 401 2652 hue
416 2607 457 2653 cx
472 2587 643 2671 Theophili
666 2608 764 2671 opere
785 2589 967 2653 cxsutlstis.
984 2585 1050 2664 Qui
1064 2585 1194 2666 quidem
1210 2584 1295 2646 iuter
1306 2577 1422 2658 Oripeuie
1468 2591 1469 2682 t

339 2697 505 2769 petronus,
517 2691 697 2767 cunctitete,
710 2690 842 2755 scientie
856 2707 895 2754 ec
909 2687 1146 2752 institutionum
1161 2683 1420 2750 ecclesiasticum
1467 2709 1468 2793 p

341 2791 522 2856 eruditione
538 2792 812 2872 prudentissimi,
835 2791 986 2855 eximium
1001 2787 1162 2852 lihrerum
1177 2786 1278 2865 ipsius
1291 2783 1420 2849 ueuoocu
1466 2835 1467 2838 ,

233 2943 235 2946 .
339 2891 399 2955 sihi
422 2901 675 2975 comperernut3
705 2893 787 2958 eden
808 2901 846 2957 ut
867 2892 942 2957 totis
964 2891 1093 2956 ririhns.
1117 2886 1290 2969 Theophili
1307 2879 1419 2966 cimice
1465 2927 1466 3016 p

299 3049 302 3052 .
340 2992 485 3077 spuoduli
507 2994 638 3059 decreto
660 2993 849 3069 restiterint,
871 3010 932 3073 pro
953 2991 1064 3072 seipsis
1085 3005 1199 3068 meges
1221 2985 1419 3052 munechoruu
1464 3033 1465 3040 ,

341 3095 433 3173 copie
454 3101 569 3170 struto,
592 3094 648 3174 qni
669 3113 711 3158 ex
732 3093 914 3174 priscorum
939 3091 1074 3156 Petrum
1096 3089 1280 3165 traditione,
1296 3077 1420 3152 tomui-
1464 3041 1465 3128 l

342 3195 429 3276 geute
443 3211 624 3276 personum,
642 3203 710 3259 tum
733 3196 832 3277 ipsius
845 3196 964 3275 scripte
985 3193 1135 3276 genuine,
1151 3190 1305 3254 immunis
1318 3187 1353 3250 eh
1366 3183 1419 3246 htr

344 3315 454 3361 reeens
468 3303 543 3361 note
565 3296 708 3361 hshende
724 3315 793 3362 csse
813 3295 961 3360 ehtestuti
976 3303 1061 3360 suot.
1083 3291 1226 3373 ldecqne
1244 3292 1309 3356 isto
1321 3281 1420 3352 istietr

343 3397 473 3474 iuuetis,
488 3413 563 3460 eum
583 3397 622 3460 iis
633 3413 766 3479 qnoque
780 3395 896 3472 detuit,
918 3396 1099 3476 ceciditque
1121 3389 1418 3475 propupnucoluntt

341 3499 453 3576 turris,
470 3497 500 3560 in
516 3514 614 3577 quem
633 3515 674 3562 eo
695 3515 800 3578 usquc
814 3494 985 3578 Theophili
1002 3515 1040 3561 ec
1058 3512 1169 3560 secum
1190 3511 1231 3558 ee
1251 3485 1417 3556 mittentur

339 3599 457 3664 erictus
480 3598 602 3662 irustre
625 3599 823 3664 lehorereut.

422 3697 583 3775 Secundo,
598 3698 741 3762 relidum
755 3698 861 3763 emisit
874 3698 1077 3762 defensorem
1092 3693 1291 3777 origenesin
1306 3682 1415 3753 nuum

340 3795 511 3862 calumniis
531 3799 604 3863 ideo
627 3799 779 3864 irectoet
797 3799 1090 3881 leherihus,cn1us
1111 3817 1175 3862 uon
1197 3803 1315 3860 tentum
1333 3787 1414 3869 pitius

339 3898 394 3962 scd
417 3907 450 3962 ct
469 3901 595 3963 sincere
617 3899 693 3963 tides
716 3908 748 3963 ct
768 3903 900 3966 scientie
929 3901 1144 3966 ecclcsiestice
1166 3901 1199 3964 in
1220 3894 1332 3962 mundo
1347 3899 1416 3952 ecre·

339 4009 493 4080 uceruut;
517 4019 658 4081 querum
678 4005 745 4082 ipse
767 4001 985 4088 Hieronymus
998 4002 1195 4083 quendeqne
1217 3988 1415 4065 insistitur

341 4087 499 4164 tissimum
521 4102 620 4183 hujus
643 4103 688 4167 rei
721 4105 953 4168 documentum
975 4099 1006 4170 iu
1027 4103 1226 4183 expositione
1253 4087 1412 4180 spoletio

341 4203 490 4285 postolici
512 4205 685 4287 reperitur.
709 4203 739 4271 le
760 4206 844 4273 cuiue
865 4206 906 4272 eh
927 4203 1061 4272 Oriente
1083 4219 1248 4288 repressus
1270 4189 1409 4267 enimn
