3028 4942
326 493 478 569 velimus,
501 491 714 574 suspiciosum
736 489 838 556 videri
860 491 944 555 torte
966 498 1084 572 posset,
1099 509 1138 556 eo
1152 489 1240 571 qnod
1255 505 1312 552 nos
1326 500 1425 551 amore

326 593 410 675 ejus,
432 593 539 672 siquid
560 594 627 674 ipse
648 611 747 672 prave
760 595 907 667 senserit,
924 591 1149 657 celaverimus.
1166 589 1226 658 Ubi
1242 601 1350 655 antem
1364 589 1425 668 ejus

327 695 441 776 ipsius,
464 696 520 774 qui
540 703 728 768 accusatur,
749 696 884 758 vocibus
905 696 1040 772 utimur,
1055 703 1090 758 et
1103 695 1143 760 ad
1158 711 1267 758 omncs
1282 690 1426 773 objectio·

327 814 383 859 nes
404 803 644 874 accusatorum,
659 797 726 860 suis
741 796 848 859 verbis
868 813 956 870 enm,
977 807 1040 860 non
1062 805 1168 860 nostra
1190 797 1365 858 assertione
1382 791 1428 852 do·

329 895 509 972 sendimus,
534 913 617 975 quae
639 896 726 960 ultra
747 896 885 976 relinqui
910 905 1015 977 potest
1037 896 1264 961 criminationis
1289 892 1410 958 occasio
1418 909 1428 970 3

329 997 444 1061 saltem
466 997 514 1060 lris
536 999 622 1077 ipsis,
645 997 701 1077 qui
722 1016 785 1060 non
807 998 875 1060 veti
896 999 1015 1075 studio,
1037 998 1091 1062 sed
1115 995 1430 1073 relutltltidineqna·

326 1098 401 1162 dem
422 1098 572 1180 culpandi
592 1117 720 1180 semper
742 1099 957 1178 agitanturln
973 1097 1094 1162 Deinde
1107 1097 1271 1162 concludit
1286 1095 1367 1158 nihil
1380 1109 1431 1174 pro

326 1199 480 1265 deiuncto
502 1201 625 1266 firmius
648 1202 778 1278 valere,
808 1219 904 1281 quam
931 1200 1076 1282 ejusdem
1097 1199 1226 1262 litterae
1247 1204 1279 1260 et
1309 1197 1430 1274 scripta.

329 1299 443 1381 ltaque
464 1319 538 1365 cum
560 1303 795 1364 criminationes
817 1303 847 1364 in
869 1303 1040 1377 eumdem,
1062 1301 1119 1376 ait,
1146 1300 1286 1363 maxime
1313 1311 1433 1360 versen-

331 1409 386 1466 tur
406 1403 492 1465 circa
512 1402 613 1466 libros
636 1399 679 1464 De
698 1399 889 1482 Principiis,
912 1421 954 1466 ex
968 1403 1044 1482 ipsis
1059 1400 1182 1482 colligit
1197 1399 1385 1480 Pamphilus
1397 1405 1435 1461 te·

330 1504 478 1567 stimonia
494 1511 606 1566 eontra
629 1513 833 1568 accusatores
847 1503 1008 1584 Origenis,
1031 1503 1110 1566 nihil
1130 1502 1249 1566 addens
1264 1501 1305 1564 de
1327 1501 1435 1564 horum

329 1603 492 1667 librorum
514 1602 694 1668 falsatione.
718 1603 789 1668 lloe
805 1607 881 1669 item
895 1625 921 1668 s.
938 1604 1068 1686 Martyr
1088 1614 1233 1668 recenset
1252 1601 1354 1682 paulo
1373 1603 1436 1681 post

333 1712 403 1767 tum
424 1703 464 1766 dc
485 1705 548 1767 hoc
566 1704 688 1785 Opere,
713 1714 780 1768 tum
802 1704 841 1768 de
862 1708 979 1770 ceteris
1000 1705 1145 1786 ejusdem
1166 1703 1306 1782 seriptis.

416 1801 453 1866 lo
469 1805 517 1868 his
533 1812 650 1880 tamen,
665 1823 749 1885 quae
766 1807 810 1869 ait
825 1805 974 1870 Rudinus
995 1807 1081 1870 circa
1104 1802 1322 1884 quorumdam
1336 1819 1377 1867 ex
1395 1798 1438 1862 tt-

332 1905 397 1968 bris
414 1903 610 1969 Pericrclron
631 1906 795 1971 dictorum
817 1908 1094 1984 emendationem,
1111 1905 1268 1985 quaesibi
1295 1903 1438 1966 videban-

332 2014 388 2070 tur
403 2007 455 2070 rel
470 2008 633 2072 contraire
649 2011 815 2072 contextui
830 2009 998 2084 sermonis,
1022 2009 1075 2071 rel
1099 2007 1203 2070 minus
1224 2007 1256 2068 iu
1271 2004 1337 2069 lide
1351 2002 1437 2066 nabe·

330 2127 367 2172 re
388 2107 631 2186 aedificationis,
651 2113 678 2173 si
694 2111 772 2172 mihi
787 2110 903 2174 liceret
923 2110 1019 2172 dubia
1041 2109 1163 2173 liuttici
1181 2107 1329 2188 ejusdem
1350 2108 1439 2168 inter·
1504 2119 1505 2168 t

331 2212 467 2289 pretari,
492 2211 633 2274 dicerem
650 2212 729 2274 tales
746 2209 941 2275 Periereltcn
966 2211 1108 2276 codicem
1132 2226 1286 2290 graecum
1316 2221 1439 2272 errores

330 2313 495 2376 continere
511 2313 616 2376 minus
632 2331 673 2376 ax
689 2316 932 2379 amanuensium
947 2314 1073 2376 incuria
1098 2312 1148 2376 rel
1168 2329 1210 2374 ex
1224 2312 1379 2393 quopiam
1398 2309 1439 2370 in·

301 2477 308 2490 ,
331 2413 530 2493 terpolatorc
551 2414 765 2490 introductos,
783 2433 880 2495 qnam
900 2416 1007 2496 potius
1022 2433 1063 2478 ex
1079 2414 1147 2495 ipso
1163 2431 1279 2494 graeco
1301 2409 1439 2476 dictami·

331 2530 371 2576 ne
396 2513 499 2578 relate
513 2513 552 2578 ad
574 2517 755 2596 argumenti
769 2515 993 2580 difficultatem
1007 2535 1019 2595 3
1035 2514 1084 2578 uti
1096 2515 1163 2595 ipse
1184 2512 1309 2576 latetur
1323 2513 1355 2574 in
1368 2510 1440 2574 Pro·

332 2715 406 2780 hinc
427 2716 605 2782 absordum
625 2735 715 2794 csse,
737 2736 788 2793 ea,
811 2737 897 2798 quae
919 2719 951 2782 in
973 2718 1020 2780 lria
1044 2715 1359 2792 transnatantibus,
1379 2712 1441 2776 sine

331 2820 484 2898 magistro
505 2827 538 2884 ct
552 2821 765 2901 explanatore
786 2831 902 2901 putare
917 2822 1062 2902 aliquem
1085 2836 1177 2901 posse
1190 2817 1337 2895 discere,
1354 2831 1442 2898 prae·

333 2920 444 2981 sertim
467 2922 498 2982 in
514 2927 655 2984 tractatu
675 2921 803 2984 divinae
823 2919 999 2985 Trinitatis.
1017 2919 1052 2984 ln
1073 2937 1152 3000 quo,
1173 2935 1369 2999 graecorum
1390 2933 1440 2978 ro·

330 3019 525 3084 cabalorum
547 3039 666 3100 nsum,
692 3021 812 3102 quihus
831 3023 915 3086 illud
948 3027 1213 3101 repraesentatur
1233 3018 1440 3102 mysterium,

333 3139 429 3183 uerno
449 3123 568 3203 estqui
590 3125 715 3203 ignoret
730 3141 792 3203 pro
811 3123 888 3198 loci,
910 3131 944 3188 et
965 3123 1119 3204 temporis
1136 3131 1170 3186 ct
1182 3122 1353 3185 hominnm
1373 3133 1442 3182 eon·

333 3223 475 3298 ditione,
497 3225 616 3305 quihus
635 3225 796 3290 scribebat
818 3224 999 3305 Origenes,
1023 3224 1182 3306 quaedam
1204 3223 1342 3303 posteris
1362 3221 1441 3300 luge·

332 3344 408 3389 rare
429 3326 525 3390 dubia
539 3326 694 3407 potuisse,
716 3328 857 3392 maxime
877 3329 997 3391 latinae
1020 3326 1152 3406 linguae
1167 3325 1256 3401 airis,
1274 3325 1307 3388 in
1328 3321 1440 3404 quibus

335 3423 489 3505 Ilullin03
506 3427 538 3490 in
554 3428 777 3494 tramierendo
792 3429 943 3494 videlicet
956 3426 1141 3510 hujusmodi
1156 3443 1287 3506 graecas
1306 3421 1442 3488 locutio·

334 3547 401 3604 nes,
424 3546 565 3608 quarum
594 3532 684 3594 antio
715 3533 823 3611 potius
845 3548 906 3612 per
935 3530 1140 3600 traditionem
1170 3526 1337 3591 hominum
1359 3523 1444 3588 illias

333 3627 461 3707 linguae
482 3630 666 3709 etquidem
687 3629 824 3696 Scholao
844 3629 1097 3708 alexandrinae,
1129 3645 1228 3708 qnam
1249 3643 1307 3706 per
1327 3625 1441 3704 seipsas

334 3727 484 3808 distingui
508 3732 678 3808 potuisset.
695 3729 737 3794 lit
757 3748 797 3794 eo
820 3731 919 3812 magis
939 3731 1002 3795 lanc
1024 3747 1177 3802 asseram,
1193 3726 1280 3808 qnod
1303 3727 1372 3806 ipsa
1394 3721 1443 3784 lli·

334 3829 450 3913 dymns
471 3830 559 3894 illios
579 3830 716 3896 Scltolae
737 3831 934 3913 praetactas,
957 3832 1017 3896 etsi
1038 3848 1193 3913 graecus,
1217 3837 1321 3891 tamen
1343 3829 1442 3904 inspe-

334 3939 384 3991 cta
407 3927 601 3994 Periorslon
622 3931 842 4009 obscuritate,
864 3950 928 3996 non
950 3933 1009 3998 nisi
1029 3950 1088 4013 per
1108 3926 1369 4003 commentarios,
1390 3923 1443 3986 do·

335 4031 470 4094 ctriuam
494 4033 611 4096 dorum
633 4033 795 4097 librorum
817 4035 974 4132 excussit,
997 4049 1061 4097 nou
1082 4028 1293 4101 confutando,
1313 4026 1369 4092 sed
1389 4041 1442 4087 ex·

334 4130 493 4210 planando
513 4150 599 4212 quae
618 4133 784 4200 latebrosa
807 4135 1021 4215 ridebantur,
1053 4133 1102 4200 uti
1124 4130 1265 4214 emplius
1284 4129 1344 4208 ipsi
1366 4120 1442 4190 ttot·

334 4231 397 4298 tino
421 4233 488 4300 tisa
510 4233 650 4302 lucrant.
1235 4243 1241 4258 '

332 2613 420 2695 logo,
441 2615 513 2680 ideo
532 2615 639 2680 dicens
660 2617 718 2681 laos
742 2617 844 2680 libros
864 2613 1105 2679 obscurissimos
1125 2622 1155 2676 et
1174 2612 1441 2695 difficillimouel
1505 2639 1506 2664 t
