<?xml version="1.0" encoding="UTF-8"?>
<!DOCTYPE html PUBLIC "-//W3C//DTD XHTML 1.0 Transitional//EN"
    "http://www.w3.org/TR/xhtml1/DTD/xhtml1-transitional.dtd">
<html xmlns="http://www.w3.org/1999/xhtml" xml:lang="en" lang="en">
 <head>
  <title>
</title>
<meta http-equiv="Content-Type" content="text/html;charset=utf-8" />
  <meta name='ocr-system' content='tesseract 3.04.00' />
  <meta name='ocr-capabilities' content='ocr_page ocr_carea ocr_par ocr_line ocrx_word'/>
</head>
<body>
  <div class='ocr_page' id='page_1' title='image "./insgregoriinyss01vincgoog/insgregoriinyss01vincgoog_0365.png"; bbox 0 0 2994 4938; ppageno 0'>
   <div class='ocr_carea' id='block_1_1' title="bbox 416 465 1491 552">
    <p class='ocr_par' dir='ltr' id='par_1_1' title="bbox 416 465 1491 552">
     <span class='ocr_line' id='line_1_1' title="bbox 416 465 1491 552; baseline -0.006 -19"><span class='ocrx_word' id='word_1_1' title='bbox 416 468 463 534; x_wconf 86' lang='lat' dir='ltr'><strong>De</strong></span> <span class='ocrx_word' id='word_1_2' title='bbox 485 471 667 552; x_wconf 85' lang='lat' dir='ltr'><strong>principio,</strong></span> <span class='ocrx_word' id='word_1_3' title='bbox 689 490 753 536; x_wconf 91' lang='lat' dir='ltr'><strong>nou</strong></span> <span class='ocrx_word' id='word_1_4' title='bbox 774 477 822 538; x_wconf 89' lang='lat' dir='ltr'><strong>est</strong></span> <span class='ocrx_word' id='word_1_5' title='bbox 843 472 977 536; x_wconf 92' lang='lat' dir='ltr'><strong>dubium</strong></span> <span class='ocrx_word' id='word_1_6' title='bbox 999 471 1039 533; x_wconf 89' lang='lat' dir='ltr'><strong>ah</strong></span> <span class='ocrx_word' id='word_1_7' title='bbox 1062 467 1220 535; x_wconf 78' lang='lat' dir='ltr'><strong>Anastasii</strong></span> <span class='ocrx_word' id='word_1_8' title='bbox 1250 465 1433 548; x_wconf 82' lang='lat' dir='ltr'><strong>imperatoris</strong></span> <span class='ocrx_word' id='word_1_9' title='bbox 1490 465 1491 472; x_wconf 77' lang='grc'>’</span> 
     </span>
    </p>
   </div>
   <div class='ocr_carea' id='block_1_2' title="bbox 334 568 1437 958">
    <p class='ocr_par' dir='ltr' id='par_1_2' title="bbox 334 568 1437 958">
     <span class='ocr_line' id='line_1_2' title="bbox 335 568 1434 650; baseline -0.006 -16"><span class='ocrx_word' id='word_1_10' title='bbox 335 588 430 646; x_wconf 78' lang='lat' dir='ltr'><strong>acin,</strong></span> <span class='ocrx_word' id='word_1_11' title='bbox 446 574 536 634; x_wconf 89' lang='lat' dir='ltr'><strong>initio</strong></span> <span class='ocrx_word' id='word_1_12' title='bbox 556 574 658 636; x_wconf 91' lang='lat' dir='ltr'><strong>seculi</strong></span> <span class='ocrx_word' id='word_1_13' title='bbox 676 571 729 636; x_wconf 85' lang='lat' dir='ltr'><strong>Vl.</strong></span> <span class='ocrx_word' id='word_1_14' title='bbox 744 573 920 638; x_wconf 80' lang='lat' dir='ltr'><strong>Ecclesiam</strong></span> <span class='ocrx_word' id='word_1_15' title='bbox 943 573 1134 635; x_wconf 88' lang='lat' dir='ltr'><strong>orientalem</strong></span> <span class='ocrx_word' id='word_1_16' title='bbox 1151 571 1295 650; x_wconf 83' lang='lat' dir='ltr'><strong>undique</strong></span> <span class='ocrx_word' id='word_1_17' title='bbox 1310 568 1434 648; x_wconf 86' lang='lat' dir='ltr'><strong>partibus</strong></span> 
     </span>
     <span class='ocr_line' id='line_1_3' title="bbox 334 669 1436 758; baseline -0.005 -24"><span class='ocrx_word' id='word_1_18' title='bbox 334 676 450 753; x_wconf 75' lang='lat' dir='ltr'><strong>agitari</strong></span> <span class='ocrx_word' id='word_1_19' title='bbox 474 676 559 738; x_wconf 88' lang='lat' dir='ltr'><strong>circa</strong></span> <span class='ocrx_word' id='word_1_20' title='bbox 582 673 747 758; x_wconf 79' lang='lat' dir='ltr'><strong>synodum</strong></span> <span class='ocrx_word' id='word_1_21' title='bbox 769 675 1079 752; x_wconf 64' lang='lat' dir='ltr'><strong>chalcedonensem</strong></span> <span class='ocrx_word' id='word_1_22' title='bbox 1102 675 1133 734; x_wconf 91' lang='lat' dir='ltr'><strong>in</strong></span> <span class='ocrx_word' id='word_1_23' title='bbox 1154 672 1285 753; x_wconf 84' lang='lat' dir='ltr'><strong>quibus,</strong></span> <span class='ocrx_word' id='word_1_24' title='bbox 1302 669 1359 734; x_wconf 84' lang='lat' dir='ltr'><strong>eoi</strong></span> <span class='ocrx_word' id='word_1_25' title='bbox 1378 684 1436 730; x_wconf 89' lang='lat' dir='ltr'><strong>con·</strong></span> 
     </span>
     <span class='ocr_line' id='line_1_4' title="bbox 336 771 1436 854; baseline -0.005 -18"><span class='ocrx_word' id='word_1_26' title='bbox 336 773 420 847; x_wconf 82' lang='lat' dir='ltr'><strong>luae,</strong></span> <span class='ocrx_word' id='word_1_27' title='bbox 438 783 583 838; x_wconf 90' lang='lat' dir='ltr'><strong>conserta</strong></span> <span class='ocrx_word' id='word_1_28' title='bbox 603 776 696 838; x_wconf 87' lang='lat' dir='ltr'><strong>inere</strong></span> <span class='ocrx_word' id='word_1_29' title='bbox 712 777 772 838; x_wconf 88' lang='lat' dir='ltr'><strong>tria</strong></span> <span class='ocrx_word' id='word_1_30' title='bbox 788 775 952 854; x_wconf 81' lang='lat' dir='ltr'><strong>Capitale,</strong></span> <span class='ocrx_word' id='word_1_31' title='bbox 968 782 1001 838; x_wconf 88' lang='lat' dir='ltr'><strong>et</strong></span> <span class='ocrx_word' id='word_1_32' title='bbox 1023 775 1096 838; x_wconf 89' lang='lat' dir='ltr'><strong>hinc</strong></span> <span class='ocrx_word' id='word_1_33' title='bbox 1115 776 1235 836; x_wconf 85' lang='lat' dir='ltr'><strong>semiue</strong></span> <span class='ocrx_word' id='word_1_34' title='bbox 1261 771 1436 852; x_wconf 70' lang='lat' dir='ltr'><strong>quaestionis</strong></span> 
     </span>
     <span class='ocr_line' id='line_1_5' title="bbox 335 875 1437 958; baseline -0.005 -18"><span class='ocrx_word' id='word_1_35' title='bbox 335 885 369 940; x_wconf 87' lang='lat' dir='ltr'><strong>et</strong></span> <span class='ocrx_word' id='word_1_36' title='bbox 388 879 579 952; x_wconf 72' lang='lat' dir='ltr'><strong>schismatis,</strong></span> <span class='ocrx_word' id='word_1_37' title='bbox 595 878 683 958; x_wconf 89' lang='lat' dir='ltr'><strong>quod</strong></span> <span class='ocrx_word' id='word_1_38' title='bbox 704 879 765 940; x_wconf 91' lang='lat' dir='ltr'><strong>sub</strong></span> <span class='ocrx_word' id='word_1_39' title='bbox 788 875 905 957; x_wconf 75' lang='lat' dir='ltr'><strong>vigilio</strong></span> <span class='ocrx_word' id='word_1_40' title='bbox 922 876 1006 955; x_wconf 85' lang='lat' dir='ltr'><strong>Papa</strong></span> <span class='ocrx_word' id='word_1_41' title='bbox 1027 877 1199 940; x_wconf 82' lang='lat' dir='ltr'><strong>maximam</strong></span> <span class='ocrx_word' id='word_1_42' title='bbox 1219 875 1380 938; x_wconf 83' lang='lat' dir='ltr'><strong>Ecclesiae</strong></span> <span class='ocrx_word' id='word_1_43' title='bbox 1397 891 1437 934; x_wconf 83' lang='lat' dir='ltr'><strong>oe·</strong></span> 
     </span>
    </p>
   </div>
   <div class='ocr_carea' id='block_1_3' title="bbox 335 976 1492 1058">
    <p class='ocr_par' dir='ltr' id='par_1_3' title="bbox 335 976 1492 1058">
     <span class='ocr_line' id='line_1_6' title="bbox 335 976 1492 1058; baseline -0.004 -18"><span class='ocrx_word' id='word_1_44' title='bbox 335 977 502 1040; x_wconf 87' lang='lat' dir='ltr'><strong>cideutalis</strong></span> <span class='ocrx_word' id='word_1_45' title='bbox 524 987 647 1058; x_wconf 86' lang='lat' dir='ltr'><strong>partem</strong></span> <span class='ocrx_word' id='word_1_46' title='bbox 671 979 818 1041; x_wconf 82' lang='lat' dir='ltr'><strong>invaluit.</strong></span> <span class='ocrx_word' id='word_1_47' title='bbox 853 978 888 1040; x_wconf 87' lang='lat' dir='ltr'><strong>ln</strong></span> <span class='ocrx_word' id='word_1_48' title='bbox 911 978 972 1040; x_wconf 91' lang='lat' dir='ltr'><strong>boc</strong></span> <span class='ocrx_word' id='word_1_49' title='bbox 992 987 1101 1041; x_wconf 92' lang='lat' dir='ltr'><strong>autem</strong></span> <span class='ocrx_word' id='word_1_50' title='bbox 1124 977 1214 1040; x_wconf 88' lang='lat' dir='ltr'><strong>nobis</strong></span> <span class='ocrx_word' id='word_1_51' title='bbox 1236 976 1437 1056; x_wconf 69' lang='lat' dir='ltr'><strong>suffragantur</strong></span> <span class='ocrx_word' id='word_1_52' title='bbox 1491 1015 1492 1024; x_wconf 58' lang='lat'><strong>.</strong></span> 
     </span>
    </p>
   </div>
   <div class='ocr_carea' id='block_1_4' title="bbox 320 1074 1440 2580">
    <p class='ocr_par' dir='ltr' id='par_1_4' title="bbox 320 1074 1440 2580">
     <span class='ocr_line' id='line_1_7' title="bbox 335 1074 1437 1158; baseline -0.005 -16"><span class='ocrx_word' id='word_1_53' title='bbox 335 1077 451 1143; x_wconf 81' lang='lat' dir='ltr'><strong>Victor</strong></span> <span class='ocrx_word' id='word_1_54' title='bbox 472 1080 658 1144; x_wconf 77' lang='lat' dir='ltr'><strong>tununensis</strong></span> <span class='ocrx_word' id='word_1_55' title='bbox 682 1087 715 1143; x_wconf 90' lang='lat' dir='ltr'><strong>et</strong></span> <span class='ocrx_word' id='word_1_56' title='bbox 736 1079 906 1158; x_wconf 76' lang='lat' dir='ltr'><strong>Evagrius.</strong></span> <span class='ocrx_word' id='word_1_57' title='bbox 930 1078 990 1142; x_wconf 87' lang='lat' dir='ltr'><strong>llic</strong></span> <span class='ocrx_word' id='word_1_58' title='bbox 1012 1080 1042 1140; x_wconf 91' lang='lat' dir='ltr'><strong>in</strong></span> <span class='ocrx_word' id='word_1_59' title='bbox 1065 1077 1164 1140; x_wconf 88' lang='lat' dir='ltr'><strong>Libro</strong></span> <span class='ocrx_word' id='word_1_60' title='bbox 1179 1076 1238 1139; x_wconf 91' lang='lat' dir='ltr'><strong>lli.</strong></span> <span class='ocrx_word' id='word_1_61' title='bbox 1264 1075 1346 1139; x_wconf 85' lang='lat' dir='ltr'><strong>llist.</strong></span> <span class='ocrx_word' id='word_1_62' title='bbox 1366 1074 1437 1138; x_wconf 85' lang='lat' dir='ltr'><strong>lieri.</strong></span> 
     </span>
     <span class='ocr_line' id='line_1_8' title="bbox 335 1178 1439 1262; baseline -0.005 -18"><span class='ocrx_word' id='word_1_63' title='bbox 335 1178 599 1245; x_wconf 62' lang='lat' dir='ltr'><strong>exxxssrum</strong></span> <span class='ocrx_word' id='word_1_64' title='bbox 610 1179 758 1262; x_wconf 74' lang='lat' dir='ltr'><strong>Synodus</strong></span> <span class='ocrx_word' id='word_1_65' title='bbox 768 1181 1040 1256; x_wconf 85' lang='lat' dir='ltr'><strong>chalcedonensis,</strong></span> <span class='ocrx_word' id='word_1_66' title='bbox 1052 1181 1167 1259; x_wconf 89' lang='lat' dir='ltr'><strong>inquit,</strong></span> <span class='ocrx_word' id='word_1_67' title='bbox 1179 1197 1237 1242; x_wconf 86' lang='lat' dir='ltr'><strong>uec</strong></span> <span class='ocrx_word' id='word_1_68' title='bbox 1250 1179 1356 1258; x_wconf 89' lang='lat' dir='ltr'><strong>palam</strong></span> <span class='ocrx_word' id='word_1_69' title='bbox 1366 1195 1439 1257; x_wconf 87' lang='lat' dir='ltr'><strong>prae·</strong></span> 
     </span>
     <span class='ocr_line' id='line_1_9' title="bbox 337 1279 1439 1364; baseline -0.002 -20"><span class='ocrx_word' id='word_1_70' title='bbox 337 1284 520 1358; x_wconf 85' lang='lat' dir='ltr'><strong>dicabatur,</strong></span> <span class='ocrx_word' id='word_1_71' title='bbox 538 1300 597 1346; x_wconf 88' lang='lat' dir='ltr'><strong>nee</strong></span> <span class='ocrx_word' id='word_1_72' title='bbox 617 1282 746 1346; x_wconf 88' lang='lat' dir='ltr'><strong>omuino</strong></span> <span class='ocrx_word' id='word_1_73' title='bbox 769 1281 999 1364; x_wconf 85' lang='lat' dir='ltr'><strong>rejiciebatur.</strong></span> <span class='ocrx_word' id='word_1_74' title='bbox 1014 1325 1063 1346; x_wconf 91' lang='lat'><strong>...</strong></span> <span class='ocrx_word' id='word_1_75' title='bbox 1080 1279 1238 1346; x_wconf 88' lang='lat' dir='ltr'><strong>Nonnulli</strong></span> <span class='ocrx_word' id='word_1_76' title='bbox 1253 1281 1381 1362; x_wconf 84' lang='lat' dir='ltr'><strong>quidem</strong></span> <span class='ocrx_word' id='word_1_77' title='bbox 1398 1297 1439 1342; x_wconf 89' lang='lat' dir='ltr'><strong>eo·</strong></span> 
     </span>
     <span class='ocr_line' id='line_1_10' title="bbox 337 1379 1440 1463; baseline -0.009 -13"><span class='ocrx_word' id='word_1_78' title='bbox 337 1401 412 1450; x_wconf 86' lang='lat' dir='ltr'><strong>rum</strong></span> <span class='ocrx_word' id='word_1_79' title='bbox 433 1389 570 1457; x_wconf 77' lang='lat' dir='ltr'><strong>cuncta,</strong></span> <span class='ocrx_word' id='word_1_80' title='bbox 594 1400 686 1463; x_wconf 75' lang='lat' dir='ltr'><strong>quae.</strong></span> <span class='ocrx_word' id='word_1_81' title='bbox 699 1386 731 1448; x_wconf 92' lang='lat' dir='ltr'><strong>in</strong></span> <span class='ocrx_word' id='word_1_82' title='bbox 753 1383 810 1447; x_wconf 95' lang='lat' dir='ltr'><strong>illo</strong></span> <span class='ocrx_word' id='word_1_83' title='bbox 831 1381 976 1458; x_wconf 74' lang='lat' dir='ltr'><strong>Goucilio</strong></span> <span class='ocrx_word' id='word_1_84' title='bbox 996 1385 1141 1461; x_wconf 81' lang='lat' dir='ltr'><strong>exposita</strong></span> <span class='ocrx_word' id='word_1_85' title='bbox 1161 1392 1251 1459; x_wconf 89' lang='lat' dir='ltr'><strong>sunt,</strong></span> <span class='ocrx_word' id='word_1_86' title='bbox 1275 1379 1440 1462; x_wconf 76' lang='lat' dir='ltr'><strong>pertinacis</strong></span> 
     </span>
     <span class='ocr_line' id='line_1_11' title="bbox 335 1483 1439 1565; baseline -0.004 -17"><span class='ocrx_word' id='word_1_87' title='bbox 335 1487 416 1548; x_wconf 83' lang='lat' dir='ltr'><strong>sitne</strong></span> <span class='ocrx_word' id='word_1_88' title='bbox 437 1483 672 1564; x_wconf 76' lang='lat' dir='ltr'><strong>deleudebau13</strong></span> <span class='ocrx_word' id='word_1_89' title='bbox 687 1501 745 1548; x_wconf 89' lang='lat' dir='ltr'><strong>nee</strong></span> <span class='ocrx_word' id='word_1_90' title='bbox 767 1487 798 1548; x_wconf 91' lang='lat' dir='ltr'><strong>in</strong></span> <span class='ocrx_word' id='word_1_91' title='bbox 811 1484 883 1565; x_wconf 80' lang='lat' dir='ltr'><strong>ejus</strong></span> <span class='ocrx_word' id='word_1_92' title='bbox 904 1486 1042 1549; x_wconf 88' lang='lat' dir='ltr'><strong>decretis</strong></span> <span class='ocrx_word' id='word_1_93' title='bbox 1058 1501 1154 1547; x_wconf 88' lang='lat' dir='ltr'><strong>unam</strong></span> <span class='ocrx_word' id='word_1_94' title='bbox 1174 1484 1336 1565; x_wconf 77' lang='lat' dir='ltr'><strong>syllabam</strong></span> <span class='ocrx_word' id='word_1_95' title='bbox 1352 1483 1439 1544; x_wconf 88' lang='lat' dir='ltr'><strong>remit·</strong></span> 
     </span>
     <span class='ocr_line' id='line_1_12' title="bbox 337 1586 1439 1666; baseline -0.004 -16"><span class='ocrx_word' id='word_1_96' title='bbox 337 1594 421 1664; x_wconf 89' lang='lat' dir='ltr'><strong>tere,</strong></span> <span class='ocrx_word' id='word_1_97' title='bbox 442 1605 481 1649; x_wconf 90' lang='lat' dir='ltr'><strong>ao</strong></span> <span class='ocrx_word' id='word_1_98' title='bbox 501 1605 540 1650; x_wconf 89' lang='lat' dir='ltr'><strong>ne</strong></span> <span class='ocrx_word' id='word_1_99' title='bbox 562 1586 809 1666; x_wconf 86' lang='lat' dir='ltr'><strong>uniusquidem</strong></span> <span class='ocrx_word' id='word_1_100' title='bbox 831 1586 960 1650; x_wconf 76' lang='lat' dir='ltr'><strong>litterae</strong></span> <span class='ocrx_word' id='word_1_101' title='bbox 981 1587 1191 1652; x_wconf 83' lang='lat' dir='ltr'><strong>mutationem</strong></span> <span class='ocrx_word' id='word_1_102' title='bbox 1212 1587 1383 1650; x_wconf 80' lang='lat' dir='ltr'><strong>admittere</strong></span> <span class='ocrx_word' id='word_1_103' title='bbox 1399 1601 1439 1646; x_wconf 86' lang='lat' dir='ltr'><strong>sn-</strong></span> 
     </span>
     <span class='ocr_line' id='line_1_13' title="bbox 336 1684 1439 1767; baseline -0.004 -17"><span class='ocrx_word' id='word_1_104' title='bbox 336 1690 518 1754; x_wconf 81' lang='lat' dir='ltr'><strong>rtinebant:</strong></span> <span class='ocrx_word' id='word_1_105' title='bbox 544 1687 601 1752; x_wconf 87' lang='lat' dir='ltr'><strong>sed</strong></span> <span class='ocrx_word' id='word_1_106' title='bbox 623 1704 736 1767; x_wconf 72' lang='lat' dir='ltr'><strong>magna</strong></span> <span class='ocrx_word' id='word_1_107' title='bbox 758 1705 833 1754; x_wconf 86' lang='lat' dir='ltr'><strong>enm</strong></span> <span class='ocrx_word' id='word_1_108' title='bbox 856 1687 973 1752; x_wconf 87' lang='lat' dir='ltr'><strong>fiducia</strong></span> <span class='ocrx_word' id='word_1_109' title='bbox 995 1688 1189 1752; x_wconf 88' lang='lat' dir='ltr'><strong>recedebant</strong></span> <span class='ocrx_word' id='word_1_110' title='bbox 1208 1687 1251 1749; x_wconf 84' lang='lat' dir='ltr'><strong>ab</strong></span> <span class='ocrx_word' id='word_1_111' title='bbox 1273 1688 1325 1762; x_wconf 88' lang='lat' dir='ltr'><strong>iis,</strong></span> <span class='ocrx_word' id='word_1_112' title='bbox 1345 1687 1396 1766; x_wconf 79' lang='lat' dir='ltr'><strong>oui</strong></span> <span class='ocrx_word' id='word_1_113' title='bbox 1413 1684 1439 1746; x_wconf 91' lang='lat' dir='ltr'><strong>ii·</strong></span> 
     </span>
     <span class='ocr_line' id='line_1_14' title="bbox 336 1786 1439 1869; baseline 0 -17"><span class='ocrx_word' id='word_1_114' title='bbox 336 1789 402 1854; x_wconf 88' lang='lat' dir='ltr'><strong>lius</strong></span> <span class='ocrx_word' id='word_1_115' title='bbox 423 1790 551 1856; x_wconf 85' lang='lat' dir='ltr'><strong>decreta</strong></span> <span class='ocrx_word' id='word_1_116' title='bbox 574 1790 701 1853; x_wconf 89' lang='lat' dir='ltr'><strong>minime</strong></span> <span class='ocrx_word' id='word_1_117' title='bbox 723 1791 915 1869; x_wconf 81' lang='lat' dir='ltr'><strong>reciperent.</strong></span> <span class='ocrx_word' id='word_1_118' title='bbox 939 1788 1006 1852; x_wconf 84' lang='lat' dir='ltr'><strong>hlii</strong></span> <span class='ocrx_word' id='word_1_119' title='bbox 1027 1807 1105 1854; x_wconf 81' lang='lat' dir='ltr'><strong>vero</strong></span> <span class='ocrx_word' id='word_1_120' title='bbox 1125 1788 1381 1854; x_wconf 82' lang='lat' dir='ltr'><strong>condemnabant</strong></span> <span class='ocrx_word' id='word_1_121' title='bbox 1396 1786 1439 1869; x_wconf 79' lang='lat' dir='ltr'><strong>Sp·</strong></span> 
     </span>
     <span class='ocr_line' id='line_1_15' title="bbox 338 1887 1438 1968; baseline -0.004 -14"><span class='ocrx_word' id='word_1_122' title='bbox 338 1890 459 1954; x_wconf 88' lang='lat' dir='ltr'><strong>nodum</strong></span> <span class='ocrx_word' id='word_1_123' title='bbox 482 1889 768 1956; x_wconf 84' lang='lat' dir='ltr'><strong>chalcedonensem</strong></span> <span class='ocrx_word' id='word_1_124' title='bbox 782 1899 817 1958; x_wconf 90' lang='lat' dir='ltr'><strong>et</strong></span> <span class='ocrx_word' id='word_1_125' title='bbox 832 1889 947 1954; x_wconf 85' lang='lat' dir='ltr'><strong>Leonis</strong></span> <span class='ocrx_word' id='word_1_126' title='bbox 969 1890 1149 1968; x_wconf 86' lang='lat' dir='ltr'><strong>epistolam.</strong></span> <span class='ocrx_word' id='word_1_127' title='bbox 1174 1887 1258 1952; x_wconf 85' lang='lat' dir='ltr'><strong>Hinc</strong></span> <span class='ocrx_word' id='word_1_128' title='bbox 1280 1887 1438 1954; x_wconf 78' lang='lat' dir='ltr'><strong>mehedia-</strong></span> 
     </span>
     <span class='ocr_line' id='line_1_16' title="bbox 336 1989 1440 2073; baseline -0.008 -15"><span class='ocrx_word' id='word_1_129' title='bbox 336 1993 417 2058; x_wconf 85' lang='lat' dir='ltr'><strong>sidia</strong></span> <span class='ocrx_word' id='word_1_130' title='bbox 439 1995 470 2056; x_wconf 92' lang='lat' dir='ltr'><strong>iu</strong></span> <span class='ocrx_word' id='word_1_131' title='bbox 490 1991 632 2056; x_wconf 83' lang='lat' dir='ltr'><strong>Orientis</strong></span> <span class='ocrx_word' id='word_1_132' title='bbox 652 2001 685 2056; x_wconf 92' lang='lat' dir='ltr'><strong>et</strong></span> <span class='ocrx_word' id='word_1_133' title='bbox 699 1993 882 2059; x_wconf 81' lang='lat' dir='ltr'><strong>Occidentis</strong></span> <span class='ocrx_word' id='word_1_134' title='bbox 899 1994 1045 2072; x_wconf 87' lang='lat' dir='ltr'><strong>partibus</strong></span> <span class='ocrx_word' id='word_1_135' title='bbox 1059 2001 1092 2054; x_wconf 86' lang='lat' dir='ltr'><strong>et</strong></span> <span class='ocrx_word' id='word_1_136' title='bbox 1106 2009 1164 2073; x_wconf 90' lang='lat' dir='ltr'><strong>per</strong></span> <span class='ocrx_word' id='word_1_137' title='bbox 1179 1989 1328 2056; x_wconf 72' lang='lat' dir='ltr'><strong>Africam</strong></span> <span class='ocrx_word' id='word_1_138' title='bbox 1348 1990 1440 2054; x_wconf 80' lang='lat' dir='ltr'><strong>estite-</strong></span> 
     </span>
     <span class='ocr_line' id='line_1_17' title="bbox 338 2091 1440 2172; baseline -0.005 -16"><span class='ocrx_word' id='word_1_139' title='bbox 338 2102 428 2156; x_wconf 82' lang='lat' dir='ltr'><strong>ruut:</strong></span> <span class='ocrx_word' id='word_1_140' title='bbox 444 2109 519 2158; x_wconf 87' lang='lat' dir='ltr'><strong>cum</strong></span> <span class='ocrx_word' id='word_1_141' title='bbox 535 2111 594 2156; x_wconf 91' lang='lat' dir='ltr'><strong>nec</strong></span> <span class='ocrx_word' id='word_1_142' title='bbox 607 2093 781 2156; x_wconf 87' lang='lat' dir='ltr'><strong>orientales</strong></span> <span class='ocrx_word' id='word_1_143' title='bbox 795 2093 936 2172; x_wconf 90' lang='lat' dir='ltr'><strong>episcopi</strong></span> <span class='ocrx_word' id='word_1_144' title='bbox 951 2093 1205 2159; x_wconf 85' lang='lat' dir='ltr'><strong>occidentalibus</strong></span> <span class='ocrx_word' id='word_1_145' title='bbox 1217 2099 1254 2156; x_wconf 91' lang='lat' dir='ltr'><strong>et</strong></span> <span class='ocrx_word' id='word_1_146' title='bbox 1267 2092 1347 2156; x_wconf 81' lang='lat' dir='ltr'><strong>ateis</strong></span> <span class='ocrx_word' id='word_1_147' title='bbox 1360 2091 1440 2154; x_wconf 83' lang='lat' dir='ltr'><strong>socia·</strong></span> 
     </span>
     <span class='ocr_line' id='line_1_18' title="bbox 320 2192 1439 2282; baseline -0.005 -24"><span class='ocrx_word' id='word_1_148' title='bbox 320 2204 476 2282; x_wconf 75' lang='lat' dir='ltr'><strong>¹rentur3</strong></span> <span class='ocrx_word' id='word_1_149' title='bbox 493 2213 551 2258; x_wconf 89' lang='lat' dir='ltr'><strong>nee</strong></span> <span class='ocrx_word' id='word_1_150' title='bbox 572 2195 622 2258; x_wconf 88' lang='lat' dir='ltr'><strong>isti</strong></span> <span class='ocrx_word' id='word_1_151' title='bbox 639 2195 777 2276; x_wconf 79' lang='lat' dir='ltr'><strong>rioissim</strong></span> <span class='ocrx_word' id='word_1_152' title='bbox 797 2197 922 2263; x_wconf 89' lang='lat' dir='ltr'><strong>coirent</strong></span> <span class='ocrx_word' id='word_1_153' title='bbox 938 2215 1013 2262; x_wconf 89' lang='lat' dir='ltr'><strong>oum</strong></span> <span class='ocrx_word' id='word_1_154' title='bbox 1035 2195 1259 2260; x_wconf 85' lang='lat' dir='ltr'><strong>orientalibus.</strong></span> <span class='ocrx_word' id='word_1_155' title='bbox 1287 2192 1439 2260; x_wconf 88' lang='lat' dir='ltr'><strong>lleiodein</strong></span> 
     </span>
     <span class='ocr_line' id='line_1_19' title="bbox 336 2291 1439 2380; baseline -0.004 -20"><span class='ocrx_word' id='word_1_156' title='bbox 336 2313 369 2360; x_wconf 87' lang='lat' dir='ltr'><strong>c.</strong></span> <span class='ocrx_word' id='word_1_157' title='bbox 392 2294 510 2360; x_wconf 80' lang='lat' dir='ltr'><strong>ffll.</strong></span> <span class='ocrx_word' id='word_1_158' title='bbox 529 2296 568 2360; x_wconf 89' lang='lat' dir='ltr'><strong>de</strong></span> <span class='ocrx_word' id='word_1_159' title='bbox 588 2295 711 2378; x_wconf 83' lang='lat' dir='ltr'><strong>Xenaja</strong></span> <span class='ocrx_word' id='word_1_160' title='bbox 736 2299 866 2362; x_wconf 87' lang='lat' dir='ltr'><strong>locutus</strong></span> <span class='ocrx_word' id='word_1_161' title='bbox 889 2299 1024 2368; x_wconf 84' lang='lat' dir='ltr'><strong>scribit:</strong></span> <span class='ocrx_word' id='word_1_162' title='bbox 1051 2296 1237 2380; x_wconf 65' lang='lat' dir='ltr'><strong>«benaias,</strong></span> <span class='ocrx_word' id='word_1_163' title='bbox 1260 2299 1374 2362; x_wconf 90' lang='lat' dir='ltr'><strong>relicto</strong></span> <span class='ocrx_word' id='word_1_164' title='bbox 1391 2291 1439 2358; x_wconf 82' lang='lat' dir='ltr'><strong>lie</strong></span> 
     </span>
     <span class='ocr_line' id='line_1_20' title="bbox 337 2397 1439 2480; baseline -0.005 -17"><span class='ocrx_word' id='word_1_165' title='bbox 337 2399 454 2474; x_wconf 84' lang='lat' dir='ltr'><strong>sterio,</strong></span> <span class='ocrx_word' id='word_1_166' title='bbox 477 2398 516 2461; x_wconf 87' lang='lat' dir='ltr'><strong>ad</strong></span> <span class='ocrx_word' id='word_1_167' title='bbox 539 2397 731 2464; x_wconf 87' lang='lat' dir='ltr'><strong>lliosoorum</strong></span> <span class='ocrx_word' id='word_1_168' title='bbox 761 2408 977 2480; x_wconf 72' lang='lat' dir='ltr'><strong>transgressus</strong></span> <span class='ocrx_word' id='word_1_169' title='bbox 997 2407 1046 2466; x_wconf 89' lang='lat' dir='ltr'><strong>est</strong></span> <span class='ocrx_word' id='word_1_170' title='bbox 1066 2408 1100 2464; x_wconf 90' lang='lat' dir='ltr'><strong>et</strong></span> <span class='ocrx_word' id='word_1_171' title='bbox 1119 2400 1176 2470; x_wconf 49' lang='lat' dir='ltr'><strong>ada</strong></span> <span class='ocrx_word' id='word_1_172' title='bbox 1191 2397 1396 2464; x_wconf 87' lang='lat' dir='ltr'><strong>Theodorou</strong></span> <span class='ocrx_word' id='word_1_173' title='bbox 1411 2412 1439 2458; x_wconf 84' lang='lat' dir='ltr'><strong>ae</strong></span> 
     </span>
     <span class='ocr_line' id='line_1_21' title="bbox 340 2493 1439 2580; baseline 0 -20"><span class='ocrx_word' id='word_1_174' title='bbox 340 2493 576 2563; x_wconf 81' lang='lat' dir='ltr'><strong>Theodoritnm</strong></span> <span class='ocrx_word' id='word_1_175' title='bbox 596 2507 631 2563; x_wconf 92' lang='lat' dir='ltr'><strong>et</strong></span> <span class='ocrx_word' id='word_1_176' title='bbox 644 2499 733 2564; x_wconf 88' lang='lat' dir='ltr'><strong>lbam</strong></span> <span class='ocrx_word' id='word_1_177' title='bbox 756 2508 788 2564; x_wconf 91' lang='lat' dir='ltr'><strong>et</strong></span> <span class='ocrx_word' id='word_1_178' title='bbox 808 2499 946 2580; x_wconf 72' lang='lat' dir='ltr'><strong>Cyrum,</strong></span> <span class='ocrx_word' id='word_1_179' title='bbox 966 2506 999 2564; x_wconf 92' lang='lat' dir='ltr'><strong>et</strong></span> <span class='ocrx_word' id='word_1_180' title='bbox 1022 2497 1228 2566; x_wconf 85' lang='lat' dir='ltr'><strong>Elonterium</strong></span> <span class='ocrx_word' id='word_1_181' title='bbox 1251 2519 1291 2566; x_wconf 88' lang='lat' dir='ltr'><strong>ac</strong></span> <span class='ocrx_word' id='word_1_182' title='bbox 1305 2499 1439 2566; x_wconf 83' lang='lat' dir='ltr'><strong>Josnoen</strong></span> 
     </span>
    </p>
   </div>
   <div class='ocr_carea' id='block_1_5' title="bbox 337 2593 1495 2882">
    <p class='ocr_par' dir='ltr' id='par_1_5' title="bbox 337 2593 1495 2882">
     <span class='ocr_line' id='line_1_22' title="bbox 340 2593 1495 2686; baseline -0.003 -24"><span class='ocrx_word' id='word_1_183' title='bbox 340 2599 489 2678; x_wconf 76' lang='lat' dir='ltr'><strong>aliosque</strong></span> <span class='ocrx_word' id='word_1_184' title='bbox 511 2601 618 2666; x_wconf 88' lang='lat' dir='ltr'><strong>nescio</strong></span> <span class='ocrx_word' id='word_1_185' title='bbox 639 2618 721 2681; x_wconf 88' lang='lat' dir='ltr'><strong>quos</strong></span> <span class='ocrx_word' id='word_1_186' title='bbox 744 2600 829 2665; x_wconf 91' lang='lat' dir='ltr'><strong>unde</strong></span> <span class='ocrx_word' id='word_1_187' title='bbox 849 2601 1014 2671; x_wconf 88' lang='lat' dir='ltr'><strong>collectos.</strong></span> <span class='ocrx_word' id='word_1_188' title='bbox 1032 2599 1082 2672; x_wconf 73' lang='lat' dir='ltr'><strong>Ex</strong></span> <span class='ocrx_word' id='word_1_189' title='bbox 1103 2601 1222 2681; x_wconf 87' lang='lat' dir='ltr'><strong>quibos</strong></span> <span class='ocrx_word' id='word_1_190' title='bbox 1244 2601 1375 2682; x_wconf 86' lang='lat' dir='ltr'><strong>qnidam</strong></span> <span class='ocrx_word' id='word_1_191' title='bbox 1392 2593 1440 2660; x_wconf 82' lang='lat' dir='ltr'><strong>lle</strong></span> <span class='ocrx_word' id='word_1_192' title='bbox 1494 2675 1495 2686; x_wconf 9' lang='grc' dir='ltr'>ἵ</span> 
     </span>
     <span class='ocr_line' id='line_1_23' title="bbox 337 2689 1440 2782; baseline -0.005 -18"><span class='ocrx_word' id='word_1_193' title='bbox 337 2689 431 2766; x_wconf 75' lang='lat' dir='ltr'><strong>stdrii</strong></span> <span class='ocrx_word' id='word_1_194' title='bbox 445 2700 561 2780; x_wconf 73' lang='lat' dir='ltr'><strong>dogma</strong></span> <span class='ocrx_word' id='word_1_195' title='bbox 584 2719 699 2766; x_wconf 81' lang='lat' dir='ltr'><strong>revera</strong></span> <span class='ocrx_word' id='word_1_196' title='bbox 713 2703 825 2764; x_wconf 83' lang='lat' dir='ltr'><strong>secun</strong></span> <span class='ocrx_word' id='word_1_197' title='bbox 848 2700 999 2780; x_wconf 77' lang='lat' dir='ltr'><strong>lueran13</strong></span> <span class='ocrx_word' id='word_1_198' title='bbox 1015 2702 1149 2782; x_wconf 81' lang='lat' dir='ltr'><strong>quidam</strong></span> <span class='ocrx_word' id='word_1_199' title='bbox 1171 2719 1251 2764; x_wconf 80' lang='lat' dir='ltr'><strong>vero</strong></span> <span class='ocrx_word' id='word_1_200' title='bbox 1265 2719 1341 2764; x_wconf 88' lang='lat' dir='ltr'><strong>cum</strong></span> <span class='ocrx_word' id='word_1_201' title='bbox 1361 2700 1389 2760; x_wconf 95' lang='lat' dir='ltr'><strong>i</strong></span> <span class='ocrx_word' id='word_1_202' title='bbox 1399 2713 1440 2760; x_wconf 84' lang='lat' dir='ltr'><strong>sn·</strong></span> 
     </span>
     <span class='ocr_line' id='line_1_24' title="bbox 338 2799 1440 2882; baseline -0.009 -14"><span class='ocrx_word' id='word_1_203' title='bbox 338 2803 513 2881; x_wconf 75' lang='lat' dir='ltr'><strong>opinionem</strong></span> <span class='ocrx_word' id='word_1_204' title='bbox 529 2802 600 2882; x_wconf 73' lang='lat' dir='ltr'><strong>eius</strong></span> <span class='ocrx_word' id='word_1_205' title='bbox 623 2803 857 2876; x_wconf 78' lang='lat' dir='ltr'><strong>miscuissent,</strong></span> <span class='ocrx_word' id='word_1_206' title='bbox 880 2813 989 2882; x_wconf 81' lang='lat' dir='ltr'><strong>postes</strong></span> <span class='ocrx_word' id='word_1_207' title='bbox 1012 2804 1094 2871; x_wconf 85' lang='lat' dir='ltr'><strong>idam</strong></span> <span class='ocrx_word' id='word_1_208' title='bbox 1110 2805 1224 2882; x_wconf 73' lang='lat' dir='ltr'><strong>dogma</strong></span> <span class='ocrx_word' id='word_1_209' title='bbox 1247 2803 1312 2868; x_wconf 82' lang='lat' dir='ltr'><strong>seb</strong></span> <span class='ocrx_word' id='word_1_210' title='bbox 1331 2799 1440 2865; x_wconf 85' lang='lat' dir='ltr'><strong>amtbe·</strong></span> 
     </span>
    </p>
   </div>
   <div class='ocr_carea' id='block_1_6' title="bbox 337 2901 1439 3392">
    <p class='ocr_par' dir='ltr' id='par_1_6' title="bbox 337 2901 1439 3070">
     <span class='ocr_line' id='line_1_25' title="bbox 339 2901 1439 2984; baseline -0.007 -16"><span class='ocrx_word' id='word_1_211' title='bbox 339 2914 424 2968; x_wconf 87' lang='lat' dir='ltr'><strong>mate</strong></span> <span class='ocrx_word' id='word_1_212' title='bbox 439 2904 650 2984; x_wconf 65' lang='lat' dir='ltr'><strong>damnarem</strong></span> <span class='ocrx_word' id='word_1_213' title='bbox 667 2914 699 2968; x_wconf 92' lang='lat' dir='ltr'><strong>at</strong></span> <span class='ocrx_word' id='word_1_214' title='bbox 712 2906 743 2968; x_wconf 95' lang='lat' dir='ltr'><strong>in</strong></span> <span class='ocrx_word' id='word_1_215' title='bbox 759 2903 923 2970; x_wconf 81' lang='lat' dir='ltr'><strong>Ecclesiae</strong></span> <span class='ocrx_word' id='word_1_216' title='bbox 936 2907 1162 2970; x_wconf 85' lang='lat' dir='ltr'><strong>communione</strong></span> <span class='ocrx_word' id='word_1_217' title='bbox 1172 2913 1358 2970; x_wconf 86' lang='lat' dir='ltr'><strong>extremum</strong></span> <span class='ocrx_word' id='word_1_218' title='bbox 1369 2901 1439 2966; x_wconf 85' lang='lat' dir='ltr'><strong>elau·</strong></span> 
     </span>
     <span class='ocr_line' id='line_1_26' title="bbox 337 3006 569 3070; baseline 0 -2"><span class='ocrx_word' id='word_1_219' title='bbox 337 3015 451 3070; x_wconf 87' lang='lat' dir='ltr'><strong>serunt</strong></span> <span class='ocrx_word' id='word_1_220' title='bbox 473 3006 569 3068; x_wconf 86' lang='lat' dir='ltr'><strong>diem.</strong></span> 
     </span>
    </p>

    <p class='ocr_par' dir='ltr' id='par_1_7' title="bbox 340 3104 1439 3392">
     <span class='ocr_line' id='line_1_27' title="bbox 420 3104 1437 3190; baseline -0.001 -21"><span class='ocrx_word' id='word_1_221' title='bbox 420 3128 436 3166; x_wconf 81' lang='lat' dir='ltr'><strong>a</strong></span> <span class='ocrx_word' id='word_1_222' title='bbox 453 3105 533 3182; x_wconf 84' lang='lat' dir='ltr'><strong>lios,</strong></span> <span class='ocrx_word' id='word_1_223' title='bbox 555 3107 672 3190; x_wconf 81' lang='lat' dir='ltr'><strong>inquit,</strong></span> <span class='ocrx_word' id='word_1_224' title='bbox 694 3127 805 3174; x_wconf 90' lang='lat' dir='ltr'><strong>omues</strong></span> <span class='ocrx_word' id='word_1_225' title='bbox 826 3109 998 3176; x_wconf 86' lang='lat' dir='ltr'><strong>nestoriani</strong></span> <span class='ocrx_word' id='word_1_226' title='bbox 1021 3109 1178 3190; x_wconf 78' lang='lat' dir='ltr'><strong>dogmatis</strong></span> <span class='ocrx_word' id='word_1_227' title='bbox 1199 3117 1375 3174; x_wconf 81' lang='lat' dir='ltr'><strong>msertorss</strong></span> <span class='ocrx_word' id='word_1_228' title='bbox 1393 3104 1437 3168; x_wconf 83' lang='lat' dir='ltr'><strong>nisi</strong></span> 
     </span>
     <span class='ocr_line' id='line_1_28' title="bbox 341 3207 1439 3286; baseline -0.004 -18"><span class='ocrx_word' id='word_1_229' title='bbox 341 3209 686 3286; x_wconf 80' lang='lat' dir='ltr'><strong>anathematizaveris,</strong></span> <span class='ocrx_word' id='word_1_230' title='bbox 718 3214 920 3276; x_wconf 84' lang='lat' dir='ltr'><strong>nestorianus</strong></span> <span class='ocrx_word' id='word_1_231' title='bbox 949 3229 1004 3284; x_wconf 84' lang='lat' dir='ltr'><strong>es,</strong></span> <span class='ocrx_word' id='word_1_232' title='bbox 1027 3213 1103 3276; x_wconf 90' lang='lat' dir='ltr'><strong>licet</strong></span> <span class='ocrx_word' id='word_1_233' title='bbox 1133 3209 1327 3281; x_wconf 85' lang='lat' dir='ltr'><strong>Nestorium</strong></span> <span class='ocrx_word' id='word_1_234' title='bbox 1345 3207 1439 3272; x_wconf 83' lang='lat' dir='ltr'><strong>millies</strong></span> 
     </span>
     <span class='ocr_line' id='line_1_29' title="bbox 340 3305 1438 3392; baseline -0.008 -18"><span class='ocrx_word' id='word_1_235' title='bbox 340 3327 415 3374; x_wconf 90' lang='lat' dir='ltr'><strong>cum</strong></span> <span class='ocrx_word' id='word_1_236' title='bbox 430 3311 576 3376; x_wconf 87' lang='lat' dir='ltr'><strong>doctrina</strong></span> <span class='ocrx_word' id='word_1_237' title='bbox 593 3312 691 3391; x_wconf 87' lang='lat' dir='ltr'><strong>ipsius</strong></span> <span class='ocrx_word' id='word_1_238' title='bbox 706 3313 966 3378; x_wconf 79' lang='lat' dir='ltr'><strong>anathematizes.</strong></span> <span class='ocrx_word' id='word_1_239' title='bbox 985 3313 1024 3378; x_wconf 87' lang='lat' dir='ltr'><strong>Et</strong></span> <span class='ocrx_word' id='word_1_240' title='bbox 1036 3313 1163 3392; x_wconf 87' lang='lat' dir='ltr'><strong>scriptis</strong></span> <span class='ocrx_word' id='word_1_241' title='bbox 1177 3314 1275 3376; x_wconf 82' lang='lat' dir='ltr'><strong>etiam</strong></span> <span class='ocrx_word' id='word_1_242' title='bbox 1290 3311 1399 3376; x_wconf 88' lang='lat' dir='ltr'><strong>litteris</strong></span> <span class='ocrx_word' id='word_1_243' title='bbox 1409 3305 1438 3366; x_wconf 82' lang='lat' dir='ltr'><strong>ad</strong></span> 
     </span>
    </p>
   </div>
   <div class='ocr_carea' id='block_1_7' title="bbox 203 3409 1437 3493">
    <p class='ocr_par' dir='ltr' id='par_1_8' title="bbox 203 3409 1437 3493">
     <span class='ocr_line' id='line_1_30' title="bbox 203 3409 1437 3493; baseline 0.004 -19"><span class='ocrx_word' id='word_1_244' title='bbox 203 3459 207 3474; x_wconf 85' lang='lat'><strong>.</strong></span> <span class='ocrx_word' id='word_1_245' title='bbox 342 3411 485 3476; x_wconf 86' lang='lat' dir='ltr'><strong>lautores</strong></span> <span class='ocrx_word' id='word_1_246' title='bbox 508 3411 653 3478; x_wconf 88' lang='lat' dir='ltr'><strong>lliosoorl</strong></span> <span class='ocrx_word' id='word_1_247' title='bbox 676 3413 751 3493; x_wconf 89' lang='lat' dir='ltr'><strong>(alii</strong></span> <span class='ocrx_word' id='word_1_248' title='bbox 775 3413 929 3490; x_wconf 77' lang='lat' dir='ltr'><strong>lliodorii</strong></span> <span class='ocrx_word' id='word_1_249' title='bbox 949 3424 982 3478; x_wconf 87' lang='lat' dir='ltr'><strong>et</strong></span> <span class='ocrx_word' id='word_1_250' title='bbox 1005 3413 1172 3491; x_wconf 82' lang='lat' dir='ltr'><strong>Eutichis,</strong></span> <span class='ocrx_word' id='word_1_251' title='bbox 1194 3433 1258 3490; x_wconf 73' lang='lat' dir='ltr'><strong>eoa</strong></span> <span class='ocrx_word' id='word_1_252' title='bbox 1273 3409 1437 3478; x_wconf 72' lang='lat' dir='ltr'><strong>concitavit·</strong></span> 
     </span>
    </p>
   </div>
   <div class='ocr_carea' id='block_1_8' title="bbox 339 3510 1440 4404">
    <p class='ocr_par' dir='ltr' id='par_1_9' title="bbox 339 3510 1440 4404">
     <span class='ocr_line' id='line_1_31' title="bbox 340 3510 1440 3590; baseline -0.002 -14"><span class='ocrx_word' id='word_1_253' title='bbox 340 3513 479 3577; x_wconf 82' lang='lat' dir='ltr'><strong>suadens</strong></span> <span class='ocrx_word' id='word_1_254' title='bbox 500 3515 544 3578; x_wconf 87' lang='lat' dir='ltr'><strong>eis</strong></span> <span class='ocrx_word' id='word_1_255' title='bbox 567 3525 602 3578; x_wconf 89' lang='lat' dir='ltr'><strong>ut</strong></span> <span class='ocrx_word' id='word_1_256' title='bbox 622 3515 682 3578; x_wconf 89' lang='lat' dir='ltr'><strong>sibi</strong></span> <span class='ocrx_word' id='word_1_257' title='bbox 695 3517 850 3582; x_wconf 79' lang='lat' dir='ltr'><strong>adversus</strong></span> <span class='ocrx_word' id='word_1_258' title='bbox 873 3514 1064 3584; x_wconf 81' lang='lat' dir='ltr'><strong>Flavianum</strong></span> <span class='ocrx_word' id='word_1_259' title='bbox 1086 3513 1212 3580; x_wconf 79' lang='lat' dir='ltr'><strong>auxilio</strong></span> <span class='ocrx_word' id='word_1_260' title='bbox 1226 3527 1323 3590; x_wconf 88' lang='lat' dir='ltr'><strong>esset,</strong></span> <span class='ocrx_word' id='word_1_261' title='bbox 1341 3521 1372 3578; x_wconf 88' lang='lat' dir='ltr'><strong>et</strong></span> <span class='ocrx_word' id='word_1_262' title='bbox 1388 3510 1440 3574; x_wconf 83' lang='lat' dir='ltr'><strong>esi·</strong></span> 
     </span>
     <span class='ocr_line' id='line_1_32' title="bbox 339 3615 1439 3706; baseline 0 -30"><span class='ocrx_word' id='word_1_263' title='bbox 339 3624 452 3693; x_wconf 78' lang='lat' dir='ltr'><strong>gerent</strong></span> <span class='ocrx_word' id='word_1_264' title='bbox 471 3616 512 3678; x_wconf 87' lang='lat' dir='ltr'><strong>ab</strong></span> <span class='ocrx_word' id='word_1_265' title='bbox 525 3635 565 3680; x_wconf 89' lang='lat' dir='ltr'><strong>eo</strong></span> <span class='ocrx_word' id='word_1_266' title='bbox 579 3633 642 3680; x_wconf 94' lang='lat' dir='ltr'><strong>non</strong></span> <span class='ocrx_word' id='word_1_267' title='bbox 656 3617 786 3696; x_wconf 84' lang='lat' dir='ltr'><strong>quidem</strong></span> <span class='ocrx_word' id='word_1_268' title='bbox 804 3623 839 3680; x_wconf 91' lang='lat' dir='ltr'><strong>ut</strong></span> <span class='ocrx_word' id='word_1_269' title='bbox 854 3618 952 3696; x_wconf 88' lang='lat' dir='ltr'><strong>ipsam</strong></span> <span class='ocrx_word' id='word_1_270' title='bbox 970 3615 1147 3706; x_wconf 58' lang='lat' dir='ltr'><strong>spadum,</strong></span> <span class='ocrx_word' id='word_1_271' title='bbox 1169 3618 1224 3682; x_wconf 84' lang='lat' dir='ltr'><strong>sed</strong></span> <span class='ocrx_word' id='word_1_272' title='bbox 1244 3625 1281 3686; x_wconf 86' lang='lat' dir='ltr'><strong>ut</strong></span> <span class='ocrx_word' id='word_1_273' title='bbox 1294 3635 1348 3682; x_wconf 90' lang='lat' dir='ltr'><strong>eas</strong></span> <span class='ocrx_word' id='word_1_274' title='bbox 1365 3615 1439 3676; x_wconf 88' lang='lat' dir='ltr'><strong>dum·</strong></span> 
     </span>
     <span class='ocr_line' id='line_1_33' title="bbox 343 3717 1439 3798; baseline 0.002 -22"><span class='ocrx_word' id='word_1_275' title='bbox 343 3723 432 3781; x_wconf 82' lang='lat' dir='ltr'><strong>texat</strong></span> <span class='ocrx_word' id='word_1_276' title='bbox 453 3735 712 3798; x_wconf 63' lang='lat' dir='ltr'><strong>permansurum</strong></span> <span class='ocrx_word' id='word_1_277' title='bbox 732 3735 829 3798; x_wconf 87' lang='lat' dir='ltr'><strong>supra</strong></span> <span class='ocrx_word' id='word_1_278' title='bbox 853 3721 1014 3787; x_wconf 83' lang='lat' dir='ltr'><strong>nominari</strong></span> <span class='ocrx_word' id='word_1_279' title='bbox 1029 3719 1091 3784; x_wconf 88' lang='lat' dir='ltr'><strong>sub</strong></span> <span class='ocrx_word' id='word_1_280' title='bbox 1111 3720 1316 3784; x_wconf 81' lang='lat' dir='ltr'><strong>anathemate</strong></span> <span class='ocrx_word' id='word_1_281' title='bbox 1330 3717 1439 3781; x_wconf 82' lang='lat' dir='ltr'><strong>danu-</strong></span> 
     </span>
     <span class='ocr_line' id='line_1_34' title="bbox 343 3814 1439 3898; baseline -0.002 -20"><span class='ocrx_word' id='word_1_282' title='bbox 343 3824 431 3880; x_wconf 78' lang='lat' dir='ltr'><strong>rehn</strong></span> <span class='ocrx_word' id='word_1_283' title='bbox 450 3814 562 3882; x_wconf 85' lang='lat' dir='ltr'><strong>llictor</strong></span> <span class='ocrx_word' id='word_1_284' title='bbox 578 3821 764 3886; x_wconf 88' lang='lat' dir='ltr'><strong>tununensis</strong></span> <span class='ocrx_word' id='word_1_285' title='bbox 779 3820 809 3880; x_wconf 93' lang='lat' dir='ltr'><strong>in</strong></span> <span class='ocrx_word' id='word_1_286' title='bbox 834 3817 997 3883; x_wconf 88' lang='lat' dir='ltr'><strong>Chronico</strong></span> <span class='ocrx_word' id='word_1_287' title='bbox 1019 3819 1271 3898; x_wconf 77' lang='lat' dir='ltr'><strong>haeesipnavite</strong></span> <span class='ocrx_word' id='word_1_288' title='bbox 1291 3838 1310 3880; x_wconf 78' lang='lat' dir='ltr'><strong>a</strong></span> <span class='ocrx_word' id='word_1_289' title='bbox 1328 3816 1439 3879; x_wconf 77' lang='lat' dir='ltr'><strong>horda·</strong></span> 
     </span>
     <span class='ocr_line' id='line_1_35' title="bbox 340 3909 1438 4000; baseline 0.005 -21"><span class='ocrx_word' id='word_1_290' title='bbox 340 3917 407 3980; x_wconf 87' lang='lat' dir='ltr'><strong>sius</strong></span> <span class='ocrx_word' id='word_1_291' title='bbox 436 3920 614 4000; x_wconf 82' lang='lat' dir='ltr'><strong>imperator</strong></span> <span class='ocrx_word' id='word_1_292' title='bbox 642 3918 796 3984; x_wconf 82' lang='lat' dir='ltr'><strong>Flaviano</strong></span> <span class='ocrx_word' id='word_1_293' title='bbox 818 3922 1009 3982; x_wconf 89' lang='lat' dir='ltr'><strong>antiocheno</strong></span> <span class='ocrx_word' id='word_1_294' title='bbox 1030 3929 1062 3984; x_wconf 92' lang='lat' dir='ltr'><strong>et</strong></span> <span class='ocrx_word' id='word_1_295' title='bbox 1085 3919 1264 3986; x_wconf 82' lang='lat' dir='ltr'><strong>Philoxeno</strong></span> <span class='ocrx_word' id='word_1_296' title='bbox 1294 3909 1438 3997; x_wconf 71' lang='lat' dir='ltr'><strong>(xanthi</strong></span> 
     </span>
     <span class='ocr_line' id='line_1_36' title="bbox 342 4014 1439 4106; baseline -0.005 -25"><span class='ocrx_word' id='word_1_297' title='bbox 342 4019 579 4099; x_wconf 80' lang='lat' dir='ltr'><strong>hieropolitano</strong></span> <span class='ocrx_word' id='word_1_298' title='bbox 601 4022 818 4102; x_wconf 86' lang='lat' dir='ltr'><strong>praesulibus,</strong></span> <span class='ocrx_word' id='word_1_299' title='bbox 841 4019 1149 4102; x_wconf 82' lang='lat' dir='ltr'><strong>Constantinopolim</strong></span> <span class='ocrx_word' id='word_1_300' title='bbox 1172 4019 1337 4106; x_wconf 75' lang='lat' dir='ltr'><strong>Synodum</strong></span> <span class='ocrx_word' id='word_1_301' title='bbox 1357 4014 1439 4080; x_wconf 89' lang='lat' dir='ltr'><strong>oolle·</strong></span> 
     </span>
     <span class='ocr_line' id='line_1_37' title="bbox 343 4121 1438 4200; baseline -0.002 -16"><span class='ocrx_word' id='word_1_302' title='bbox 343 4121 407 4199; x_wconf 77' lang='lat' dir='ltr'><strong>ptr,</strong></span> <span class='ocrx_word' id='word_1_303' title='bbox 430 4131 463 4186; x_wconf 88' lang='lat' dir='ltr'><strong>ct</strong></span> <span class='ocrx_word' id='word_1_304' title='bbox 484 4130 594 4188; x_wconf 89' lang='lat' dir='ltr'><strong>eontra</strong></span> <span class='ocrx_word' id='word_1_305' title='bbox 619 4122 798 4188; x_wconf 80' lang='lat' dir='ltr'><strong>Diodorum</strong></span> <span class='ocrx_word' id='word_1_306' title='bbox 822 4131 1017 4199; x_wconf 81' lang='lat' dir='ltr'><strong>tarsensem,</strong></span> <span class='ocrx_word' id='word_1_307' title='bbox 1035 4121 1242 4189; x_wconf 87' lang='lat' dir='ltr'><strong>Theodorum</strong></span> <span class='ocrx_word' id='word_1_308' title='bbox 1264 4123 1438 4200; x_wconf 52' lang='lat' dir='ltr'><strong>mopsuest&amp;</strong></span> 
     </span>
     <span class='ocr_line' id='line_1_38' title="bbox 343 4219 1436 4309; baseline 0.002 -25"><span class='ocrx_word' id='word_1_309' title='bbox 343 4239 419 4284; x_wconf 91' lang='lat' dir='ltr'><strong>num</strong></span> <span class='ocrx_word' id='word_1_310' title='bbox 442 4240 516 4285; x_wconf 89' lang='lat' dir='ltr'><strong>cum</strong></span> <span class='ocrx_word' id='word_1_311' title='bbox 538 4225 678 4300; x_wconf 87' lang='lat' dir='ltr'><strong>seriptis,</strong></span> <span class='ocrx_word' id='word_1_312' title='bbox 702 4219 943 4290; x_wconf 88' lang='lat' dir='ltr'><strong>Theodoretum</strong></span> <span class='ocrx_word' id='word_1_313' title='bbox 958 4221 1047 4309; x_wconf 78' lang='lat' dir='ltr'><strong>Cyri,</strong></span> <span class='ocrx_word' id='word_1_314' title='bbox 1072 4225 1158 4288; x_wconf 89' lang='lat' dir='ltr'><strong>lbam</strong></span> <span class='ocrx_word' id='word_1_315' title='bbox 1179 4224 1436 4292; x_wconf 60' lang='lat' dir='ltr'><strong>menonem-u</strong></span> 
     </span>
     <span class='ocr_line' id='line_1_39' title="bbox 342 4321 876 4404; baseline -0.002 -20"><span class='ocrx_word' id='word_1_316' title='bbox 342 4321 468 4395; x_wconf 73' lang='lat' dir='ltr'><strong>lulerre,</strong></span> <span class='ocrx_word' id='word_1_317' title='bbox 483 4325 652 4387; x_wconf 86' lang='lat' dir='ltr'><strong>anathema</strong></span> <span class='ocrx_word' id='word_1_318' title='bbox 675 4324 843 4404; x_wconf 76' lang='lat' dir='ltr'><strong>persuasit.</strong></span> <span class='ocrx_word' id='word_1_319' title='bbox 859 4344 876 4384; x_wconf 86' lang='lat' dir='ltr'><strong>n</strong></span> 
     </span>
    </p>
   </div>
   <div class='ocr_carea' id='block_1_9' title="bbox 0 0 1508 4938">
    <p class='ocr_par' dir='ltr' id='par_1_10' title="bbox 0 0 1508 4938">
     <span class='ocr_line' id='line_1_40' title="bbox 0 0 1508 4938; baseline 0 0"><span class='ocrx_word' id='word_1_320' title='bbox 0 0 1508 4938; x_wconf 95' lang='lat' dir='ltr'><strong> </strong></span> 
     </span>
    </p>
   </div>
  </div>
 </body>
</html>
