2982 4934
347 481 349 486 ·
404 447 463 518 ilis
483 451 524 520 de
538 447 657 518 ilofflni
678 449 740 517 tide
754 448 1071 518 ntscnntsrtmrsm
1085 447 1330 540 Hieronymum,
1344 454 1411 520 iiim

324 553 468 620 succedit
488 554 677 633 notandum,
692 554 780 636 qood
796 555 829 618 in
842 552 997 635 praelatis
1011 555 1128 621 litteris
1148 557 1258 620 scribit
1269 577 1295 621 s.
1311 553 1416 624 onor

323 657 364 721 de
385 659 528 737 procelle
558 666 591 721 et
618 663 821 738 tempestate,
845 676 929 738 quae
949 657 1185 722 minitabantur
1197 657 1347 739 piurimis
1364 676 1417 722 ns·

323 775 390 840 pne
409 756 601 840 nontrupio,
621 759 686 832 scd,
705 759 801 840 flante
821 756 967 837 Domino,
988 759 1103 824 deletas
1123 777 1207 822 esse:
1224 759 1340 840 quihus
1352 758 1415 822 indi·

325 862 413 925 cavit
433 862 679 940 origenistarum
696 861 936 924 haereticorum
957 861 1198 926 extinctionem.
1214 861 1371 937 Attamen,
1382 859 1419 921 di·

325 978 365 1025 co
386 979 459 1042 ego,
482 959 579 1025 dente
600 959 751 1039 Domino,
778 969 998 1043 tempestatem
1020 979 1097 1026 sane
1110 961 1250 1026 deletum
1269 975 1418 1036 esse,oen

326 1063 590 1144 origenistarum,
606 1081 688 1144 qnos
715 1064 1068 1145 haereticos-supponit
1084 1061 1313 1147 Hieronymus,
1334 1078 1417 1143 quun

319 1153 491 1245 'nunqonm
515 1165 594 1230 tales
616 1165 758 1243 inerint,
779 1165 835 1230 sed
857 1164 900 1246 pil
920 1169 955 1230 et
973 1164 1170 1242 orthodoxi,
1192 1182 1251 1230 nec
1269 1163 1340 1228 ideo
1358 1164 1418 1226 istm

327 1263 434 1329 olium
457 1265 597 1329 minitari
619 1263 763 1330 fidelium
785 1265 1014 1346 oeoirnpiome
1035 1265 1091 1331 sed
1113 1283 1241 1343 revere,
1262 1261 1354 1328 deute
1371 1261 1421 1326 ile-

325 1365 426 1442 miuo,
449 1366 628 1454 procellam
648 1385 668 1430 a
691 1363 872 1447 'ineophiio
904 1367 1045 1448 primum
1067 1367 1099 1430 in
1120 1366 1268 1451 Aegypto
1299 1379 1419 1431 menno

324 1471 390 1529 tem
411 1466 568 1532 adsersus
588 1469 827 1544 sanctos-viros,
843 1477 874 1532 et
896 1475 1005 1548 postea
1028 1484 1086 1548 per
1106 1465 1340 1549 Hieronymum
1358 1464 1419 1528 itin·

323 1583 396 1631 som
421 1585 526 1648 usqne
546 1567 585 1630 nd
607 1566 813 1633 Occidentem
829 1569 1012 1645 dilatatam,
1028 1585 1167 1633 comessa
1183 1583 1221 1632 ac
1234 1564 1418 1630 deietsmio·

326 1667 401 1746 isse,
421 1676 590 1748 postquam
606 1666 806 1752 Theophilus
824 1671 867 1732 oh
887 1669 1068 1733 execranda
1089 1669 1189 1750 ipsius
1209 1666 1348 1733 incinere
1361 1681 1420 1728 nos·

327 1769 469 1839 themate
490 1786 663 1851 percussos
683 1780 745 1846 est,
761 1769 908 1835 Romano
922 1769 1081 1847 Pontifici,
1102 1769 1270 1849 episcopis,
1293 1765 1419 1849 principi·

324 1865 387 1932 hos
409 1869 584 1934 universim
604 1871 726 1935 invisus
747 1870 873 1945 incius,
904 1887 965 1936 sua
986 1887 1096 1934 coram
1117 1868 1265 1934 omnihus
1296 1866 1418 1930 revehis

327 1969 473 2051 pertidia.
495 1969 539 2034 Et
559 1971 633 2037 hinc
653 1989 727 2036 cum
758 1970 904 2052 eiusdem
926 1970 1150 2036 humiliatione
1169 1977 1202 2034 et
1222 1964 1420 2034 exeommun'e

325 2071 452 2136 cottone
471 2073 609 2137 cessarit
639 2073 783 2153 procella
805 2073 961 2138 edrersus
990 2081 1118 2138 sanctos
1140 2072 1245 2137 viros:
1262 2071 1263 2076 ’
1279 2087 1357 2153 quos
1373 2067 1418 2131 ille

325 2189 500 2254 perversus
515 2174 685 2238 haereseos
698 2174 906 2255 imaginarius
926 2173 1134 2251 insimulavit,
1148 2172 1356 2254 vulgavitque
1373 2185 1418 2250 ptr

216 2280 219 2286 '
326 2274 440 2338 orbem
461 2274 502 2338 ad
523 2274 717 2356 simplicium
737 2276 936 2352 illusionem,
951 2293 969 2338 u
982 2292 1047 2356 que
1070 2275 1260 2355 praesertim
1281 2291 1344 2339 una
1361 2285 1418 2336 cun

325 2391 352 2440 s.
376 2374 555 2457 Epiphanio
576 2385 690 2459 ceptus
711 2383 760 2442 est
781 2377 849 2459 ipse
868 2395 895 2441 s.
919 2375 1148 2459 Hieronymus.

407 2473 533 2541 idcirco
553 2486 668 2543 cuncte
690 2479 862 2560 hucusque
883 2477 1038 2554 discussa,
1065 2493 1150 2557 ques
1170 2475 1295 2552 Romae
1313 2473 1368 2540 suh
1383 2467 1419 2536 Si·

327 2575 398 2640 ricii
422 2575 717 2659 Pontidcstngesta
738 2585 814 2643 suot
833 2579 974 2647 incaute
996 2577 1194 2658 origeniana,
1216 2573 1375 2642 maniiests
1389 2589 1415 2634 a

324 2659 502 2754 lienium,
523 2697 582 2743 neo
601 2678 776 2760 Oripeoem
795 2697 856 2744 oec
876 2677 1043 2744 iluffinum
1066 2678 1274 2758 interpretem
1304 2687 1417 2740 snorum

324 2775 488 2843 lihrorom
509 2779 594 2843 mnia
616 2783 799 2845 resonuisse
819 2781 852 2842 in
871 2780 1007 2844 oneribus
1029 2775 1192 2842 Pontificio
1212 2783 1246 2840 et
1266 2774 1349 2842 Cleri
1368 2770 1416 2835 ile·

325 2879 425 2959 mani3
447 2896 506 2944 occ
520 2879 736 2961 suspicionem
756 2880 861 2944 uilem
880 2887 956 2942 ante
978 2877 1060 2942 illud
1077 2887 1203 2958 tempos
1224 2893 1337 2940 eorum
1351 2885 1417 2938 metr

327 2984 393 3043 tem
413 2965 685 3060 ingessisse'strm
705 2998 808 3063 praru
829 2979 928 3063 hujus
941 2980 1013 3074 ‚viri
1034 2979 1182 3060 dogmate
1193 2997 1207 3058 3
1236 2977 1282 3041 ita
1302 2975 1417 3054 nt'que

325 3079 499 3146 dammodo
520 3083 732 3149 dubitandum
754 3083 840 3148 toret
860 3083 899 3146 de
918 3083 1042 3146 sionem
1063 3079 1219 3163 sinnida
1239 3088 1273 3144 et
1293 3075 1415 3143 doctrine

325 3181 396 3246 sire
415 3181 448 3245 in
469 3184 665 3264 exponendis
684 3185 785 3250 eucris
805 3181 1132 3264 scripturientem
1154 3183 1253 3247 variis
1270 3173 1417 3244 tractantis

327 3281 369 3346 de
390 3281 560 3364 Reiipione
580 3285 762 3351 Christiana
783 3285 1002 3367 argumentisr
1025 3300 1086 3364 pro
1105 3299 1170 3362 pun
1195 3281 1238 3344 nh
1258 3279 1416 3345 stateem

328 3383 372 3447 tia
394 3401 499 3464 usque
519 3386 559 3449 ed
581 3394 719 3452 mortem
741 3387 793 3467 pie
814 3387 1020 3466 fideliterque
1041 3383 1204 3447 iahorsvit
1223 3380 1356 3453 Auctor,
1374 3374 1416 3438 bo·

328 3501 407 3550 num
437 3492 601 3551 certamen
622 3493 748 3552 certans
768 3487 801 3550 io
833 3486 978 3552 Ecclesia
999 3483 1068 3549 Dei.
1090 3481 1139 3549 Ae
1158 3483 1290 3548 demum
1309 3474 1416 3544 concie·

326 3583 470 3652 deodnm
491 3594 551 3665 est,
584 3605 669 3668 qnae
690 3590 722 3652 in
752 3605 791 3652 oa
811 3587 947 3669 epistole
979 3589 1093 3650 narrat
1111 3602 1138 3648 s.
1162 3569 1415 3667 hieronymis

328 3691 544 3771 praesumptis
563 3689 687 3756 ltomse
712 3688 899 3768 haereticis,
922 3685 1053 3754 ahonde
1072 3703 1171 3772 quens
1191 3702 1210 3752 a
1232 3683 1338 3767 protis
1356 3669 1415 3744 sitit

328 3787 499 3856 audiuisse.

694 3981 1056 4038 ...mam-
