3066 4950
1150 411 1213 483 2⁷5

17 483 23 548 ²
121 513 163 580 tto
181 516 217 581 iis
236 532 374 598 namque
394 517 487 582 minis
506 516 582 582 silet
602 514 793 598 Procopium
809 521 842 582 ci
861 513 1073 583 Cassiodorus
1093 517 1128 581 in
1145 517 1215 582 suis

117 635 151 682 sc
170 617 316 697 praelatis
337 617 494 682 Theodoti
515 627 549 682 et
578 615 759 684 Gndelisae
782 618 927 702 epistolis
957 619 1041 683 banc
1071 618 1228 682 circum·

16 711 26 754 ²
113 721 251 783 stantiam
272 721 401 784 omittit.
432 719 583 785 Secundo
604 722 775 801 perspicus
795 727 933 798 constat,
955 722 1066 785 statim
1085 735 1124 784 ac
1145 719 1218 784 boc·

15 813 23 858 i

15 915 27 958 l

114 821 144 882 in
156 817 418 886 dmslssnntbnrn
435 821 558 886 lacinus
578 821 753 886 admissum
774 831 834 900 est,
850 821 1033 904 quaesitum
1048 821 1148 886 tuisse
1167 821 1221 885 sb'

112 917 314 1003 inperatore,
347 937 423 986 num
456 941 571 986 resera
592 921 779 990 Theodotus
800 923 884 989 istud
906 924 1130 1004 approbasset,
1152 927 1214 988 aut

15 1027 16 1030 ’
112 1022 293 1088 mandasset.
310 1023 395 1088 Etsi
417 1025 457 1087 ab
472 1026 771 1104 investigationibus
792 1033 997 1104 compertum
1013 1023 1126 1090 inisset
1146 1023 1219 1089 taio

111 1132 305 1204 perpetrasse
327 1143 435 1206 regem
460 1126 639 1204 piaculum,
662 1125 799 1202 beilum,
822 1125 927 1206 inquit
949 1123 1140 1206 Procopius,
1164 1123 1221 1188 lue

110 1231 155 1287 sel
172 1225 377 1306 inexpiabile.
412 1223 554 1305 ideoque
577 1223 663 1290 Petri
683 1225 805 1305 legatio
825 1245 867 1290 ox
889 1225 1036 1290 Caesaris
1058 1223 1211 1289 mandato
1338 1311 1341 1316 Ι

108 1323 144 1388 sd
164 1321 386 1404 Tbeodstnrn,
409 1335 441 1392 ot
461 1328 565 1392 silere
583 1323 741 1392 Tbsodati
762 1327 862 1407 ipsius
883 1344 943 1409 por
963 1325 1147 1408 Agapsiunr
1166 1325 1211 1390 ad
1239 1399 1245 1412 ⁸

108 1423 317 1492 Iustinisnum
333 1435 406 1492 ante
422 1425 568 1492 Belisnrii
582 1428 820 1508 expeditionem
835 1428 1040 1508 iactapsunt.
1056 1423 1213 1492 Tantoru-

108 1525 197 1592 modo
217 1525 374 1594 Tbcodsii
390 1538 495 1596 motos
516 1529 660 1595 animum
681 1547 779 1594 suum
796 1529 892 1594 valde
911 1529 1085 1610 permovit,
1107 1531 1152 1592 its
1174 1534 1216 1594 ut

108 1629 196 1694 anxie
215 1631 409 1694 borlsretnr
425 1629 543 1713 Papum
564 1640 602 1695 nt
615 1629 786 1696 Caesarem
807 1631 925 1707 adiret,
940 1631 1036 1712 eique
1055 1625 1213 1695 susderst

17 1737 23 1777 ²
106 1746 138 1793 sa
156 1731 196 1792 ab
221 1731 476 1796 Amslssnnlbse
497 1733 626 1812 reginae
652 1751 731 1797 nece
760 1741 954 1797 extraneum
974 1734 1104 1796 omnino
1133 1731 1220 1798 iuis:

15 2459 17 2500 i

105 1849 147 1907 ss,
167 1849 205 1898 sc
225 1835 296 1912 ipso
316 1835 430 1909 invito,
460 1835 675 1899 commissam.
700 1832 741 1898 Et
760 1835 845 1898 istud
868 1853 927 1916 per
951 1835 1101 1899 eumdem
1122 1834 1220 1916 Aps·-¹

104 1941 208 2010 patum
229 1932 418 1998 Tbeodatus
438 1935 564 2000 studuit
592 1935 791 2013 persuadere
820 1932 1016 2009 Jnsilnisuo,
1048 1935 1156 1998 diceas
1176 1953 1221 2000 se

104 2027 274 2111 coaddcre,
295 2053 338 2100 ex
358 2035 418 2098 buc
438 2033 545 2114 Papae
572 2034 732 2115 legatione
753 2051 863 2098 omues
883 2034 1118 2116 componendos
1140 2034 1219 2100 iore·

102 2135 291 2212 simultates,
311 2136 470 2216 nullaque
491 2137 616 2202 ratione
637 2137 725 2218 pscis
744 2135 873 2201 stncuia
891 2136 959 2218 jam
979 2137 1078 2202 initae
1098 2135 1222 2202 dissolv
1255 2193 1261 2208 ,

104 2237 215 2313 reads,
238 2237 419 2319 quinimmo
441 2237 541 2318 magis
561 2237 757 2302 roboranda.
1217 2285 1222 2296 .

175 2333 373 2420 Huiusmodi
389 2355 490 2418 porro
510 2339 668 2417 obsequii,
694 2337 873 2404 allectionis
887 2345 920 2404 ct
941 2337 1215 2418 mansuetndinis,

102 2437 214 2504 iudicis
239 2439 385 2522 undique
405 2441 437 2503 iu
458 2440 521 2517 bis,
536 2457 617 2520 quas
637 2440 787 2519 praemisi
809 2439 973 2520 epistolas,
995 2448 1084 2517 nota,
1106 2438 1213 2504 'l'beo-

15 2563 16 2600 ι
102 2541 165 2606 dati
185 2543 332 2606 smmum
353 2557 417 2606 non
439 2549 565 2606 trucem
589 2539 800 2622 palmacium,
822 2542 877 2604 sed
900 2540 1075 2606 admodum
1096 2540 1219 2606 densis-r

100 2660 169 2706 snm
184 2651 217 2709 et
237 2643 405 2726 palidum,
422 2643 503 2706 sdeo
519 2650 556 2706 ut
576 2642 786 2717 excludatur,
803 2643 889 2723 quod
905 2641 1077 2709 Liberatus
1097 2649 1211 2709 derret

102 2743 141 2808 ds
154 2745 422 2827 interremptions
435 2752 636 2819 senatorum,
653 2763 794 2808 uxorum
808 2763 943 2808 suarum
958 2751 992 2810 ct
1005 2745 1148 2812 illiorum
1169 2763 1212 2810 ox

101 2843 257 2912 'l'beodati
276 2845 371 2929 iussn
393 2845 599 2928 perficienda,
620 2847 678 2910 nist
702 2845 787 2925 Papa
810 2855 843 2912 ct
866 2855 1033 2912 senatorer
1054 2846 1096 2909 ab
1118 2845 1212 2912 ltsiis

100 2955 290 3013 amoverent
322 2947 505 3028 imperiales
536 2946 654 3025 coplas.
679 2947 726 3010 Ac
748 2955 917 3027 praeterea
939 2949 1113 3014 ostendunt
1133 2967 1214 3013 non·

101 3048 177 3114 duur
198 3051 283 3114 bane
297 3054 479 3126 susceptam
500 3065 570 3112 csse
590 3047 851 3128 expeditionem:
869 3051 1070 3132 proindeque
1090 3050 1214 3115 isisita·

100 3159 131 3218 te
150 3150 318 3223 laborare,
332 3149 421 3230 quod
438 3148 607 3214 Liberatus
627 3151 778 3229 supponit
800 3150 838 3214 de
860 3151 899 3212 ab
915 3149 1008 3216 italia
1029 3153 1212 3218 amovendo

98 3246 261 3328 exercitu,
276 3270 352 3316 cnm
373 3251 515 3318 noudum
536 3251 602 3314 buc
621 3235 800 3314 adsereret
812 3247 1002 3316 Belisarins.
1026 3253 1163 3334 agapeti
1178 3272 1213 3318 s-

99 3355 164 3418 nina
184 3355 309 3434 lepstin
330 3371 449 3418 anunm
471 3351 585 3418 saliem
609 3351 685 3414 bnic
706 3358 927 3431 praecesserat
946 3353 1154 3433 expeditioni.
1177 3353 1212 3420 Si

98 3453 198 3536 igilur
219 3454 387 3535 dgspotns
408 3470 472 3518 una
488 3471 563 3520 cunr
584 3451 684 3520 Petro
699 3453 765 3532 (coi
787 3453 957 3518 commissa
979 3454 1042 3518 init
1056 3472 1136 3520 cnra
1156 3473 1213 3521 ns-

99 3555 144 3622 ois
164 3563 320 3622 auctores
336 3553 558 3634 inrestigsndi,
574 3562 611 3619 ut
632 3554 706 3617 ideo
725 3555 849 3620 certior
869 3555 917 3620 rei
938 3555 1045 3622 taclm
1058 3554 1214 3623 iustinia-

98 3671 141 3720 ιο
162 3655 402 3737 responderet)
423 3653 733 3738 consunuaopoiim
763 3657 861 3730 venit,
888 3656 1033 3739 epistolis
1053 3656 1211 3724 Tbeodsti

98 3763 130 3822 et
143 3755 327 3824 Gudsiinae
348 3758 507 3832 munitus,
522 3759 688 3838 praesumi
700 3761 828 3840 nequit,
850 3756 1044 3824 Belisnrium
1057 3759 1125 3842 jum
1138 3749 1213 3843 per·

100 3857 222 3926 rasisse
245 3857 387 3935 ltaliam,
417 3857 526 3924 adbuc
548 3855 637 3923 Petri
661 3857 829 3940 legationis
850 3861 958 3926 exitus
978 3861 1086 3926 nescio
1108 3859 1214 3942 impc-

100 3971 225 4024 [diom-

177 4061 339 4126 Similitcr
357 4062 390 4124 in
412 4059 474 4126 boc
495 4059 624 4126 mentiri
640 4059 770 4126 ridetur
780 4057 965 4138 Liberatus,
987 4067 1133 4126 asserens
1154 4059 1213 4126 Pa·

98 4177 188 4240 pens,
204 4160 261 4224 nbi
276 4161 588 4242 constantinopolin
608 4161 767 4240 introisti,
790 4161 879 4226 siros
891 4162 951 4226 sibi
971 4181 989 4223 a
1006 4161 1145 4228 Caesare
1165 4162 1213 4224 di·

99 4272 224 4342 rectos,
246 4262 424 4334 bonoridco
444 4272 641 4346 apparenter
667 4264 857 4346 suscepisse,
880 4266 1054 4346 animoque
1073 4265 1213 4346 sprevis-
