3028 4942
365 341 427 414 lid

260 445 264 453 “
365 470 441 515 num
458 451 621 518 laborasse
636 454 667 516 in
682 455 828 518 versione
841 453 1003 520 librorum
1020 452 1214 519 Periarcbon
1222 473 1234 535 3
1250 474 1287 520 ac
1307 457 1377 518 item
1389 457 1443 520 ideo

218 1605 224 1628 t
355 1587 408 1632 mo
429 1586 468 1632 ae
490 1568 636 1632 Romano
658 1567 811 1631 Pontiflce
834 1570 939 1649 palam
962 1580 1066 1650 negat.

363 565 490 617 constat
503 556 627 630 ambos,
645 555 771 619 codices
783 573 917 636 graecos
927 557 988 621 sub
1000 555 1148 638 Origenis
1163 558 1288 620 nomine
1308 557 1363 620 sibi
1376 577 1442 620 con·

362 667 523 736 parantes,
547 658 628 720 hane
649 658 829 737 explevisse
852 658 1110 738 translationem
1133 661 1164 720 in
1185 677 1248 740 qna
1270 663 1386 740 pariter
1403 660 1442 722 uni

361 758 448 820 aiter
461 757 640 821 obtestatus
661 765 722 836 eat,
735 775 769 820 se
789 777 823 820 se
838 757 987 835 iidciiter,
1011 770 1109 838 prout
1125 757 1354 840 legebaotorin
1374 779 1443 842 grae·

360 879 412 935 co,
433 860 531 937 iatine
554 860 696 922 vertisse.
719 857 880 934 Quocirca
896 877 969 922 cum
991 877 1048 922 nos
1069 869 1101 921 et
1122 858 1311 943 Hieronymi
1331 871 1360 924 et
1381 860 1443 924 liel-

360 961 426 1036 lini,
445 969 481 1046 ut
498 961 601 1034 decet,
617 961 786 1040 ingenuam
803 961 1011 1025 admittamus
1025 960 1268 1039 eoniessionem,
1283 963 1362 1027 iilud
1382 981 1444 1042 qun

359 1079 424 1142 que
444 1064 676 1142 consequitur,
709 1063 835 1125 codices
857 1063 940 1126 idom
962 1073 1190 1142 argumentum
1222 1072 1443 1145 pertractantes,

358 1183 440 1244 qnos
462 1175 601 1244 uterque
621 1166 699 1245 legit
716 1165 895 1244 ¹vertitque,
920 1164 1013 1227 valde
1034 1168 1118 1228 inter
1137 1185 1170 1228 se
1187 1169 1316 1232 variare
1336 1168 1374 1229 ob
1393 1184 1445 1228 sen

356 1283 411 1330 sos
432 1266 690 1346 discrepantiam,
705 1269 782 1328 satis
804 1268 833 1326 io
849 1283 963 1328 eorum
985 1267 1158 1330 collatione
1181 1269 1387 1331 manifestam.
1403 1265 1443 1328 lii·

355 1367 382 1429 si
397 1368 483 1446 qnod
498 1366 715 1447 Hieronymus
730 1368 828 1430 audet
842 1367 1042 1447 exprobrare
1056 1367 1186 1432 iiuiilno
1202 1369 1360 1432 detextus
1374 1387 1445 1448 graa-

355 1467 384 1529 ci
406 1469 569 1547 originalis
592 1468 780 1531 falsatione:
797 1487 895 1547 quam
917 1485 985 1530 rem
1007 1467 1158 1532 Rnillnus
1176 1489 1284 1534 coram
1308 1468 1445 1552 Hierony·

441 1669 587 1744 ideirco,
610 1672 846 1734 conditionibus
867 1673 1025 1751 acceptis,
1059 1691 1116 1736 nec
1138 1672 1371 1756 Hieronymum
1402 1689 1445 1732 nec

356 1771 524 1836 liniilnnm
546 1773 695 1852 proprios
716 1771 875 1852 cujusque
896 1773 1021 1836 codices
1043 1791 1194 1853 graecos,
1220 1776 1275 1838 nbi
1299 1775 1370 1836 iibri
1389 1789 1446 1834 eon·

355 1875 539 1936 tinebaotor
560 1871 776 1948 Perioreimn,
800 1883 962 1948 mutasse,
981 1876 1035 1937 sed
1058 1893 1126 1938 esse
1149 1875 1232 1955 ipsos
1258 1875 1393 1938 fideliter
1411 1874 1445 1931 ie

355 1981 571 2054 terpretatos3
587 1991 727 2054 consque
743 1982 887 2038 ceterum
903 1974 1114 2037 differentiam
1131 1977 1213 2038 inter
1227 1977 1393 2054 utriusque
1405 1989 1445 2032 co

351 2073 436 2137 dices
449 2075 619 2136 maximam
643 2074 840 2136 intercedere
862 2075 1029 2162 probetur,
1046 2094 1105 2138 ceu
1128 2084 1219 2137 antea
1242 2093 1338 2156 saepe
1358 2081 1443 2135 osten·

280 2169 283 2178 '
353 2174 471 2250 dimus,
488 2174 668 2236 necessario
690 2175 947 2238 concludendum
963 2171 1023 2252 est,
1046 2185 1105 2240 ant
1126 2176 1249 2240 liuliini
1271 2187 1329 2239 aut
1350 2173 1444 2236 Hiero·

351 2277 437 2356 nymi
459 2276 585 2338 codices
605 2293 667 2336 non
689 2292 706 2337 a
728 2277 860 2356 seipsis,
890 2278 943 2340 sed
966 2297 1007 2340 ex
1028 2280 1168 2342 aliorum
1192 2279 1326 2358 perfidia
1349 2291 1444 2341 corru-

353 2385 423 2456 ptos
442 2377 510 2438 sive
531 2376 751 2455 interpolatos,
767 2387 799 2440 et
819 2379 949 2457 quidem
970 2397 1033 2442 non
1055 2382 1085 2441 in
1106 2380 1314 2459 quibusdam,
1336 2389 1390 2442 ant
1407 2375 1442 2436 le

355 2477 401 2538 ria
422 2478 574 2538 momenti
589 2477 847 2555 quaestionibus,
864 2488 913 2541 ast
928 2479 959 2541 in
981 2481 1130 2558 pluribus
1146 2489 1178 2542 et
1193 2481 1370 2560 gravissimi
1385 2491 1444 2558 pon·

351 2575 436 2640 deris
450 2580 660 2658 argumentis,
674 2579 722 2640 uti
746 2580 776 2640 in
802 2580 956 2660 praelatis
978 2581 1158 2644 discussum
1181 2591 1238 2644 est.
1263 2580 1334 2645 Hoc
1354 2587 1443 2642 autem

352 2678 605 2742 manifestissime
618 2679 736 2742 indicat
751 2679 969 2766 Hieronymus
986 2686 1016 2745 in
1033 2682 1130 2745 Libro
1144 2681 1184 2746 li.
1198 2702 1228 2746 n.
1246 2681 1443 2747 lindissem

350 2779 498 2842 eamdem
521 2778 689 2844 Rniiinum
718 2782 886 2860 inquienss
904 2801 919 2841 a
936 2780 1063 2846 Utinam
1087 2782 1236 2859 fecisses,
1257 2785 1345 2864 quod
1368 2793 1442 2857 ront-

351 2883 419 2940 ium
442 2888 472 2941 te
493 2899 560 2942 esse
581 2879 734 2960 simulas,
758 2883 839 2944 ouili
862 2898 947 2946 nnnc
980 2883 1117 2946 insidiae
1139 2885 1339 2964 subjaceres.
1369 2881 1397 2945 Si
1416 2887 1442 2938 ln
1494 2945 1495 2964 ,

350 2978 567 3043 translationis
594 3000 754 3044 servasses
776 2982 884 3056 iidem,
908 2983 986 3045 mihi
1008 2985 1178 3046 necessitas
1200 3003 1262 3047 non
1283 2984 1393 3047 inisset
1409 2979 1445 3039 in·
1494 2977 1495 3048 l

351 3084 613 3160 terpretationem
630 3081 742 3146 laissm
762 3103 836 3147 vera
860 3079 1124 3165 interpretatione
1138 3086 1342 3148 subvertere.
1364 3079 1445 3145 Nonii

350 3184 542 3246 conscientia
561 3196 627 3260 tua,
646 3203 731 3265 qnae
750 3185 925 3262 addideris,
940 3206 1024 3266 quae
1044 3188 1258 3261 subtraxeris,
1281 3205 1364 3266 quae
1377 3185 1404 3244 in
1417 3197 1444 3240 tt·

351 3291 499 3364 tramqne
522 3295 662 3364 partem,
686 3295 723 3350 nt
746 3288 800 3349 tibi
825 3288 927 3350 risum
952 3289 1077 3363 inerit,
1110 3289 1303 3352 immutaris.
1329 3285 1368 3352 t-:t
1387 3287 1443 3362 post
1494 3295 1495 3336 t

352 3386 431 3448 haec
455 3387 561 3449 dicere
585 3388 698 3460 andes,
721 3388 809 3468 quod
834 3401 865 3451 et
888 3391 968 3452 bona
991 3389 1120 3453 etmola
1143 3407 1205 3452 non
1228 3389 1295 3466 tibi,
1317 3386 1370 3451 sed
1390 3383 1442 3444 lu·

223 3494 228 3510 '
350 3486 432 3548 olori
456 3486 592 3548 debeant
614 3489 768 3566 imputari
789 3475 850 3550 et'c.
867 3509 884 3546 n

420 3585 542 3667 ‘ltaque
557 3606 630 3650 cnm
652 3607 692 3650 ex
717 3589 898 3669 praemissis
918 3599 1053 3664 constet,
1072 3592 1161 3653 toria
1178 3587 1371 3653 Periorcbon
1390 3597 1442 3644 mt·
1494 3661 1495 3668 ἵ

349 3691 510 3767 nuseripta
533 3690 657 3768 legisse,
677 3693 874 3771 vertisseque
894 3690 1060 3754 linilinnm
1082 3701 1115 3754 et
1134 3689 1378 3773 Hieronymum,
1391 3683 1441 3744 dis·
1494 3699 1495 3760 ,

347 3791 540 3868 quirendum
562 3801 723 3870 superest,
747 3793 877 3854 ubinam
907 3793 1063 3871 genuinus
1087 3795 1238 3856 ductoris
1264 3784 1399 3854 sensns?
1416 3782 1439 3842 in
1494 3845 1495 3858 ,

348 3890 512 3952 codicibus
535 3887 736 3976 Hieronymi,
753 3909 793 3954 an
809 3894 915 3971 potius
934 3891 1127 3957 aaronitas
1146 3894 1223 3956 telis
1238 3889 1356 3954 Rudini
1370 3882 1440 3950 cudi
1494 3865 1495 3952 l

348 4009 400 4054 ces
421 3991 531 4054 alteris
553 3991 718 4071 praeferre
740 3992 941 4074 Hieronymi,
965 3994 1181 4074 copiosissima
1204 4011 1242 4056 ac
1263 3985 1437 4053 vsttotsstma
1494 4027 1495 4034 κ

347 4103 536 4170 argumenta
558 4096 590 4156 in
613 4095 673 4158 hoc
696 4095 750 4156 tibi
778 4097 1004 4175 acquiescent;
1037 4113 1075 4158 ac
1096 4095 1284 4174 praesertim
1307 4083 1438 4168 origenis

344 4195 527 4273 secumipso
548 4197 748 4274 consonatio,
771 4198 868 4260 sicuti
890 4215 963 4264 cunt
986 4195 1134 4276 dogmate
1157 4194 1339 4267 catholico,
1365 4181 1436 4268 qued
