<?xml version="1.0" encoding="UTF-8"?>
<!DOCTYPE html PUBLIC "-//W3C//DTD XHTML 1.0 Transitional//EN"
    "http://www.w3.org/TR/xhtml1/DTD/xhtml1-transitional.dtd">
<html xmlns="http://www.w3.org/1999/xhtml" xml:lang="en" lang="en">
 <head>
  <title>
</title>
<meta http-equiv="Content-Type" content="text/html;charset=utf-8" />
  <meta name='ocr-system' content='tesseract 3.04.00' />
  <meta name='ocr-capabilities' content='ocr_page ocr_carea ocr_par ocr_line ocrx_word'/>
</head>
<body>
  <div class='ocr_page' id='page_1' title='image "./insgregoriinyss01vincgoog/insgregoriinyss01vincgoog_0250.png"; bbox 0 0 2982 4934; ppageno 0'>
   <div class='ocr_carea' id='block_1_1' title="bbox 1098 361 1159 430">
    <p class='ocr_par' dir='ltr' id='par_1_1' title="bbox 1098 361 1159 430">
     <span class='ocr_line' id='line_1_1' title="bbox 1098 361 1159 430; baseline 0 0"><span class='ocrx_word' id='word_1_1' title='bbox 1098 361 1159 430; x_wconf 70' lang='lat'><strong>229</strong></span> 
     </span>
    </p>
   </div>
   <div class='ocr_carea' id='block_1_2' title="bbox 13 469 1245 4286">
    <p class='ocr_par' dir='ltr' id='par_1_2' title="bbox 13 469 1245 2068">
     <span class='ocr_line' id='line_1_2' title="bbox 47 469 1154 553; baseline -0.004 -17"><span class='ocrx_word' id='word_1_2' title='bbox 47 471 235 548; x_wconf 87' lang='lat' dir='ltr'><strong>sacerdotio,</strong></span> <span class='ocrx_word' id='word_1_3' title='bbox 250 477 282 537; x_wconf 87' lang='lat' dir='ltr'><strong>et</strong></span> <span class='ocrx_word' id='word_1_4' title='bbox 295 472 394 537; x_wconf 88' lang='lat' dir='ltr'><strong>olium</strong></span> <span class='ocrx_word' id='word_1_5' title='bbox 410 472 575 553; x_wconf 81' lang='lat' dir='ltr'><strong>praeliciat</strong></span> <span class='ocrx_word' id='word_1_6' title='bbox 589 473 775 552; x_wconf 86' lang='lat' dir='ltr'><strong>episcopum</strong></span> <span class='ocrx_word' id='word_1_7' title='bbox 790 471 937 534; x_wconf 79' lang='lat' dir='ltr'><strong>civitatis.</strong></span> <span class='ocrx_word' id='word_1_8' title='bbox 948 469 1010 535; x_wconf 87' lang='lat' dir='ltr'><strong>Cui</strong></span> <span class='ocrx_word' id='word_1_9' title='bbox 1024 487 1154 549; x_wconf 89' lang='lat' dir='ltr'><strong>respon·</strong></span> 
     </span>
     <span class='ocr_line' id='line_1_3' title="bbox 48 575 1152 666; baseline -0.001 -30"><span class='ocrx_word' id='word_1_10' title='bbox 48 575 121 666; x_wconf 76' lang='lat' dir='ltr'><strong>dens</strong></span> <span class='ocrx_word' id='word_1_11' title='bbox 141 575 338 656; x_wconf 77' lang='lat' dir='ltr'><strong>Epiphanius</strong></span> <span class='ocrx_word' id='word_1_12' title='bbox 354 577 421 639; x_wconf 76' lang='lat' dir='ltr'><strong>aits</strong></span> <span class='ocrx_word' id='word_1_13' title='bbox 439 577 502 640; x_wconf 83' lang='lat' dir='ltr'><strong>«st</strong></span> <span class='ocrx_word' id='word_1_14' title='bbox 517 576 608 658; x_wconf 84' lang='lat' dir='ltr'><strong>ejus,</strong></span> <span class='ocrx_word' id='word_1_15' title='bbox 624 593 722 654; x_wconf 87' lang='lat' dir='ltr'><strong>quam</strong></span> <span class='ocrx_word' id='word_1_16' title='bbox 738 575 828 649; x_wconf 88' lang='lat' dir='ltr'><strong>dicis,</strong></span> <span class='ocrx_word' id='word_1_17' title='bbox 846 575 986 637; x_wconf 86' lang='lat' dir='ltr'><strong>haeresis</strong></span> <span class='ocrx_word' id='word_1_18' title='bbox 1002 591 1078 638; x_wconf 85' lang='lat' dir='ltr'><strong>reus</strong></span> <span class='ocrx_word' id='word_1_19' title='bbox 1091 579 1152 648; x_wconf 89' lang='lat' dir='ltr'><strong>est,</strong></span> 
     </span>
     <span class='ocr_line' id='line_1_4' title="bbox 47 677 1155 757; baseline 0.005 -21"><span class='ocrx_word' id='word_1_20' title='bbox 47 684 76 736; x_wconf 89' lang='lat' dir='ltr'><strong>et</strong></span> <span class='ocrx_word' id='word_1_21' title='bbox 94 678 298 742; x_wconf 76' lang='lat' dir='ltr'><strong>convincitur</strong></span> <span class='ocrx_word' id='word_1_22' title='bbox 318 679 471 754; x_wconf 87' lang='lat' dir='ltr'><strong>loannes,</strong></span> <span class='ocrx_word' id='word_1_23' title='bbox 485 697 545 742; x_wconf 87' lang='lat' dir='ltr'><strong>nee</strong></span> <span class='ocrx_word' id='word_1_24' title='bbox 564 695 598 742; x_wconf 88' lang='lat' dir='ltr'><strong>se</strong></span> <span class='ocrx_word' id='word_1_25' title='bbox 621 677 743 741; x_wconf 86' lang='lat' dir='ltr'><strong>latetur</strong></span> <span class='ocrx_word' id='word_1_26' title='bbox 763 695 923 757; x_wconf 78' lang='lat' dir='ltr'><strong>peccasse,</strong></span> <span class='ocrx_word' id='word_1_27' title='bbox 945 677 1092 757; x_wconf 90' lang='lat' dir='ltr'><strong>indignus</strong></span> <span class='ocrx_word' id='word_1_28' title='bbox 1106 687 1155 742; x_wconf 89' lang='lat' dir='ltr'><strong>est</strong></span> 
     </span>
     <span class='ocr_line' id='line_1_5' title="bbox 47 777 1153 860; baseline 0.003 -20"><span class='ocrx_word' id='word_1_29' title='bbox 47 777 243 856; x_wconf 81' lang='lat' dir='ltr'><strong>sacerdoti03</strong></span> <span class='ocrx_word' id='word_1_30' title='bbox 260 787 292 845; x_wconf 87' lang='lat' dir='ltr'><strong>et</strong></span> <span class='ocrx_word' id='word_1_31' title='bbox 310 779 415 860; x_wconf 80' lang='lat' dir='ltr'><strong>siquid</strong></span> <span class='ocrx_word' id='word_1_32' title='bbox 434 779 527 859; x_wconf 85' lang='lat' dir='ltr'><strong>jobel</strong></span> <span class='ocrx_word' id='word_1_33' title='bbox 550 785 693 842; x_wconf 86' lang='lat' dir='ltr'><strong>vestrum</strong></span> <span class='ocrx_word' id='word_1_34' title='bbox 716 778 899 857; x_wconf 82' lang='lat' dir='ltr'><strong>imperium,</strong></span> <span class='ocrx_word' id='word_1_35' title='bbox 922 777 1019 841; x_wconf 88' lang='lat' dir='ltr'><strong>iocict</strong></span> <span class='ocrx_word' id='word_1_36' title='bbox 1037 795 1153 843; x_wconf 85' lang='lat' dir='ltr'><strong>serres</strong></span> 
     </span>
     <span class='ocr_line' id='line_1_6' title="bbox 50 876 1153 964; baseline 0.005 -28"><span class='ocrx_word' id='word_1_37' title='bbox 50 885 160 938; x_wconf 64' lang='lat' dir='ltr'><strong>aeter.</strong></span> <span class='ocrx_word' id='word_1_38' title='bbox 183 876 216 941; x_wconf 91' lang='lat' dir='ltr'><strong>Si</strong></span> <span class='ocrx_word' id='word_1_39' title='bbox 237 889 348 942; x_wconf 84' lang='lat' dir='ltr'><strong>antem</strong></span> <span class='ocrx_word' id='word_1_40' title='bbox 369 897 430 958; x_wconf 88' lang='lat' dir='ltr'><strong>pro</strong></span> <span class='ocrx_word' id='word_1_41' title='bbox 453 889 559 952; x_wconf 80' lang='lat' dir='ltr'><strong>vestra</strong></span> <span class='ocrx_word' id='word_1_42' title='bbox 582 880 697 964; x_wconf 84' lang='lat' dir='ltr'><strong>injuria</strong></span> <span class='ocrx_word' id='word_1_43' title='bbox 720 879 849 958; x_wconf 81' lang='lat' dir='ltr'><strong>quaeris</strong></span> <span class='ocrx_word' id='word_1_44' title='bbox 864 878 1020 944; x_wconf 84' lang='lat' dir='ltr'><strong>loannem</strong></span> <span class='ocrx_word' id='word_1_45' title='bbox 1042 878 1153 958; x_wconf 80' lang='lat' dir='ltr'><strong>expel-</strong></span> 
     </span>
     <span class='ocr_line' id='line_1_7' title="bbox 47 974 1152 1060; baseline 0.002 -23"><span class='ocrx_word' id='word_1_46' title='bbox 47 974 110 1038; x_wconf 90' lang='lat' dir='ltr'><strong>lere</strong></span> <span class='ocrx_word' id='word_1_47' title='bbox 130 977 170 1037; x_wconf 91' lang='lat' dir='ltr'><strong>ab</strong></span> <span class='ocrx_word' id='word_1_48' title='bbox 190 977 340 1053; x_wconf 88' lang='lat' dir='ltr'><strong>ecclesia,</strong></span> <span class='ocrx_word' id='word_1_49' title='bbox 361 995 476 1042; x_wconf 84' lang='lat' dir='ltr'><strong>servus</strong></span> <span class='ocrx_word' id='word_1_50' title='bbox 497 990 571 1043; x_wconf 90' lang='lat' dir='ltr'><strong>tuos</strong></span> <span class='ocrx_word' id='word_1_51' title='bbox 585 978 784 1060; x_wconf 80' lang='lat' dir='ltr'><strong>Epiphanius</strong></span> <span class='ocrx_word' id='word_1_52' title='bbox 797 978 828 1040; x_wconf 90' lang='lat' dir='ltr'><strong>in</strong></span> <span class='ocrx_word' id='word_1_53' title='bbox 845 980 906 1040; x_wconf 91' lang='lat' dir='ltr'><strong>hoe</strong></span> <span class='ocrx_word' id='word_1_54' title='bbox 927 997 988 1040; x_wconf 91' lang='lat' dir='ltr'><strong>oon</strong></span> <span class='ocrx_word' id='word_1_55' title='bbox 1002 980 1152 1040; x_wconf 72' lang='lat' dir='ltr'><strong>essentie·</strong></span> 
     </span>
     <span class='ocr_line' id='line_1_8' title="bbox 49 1069 1152 1160; baseline 0.002 -22"><span class='ocrx_word' id='word_1_56' title='bbox 49 1085 106 1139; x_wconf 88' lang='lat' dir='ltr'><strong>tur.</strong></span> <span class='ocrx_word' id='word_1_57' title='bbox 135 1077 219 1141; x_wconf 85' lang='lat' dir='ltr'><strong>Cum</strong></span> <span class='ocrx_word' id='word_1_58' title='bbox 240 1088 350 1143; x_wconf 87' lang='lat' dir='ltr'><strong>antem</strong></span> <span class='ocrx_word' id='word_1_59' title='bbox 372 1079 457 1142; x_wconf 85' lang='lat' dir='ltr'><strong>latua</strong></span> <span class='ocrx_word' id='word_1_60' title='bbox 479 1069 863 1158; x_wconf 62' lang='lat' dir='ltr'><strong>civitatem&#39;perrsserit,</strong></span> <span class='ocrx_word' id='word_1_61' title='bbox 889 1077 1055 1160; x_wconf 88' lang='lat' dir='ltr'><strong>Epiphanii</strong></span> <span class='ocrx_word' id='word_1_62' title='bbox 1077 1097 1152 1140; x_wconf 90' lang='lat' dir='ltr'><strong>eon·</strong></span> 
     </span>
     <span class='ocr_line' id='line_1_9' title="bbox 48 1179 1151 1262; baseline 0.002 -22"><span class='ocrx_word' id='word_1_63' title='bbox 48 1196 131 1242; x_wconf 87' lang='lat' dir='ltr'><strong>senso</strong></span> <span class='ocrx_word' id='word_1_64' title='bbox 161 1183 194 1242; x_wconf 90' lang='lat' dir='ltr'><strong>io</strong></span> <span class='ocrx_word' id='word_1_65' title='bbox 216 1182 352 1245; x_wconf 82' lang='lat' dir='ltr'><strong>exilium</strong></span> <span class='ocrx_word' id='word_1_66' title='bbox 381 1182 511 1261; x_wconf 90' lang='lat' dir='ltr'><strong>pulsum</strong></span> <span class='ocrx_word' id='word_1_67' title='bbox 533 1200 602 1244; x_wconf 87' lang='lat' dir='ltr'><strong>esse</strong></span> <span class='ocrx_word' id='word_1_68' title='bbox 630 1179 920 1262; x_wconf 72' lang='lat' dir='ltr'><strong>chrysostomum,</strong></span> <span class='ocrx_word' id='word_1_69' title='bbox 950 1189 982 1243; x_wconf 87' lang='lat' dir='ltr'><strong>et</strong></span> <span class='ocrx_word' id='word_1_70' title='bbox 1004 1180 1065 1244; x_wconf 90' lang='lat' dir='ltr'><strong>hoc</strong></span> <span class='ocrx_word' id='word_1_71' title='bbox 1085 1181 1151 1258; x_wconf 89' lang='lat' dir='ltr'><strong>ipse</strong></span> 
     </span>
     <span class='ocr_line' id='line_1_10' title="bbox 49 1279 1245 1364; baseline 0.001 -22"><span class='ocrx_word' id='word_1_72' title='bbox 49 1279 227 1344; x_wconf 84' lang='lat' dir='ltr'><strong>credidisset</strong></span> <span class='ocrx_word' id='word_1_73' title='bbox 248 1280 411 1357; x_wconf 80' lang='lat' dir='ltr'><strong>loannes,</strong></span> <span class='ocrx_word' id='word_1_74' title='bbox 440 1282 568 1361; x_wconf 87' lang='lat' dir='ltr'><strong>scripsit</strong></span> <span class='ocrx_word' id='word_1_75' title='bbox 598 1283 637 1344; x_wconf 90' lang='lat' dir='ltr'><strong>ad</strong></span> <span class='ocrx_word' id='word_1_76' title='bbox 660 1281 876 1364; x_wconf 82' lang='lat' dir='ltr'><strong>Epiphaniam</strong></span> <span class='ocrx_word' id='word_1_77' title='bbox 907 1283 1073 1362; x_wconf 87' lang='lat' dir='ltr'><strong>inquiens:</strong></span> <span class='ocrx_word' id='word_1_78' title='bbox 1101 1297 1152 1344; x_wconf 85' lang='lat' dir='ltr'><strong>sa·</strong></span> <span class='ocrx_word' id='word_1_79' title='bbox 1237 1352 1245 1360; x_wconf 49' lang='grc'>,</span> 
     </span>
     <span class='ocr_line' id='line_1_11' title="bbox 51 1381 1150 1463; baseline 0.003 -21"><span class='ocrx_word' id='word_1_80' title='bbox 51 1381 128 1460; x_wconf 89' lang='lat' dir='ltr'><strong>piens</strong></span> <span class='ocrx_word' id='word_1_81' title='bbox 150 1381 322 1463; x_wconf 88' lang='lat' dir='ltr'><strong>Epiphani,</strong></span> <span class='ocrx_word' id='word_1_82' title='bbox 350 1400 497 1448; x_wconf 77' lang='lat' dir='ltr'><strong>assensus</strong></span> <span class='ocrx_word' id='word_1_83' title='bbox 519 1403 553 1446; x_wconf 88' lang='lat' dir='ltr'><strong>es</strong></span> <span class='ocrx_word' id='word_1_84' title='bbox 574 1402 646 1448; x_wconf 89' lang='lat' dir='ltr'><strong>tneo</strong></span> <span class='ocrx_word' id='word_1_85' title='bbox 666 1382 793 1447; x_wconf 80' lang='lat' dir='ltr'><strong>exttto&#39;t</strong></span> <span class='ocrx_word' id='word_1_86' title='bbox 813 1381 849 1445; x_wconf 94' lang='lat' dir='ltr'><strong>ln</strong></span> <span class='ocrx_word' id='word_1_87' title='bbox 872 1392 928 1446; x_wconf 92' lang='lat' dir='ltr'><strong>tue</strong></span> <span class='ocrx_word' id='word_1_88' title='bbox 950 1385 1071 1446; x_wconf 91' lang='lat' dir='ltr'><strong>throno</strong></span> <span class='ocrx_word' id='word_1_89' title='bbox 1086 1400 1150 1445; x_wconf 94' lang='lat' dir='ltr'><strong>non</strong></span> 
     </span>
     <span class='ocr_line' id='line_1_12' title="bbox 49 1484 1148 1566; baseline 0.002 -22"><span class='ocrx_word' id='word_1_90' title='bbox 49 1484 160 1546; x_wconf 86' lang='lat' dir='ltr'><strong>sedebis</strong></span> <span class='ocrx_word' id='word_1_91' title='bbox 180 1485 332 1564; x_wconf 86' lang='lat' dir='ltr'><strong>amplios.</strong></span> <span class='ocrx_word' id='word_1_92' title='bbox 360 1484 410 1546; x_wconf 81' lang='lat' dir='ltr'><strong>hd</strong></span> <span class='ocrx_word' id='word_1_93' title='bbox 433 1484 589 1549; x_wconf 83' lang='lat' dir='ltr'><strong>loannem</strong></span> <span class='ocrx_word' id='word_1_94' title='bbox 610 1494 720 1548; x_wconf 87' lang='lat' dir='ltr'><strong>autern</strong></span> <span class='ocrx_word' id='word_1_95' title='bbox 743 1487 905 1565; x_wconf 81' lang='lat' dir='ltr'><strong>rescripsit</strong></span> <span class='ocrx_word' id='word_1_96' title='bbox 929 1484 1148 1566; x_wconf 70' lang='lat' dir='ltr'><strong>Epiphanius:</strong></span> 
     </span>
     <span class='ocr_line' id='line_1_13' title="bbox 51 1579 1151 1667; baseline 0.005 -23"><span class='ocrx_word' id='word_1_97' title='bbox 51 1585 159 1649; x_wconf 85' lang='lat' dir='ltr'><strong>athlete</strong></span> <span class='ocrx_word' id='word_1_98' title='bbox 175 1585 295 1650; x_wconf 87' lang='lat' dir='ltr'><strong>Christi</strong></span> <span class='ocrx_word' id='word_1_99' title='bbox 319 1587 492 1650; x_wconf 80' lang='lat' dir='ltr'><strong>verberare</strong></span> <span class='ocrx_word' id='word_1_100' title='bbox 509 1598 540 1650; x_wconf 88' lang='lat' dir='ltr'><strong>et</strong></span> <span class='ocrx_word' id='word_1_101' title='bbox 557 1589 658 1649; x_wconf 85' lang='lat' dir='ltr'><strong>vince.</strong></span> <span class='ocrx_word' id='word_1_102' title='bbox 682 1587 716 1650; x_wconf 92' lang='lat' dir='ltr'><strong>ln</strong></span> <span class='ocrx_word' id='word_1_103' title='bbox 733 1588 842 1651; x_wconf 91' lang='lat' dir='ltr'><strong>lecum</strong></span> <span class='ocrx_word' id='word_1_104' title='bbox 859 1579 980 1662; x_wconf 78' lang='lat' dir='ltr'><strong>autem,</strong></span> <span class='ocrx_word' id='word_1_105' title='bbox 997 1587 1036 1648; x_wconf 90' lang='lat' dir='ltr'><strong>ad</strong></span> <span class='ocrx_word' id='word_1_106' title='bbox 1052 1605 1151 1667; x_wconf 87' lang='lat' dir='ltr'><strong>quem</strong></span> 
     </span>
     <span class='ocr_line' id='line_1_14' title="bbox 52 1671 1151 1768; baseline 0.006 -24"><span class='ocrx_word' id='word_1_107' title='bbox 52 1683 130 1747; x_wconf 90' lang='lat' dir='ltr'><strong>inisti</strong></span> <span class='ocrx_word' id='word_1_108' title='bbox 145 1686 323 1767; x_wconf 87' lang='lat' dir='ltr'><strong>relegatus,</strong></span> <span class='ocrx_word' id='word_1_109' title='bbox 339 1705 402 1752; x_wconf 91' lang='lat' dir='ltr'><strong>non</strong></span> <span class='ocrx_word' id='word_1_110' title='bbox 419 1692 534 1751; x_wconf 85' lang='lat' dir='ltr'><strong>rentes.</strong></span> <span class='ocrx_word' id='word_1_111' title='bbox 548 1686 618 1752; x_wconf 89' lang='lat' dir='ltr'><strong>lloc</strong></span> <span class='ocrx_word' id='word_1_112' title='bbox 631 1689 757 1768; x_wconf 78' lang='lat' dir='ltr'><strong>scripsi,</strong></span> <span class='ocrx_word' id='word_1_113' title='bbox 771 1707 790 1748; x_wconf 94' lang='lat' dir='ltr'><strong>o</strong></span> <span class='ocrx_word' id='word_1_114' title='bbox 806 1687 935 1762; x_wconf 77' lang='lat' dir='ltr'><strong>iratres,</strong></span> <span class='ocrx_word' id='word_1_115' title='bbox 948 1705 987 1750; x_wconf 91' lang='lat' dir='ltr'><strong>nc</strong></span> <span class='ocrx_word' id='word_1_116' title='bbox 1002 1687 1073 1767; x_wconf 90' lang='lat' dir='ltr'><strong>quis</strong></span> <span class='ocrx_word' id='word_1_117' title='bbox 1087 1671 1151 1751; x_wconf 73' lang='lat' dir='ltr'><strong>hoe</strong></span> 
     </span>
     <span class='ocr_line' id='line_1_15' title="bbox 52 1784 1151 1869; baseline 0.007 -24"><span class='ocrx_word' id='word_1_118' title='bbox 52 1784 195 1863; x_wconf 90' lang='lat' dir='ltr'><strong>probrum</strong></span> <span class='ocrx_word' id='word_1_119' title='bbox 226 1790 375 1854; x_wconf 75' lang='lat' dir='ltr'><strong>conferat</strong></span> <span class='ocrx_word' id='word_1_120' title='bbox 407 1793 437 1853; x_wconf 94' lang='lat' dir='ltr'><strong>in</strong></span> <span class='ocrx_word' id='word_1_121' title='bbox 461 1788 687 1869; x_wconf 84' lang='lat' dir='ltr'><strong>Epiphaninm.</strong></span> <span class='ocrx_word' id='word_1_122' title='bbox 718 1787 916 1869; x_wconf 85' lang='lat' dir='ltr'><strong>Paulo-post</strong></span> <span class='ocrx_word' id='word_1_123' title='bbox 939 1805 1054 1850; x_wconf 80' lang='lat' dir='ltr'><strong>navent</strong></span> <span class='ocrx_word' id='word_1_124' title='bbox 1074 1806 1151 1852; x_wconf 79' lang='lat' dir='ltr'><strong>con·</strong></span> 
     </span>
     <span class='ocr_line' id='line_1_16' title="bbox 13 1884 1148 1971; baseline 0.005 -26"><span class='ocrx_word' id='word_1_125' title='bbox 13 1925 17 1936; x_wconf 79' lang='lat'><em>-</em></span> <span class='ocrx_word' id='word_1_126' title='bbox 50 1884 187 1950; x_wconf 82' lang='lat' dir='ltr'><strong>usndem</strong></span> <span class='ocrx_word' id='word_1_127' title='bbox 200 1887 347 1971; x_wconf 73' lang='lat' dir='ltr'><strong>Cyprum</strong></span> <span class='ocrx_word' id='word_1_128' title='bbox 363 1905 556 1952; x_wconf 75' lang='lat' dir='ltr'><strong>reversurus</strong></span> <span class='ocrx_word' id='word_1_129' title='bbox 578 1887 789 1969; x_wconf 79' lang='lat' dir='ltr'><strong>Epiphanius,</strong></span> <span class='ocrx_word' id='word_1_130' title='bbox 806 1893 956 1950; x_wconf 88' lang='lat' dir='ltr'><strong>mortuos</strong></span> <span class='ocrx_word' id='word_1_131' title='bbox 976 1894 1026 1950; x_wconf 89' lang='lat' dir='ltr'><strong>est</strong></span> <span class='ocrx_word' id='word_1_132' title='bbox 1041 1887 1148 1968; x_wconf 89' lang='lat' dir='ltr'><strong>prins·</strong></span> 
     </span>
     <span class='ocr_line' id='line_1_17' title="bbox 52 1987 542 2068; baseline -0.004 -21"><span class='ocrx_word' id='word_1_133' title='bbox 52 2001 137 2063; x_wconf 85' lang='lat' dir='ltr'><strong>quam</strong></span> <span class='ocrx_word' id='word_1_134' title='bbox 157 1987 295 2054; x_wconf 89' lang='lat' dir='ltr'><strong>iosnism</strong></span> <span class='ocrx_word' id='word_1_135' title='bbox 316 1987 502 2068; x_wconf 74' lang='lat' dir='ltr'><strong>appulisset</strong></span> <span class='ocrx_word' id='word_1_136' title='bbox 524 2006 542 2045; x_wconf 82' lang='lat' dir='ltr'><strong>s</strong></span> 
     </span>
    </p>

    <p class='ocr_par' dir='ltr' id='par_1_3' title="bbox 53 2085 1155 4086">
     <span class='ocr_line' id='line_1_18' title="bbox 118 2085 1152 2171; baseline 0.006 -21"><span class='ocrx_word' id='word_1_137' title='bbox 118 2085 209 2162; x_wconf 83' lang='lat' dir='ltr'><strong>Quae</strong></span> <span class='ocrx_word' id='word_1_138' title='bbox 230 2089 402 2168; x_wconf 86' lang='lat' dir='ltr'><strong>hocusque</strong></span> <span class='ocrx_word' id='word_1_139' title='bbox 422 2105 562 2168; x_wconf 82' lang='lat' dir='ltr'><strong>expensa</strong></span> <span class='ocrx_word' id='word_1_140' title='bbox 593 2093 669 2153; x_wconf 88' lang='lat' dir='ltr'><strong>sunt</strong></span> <span class='ocrx_word' id='word_1_141' title='bbox 688 2087 728 2152; x_wconf 89' lang='lat' dir='ltr'><strong>de</strong></span> <span class='ocrx_word' id='word_1_142' title='bbox 755 2087 957 2170; x_wconf 87' lang='lat' dir='ltr'><strong>Epiphanio,</strong></span> <span class='ocrx_word' id='word_1_143' title='bbox 981 2092 1152 2171; x_wconf 83' lang='lat' dir='ltr'><strong>perspicue</strong></span> 
     </span>
     <span class='ocr_line' id='line_1_19' title="bbox 53 2188 1150 2271; baseline 0.006 -23"><span class='ocrx_word' id='word_1_144' title='bbox 53 2188 221 2264; x_wconf 86' lang='lat' dir='ltr'><strong>ostendent,</strong></span> <span class='ocrx_word' id='word_1_145' title='bbox 244 2188 349 2269; x_wconf 87' lang='lat' dir='ltr'><strong>ipsum</strong></span> <span class='ocrx_word' id='word_1_146' title='bbox 371 2189 402 2252; x_wconf 89' lang='lat' dir='ltr'><strong>io</strong></span> <span class='ocrx_word' id='word_1_147' title='bbox 430 2190 679 2270; x_wconf 76' lang='lat' dir='ltr'><strong>origenistarum</strong></span> <span class='ocrx_word' id='word_1_148' title='bbox 700 2207 799 2254; x_wconf 89' lang='lat' dir='ltr'><strong>eaoss</strong></span> <span class='ocrx_word' id='word_1_149' title='bbox 819 2191 989 2271; x_wconf 89' lang='lat' dir='ltr'><strong>deceptum</strong></span> <span class='ocrx_word' id='word_1_150' title='bbox 1011 2189 1150 2255; x_wconf 83' lang='lat' dir='ltr'><strong>luissea&#39;</strong></span> 
     </span>
     <span class='ocr_line' id='line_1_20' title="bbox 55 2281 1150 2374; baseline 0.011 -28"><span class='ocrx_word' id='word_1_151' title='bbox 55 2281 232 2366; x_wconf 79' lang='lat' dir='ltr'><strong>TheophiIo,</strong></span> <span class='ocrx_word' id='word_1_152' title='bbox 254 2309 294 2352; x_wconf 90' lang='lat' dir='ltr'><strong>ac</strong></span> <span class='ocrx_word' id='word_1_153' title='bbox 308 2299 428 2354; x_wconf 89' lang='lat' dir='ltr'><strong>temere</strong></span> <span class='ocrx_word' id='word_1_154' title='bbox 447 2309 483 2354; x_wconf 88' lang='lat' dir='ltr'><strong>se</strong></span> <span class='ocrx_word' id='word_1_155' title='bbox 498 2290 631 2370; x_wconf 76' lang='lat' dir='ltr'><strong>gessisse</strong></span> <span class='ocrx_word' id='word_1_156' title='bbox 651 2300 763 2353; x_wconf 88' lang='lat' dir='ltr'><strong>contra</strong></span> <span class='ocrx_word' id='word_1_157' title='bbox 785 2290 1050 2374; x_wconf 76' lang='lat' dir='ltr'><strong>chrysostomum</strong></span> <span class='ocrx_word' id='word_1_158' title='bbox 1065 2295 1150 2358; x_wconf 90' lang='lat' dir='ltr'><strong>sicn-</strong></span> 
     </span>
     <span class='ocr_line' id='line_1_21' title="bbox 56 2387 1150 2476; baseline 0.012 -30"><span class='ocrx_word' id='word_1_159' title='bbox 56 2387 118 2450; x_wconf 89' lang='lat' dir='ltr'><strong>tiin</strong></span> <span class='ocrx_word' id='word_1_160' title='bbox 138 2389 367 2466; x_wconf 78' lang='lat' dir='ltr'><strong>Ammoniom,</strong></span> <span class='ocrx_word' id='word_1_161' title='bbox 391 2390 586 2456; x_wconf 82' lang='lat' dir='ltr'><strong>Dioscnrum</strong></span> <span class='ocrx_word' id='word_1_162' title='bbox 607 2399 641 2456; x_wconf 89' lang='lat' dir='ltr'><strong>el</strong></span> <span class='ocrx_word' id='word_1_163' title='bbox 669 2401 795 2456; x_wconf 90' lang='lat' dir='ltr'><strong>ceteros</strong></span> <span class='ocrx_word' id='word_1_164' title='bbox 815 2394 1010 2469; x_wconf 82' lang='lat' dir='ltr'><strong>monachos,</strong></span> <span class='ocrx_word' id='word_1_165' title='bbox 1032 2398 1089 2476; x_wconf 94' lang='lat' dir='ltr'><strong>qni</strong></span> <span class='ocrx_word' id='word_1_166' title='bbox 1109 2396 1150 2459; x_wconf 91' lang='lat' dir='ltr'><strong>ad</strong></span> 
     </span>
     <span class='ocr_line' id='line_1_22' title="bbox 56 2484 1150 2572; baseline 0.011 -24"><span class='ocrx_word' id='word_1_167' title='bbox 56 2484 194 2556; x_wconf 80' lang='lat' dir='ltr'><strong>lmooem</strong></span> <span class='ocrx_word' id='word_1_168' title='bbox 215 2492 440 2572; x_wconf 75' lang='lat' dir='ltr'><strong>confugerant.</strong></span> <span class='ocrx_word' id='word_1_169' title='bbox 463 2491 597 2558; x_wconf 84' lang='lat' dir='ltr'><strong>Nullam</strong></span> <span class='ocrx_word' id='word_1_170' title='bbox 612 2494 696 2556; x_wconf 88' lang='lat' dir='ltr'><strong>enim</strong></span> <span class='ocrx_word' id='word_1_171' title='bbox 718 2495 888 2559; x_wconf 86' lang='lat' dir='ltr'><strong>haereseos</strong></span> <span class='ocrx_word' id='word_1_172' title='bbox 909 2504 1017 2560; x_wconf 89' lang='lat' dir='ltr'><strong>notam</strong></span> <span class='ocrx_word' id='word_1_173' title='bbox 1038 2499 1070 2560; x_wconf 91' lang='lat' dir='ltr'><strong>io</strong></span> <span class='ocrx_word' id='word_1_174' title='bbox 1091 2513 1150 2561; x_wconf 90' lang='lat' dir='ltr'><strong>sna</strong></span> 
     </span>
     <span class='ocr_line' id='line_1_23' title="bbox 57 2585 1151 2684; baseline 0.014 -37"><span class='ocrx_word' id='word_1_175' title='bbox 57 2585 117 2653; x_wconf 85' lang='lat' dir='ltr'><strong>idei</strong></span> <span class='ocrx_word' id='word_1_176' title='bbox 135 2593 332 2672; x_wconf 76' lang='lat' dir='ltr'><strong>professione</strong></span> <span class='ocrx_word' id='word_1_177' title='bbox 351 2593 596 2674; x_wconf 81' lang='lat' dir='ltr'><strong>praelerebsnl3</strong></span> <span class='ocrx_word' id='word_1_178' title='bbox 620 2602 654 2684; x_wconf 73' lang='lat' dir='ltr'><strong>el</strong></span> <span class='ocrx_word' id='word_1_179' title='bbox 677 2596 740 2658; x_wconf 94' lang='lat' dir='ltr'><strong>hoc</strong></span> <span class='ocrx_word' id='word_1_180' title='bbox 764 2613 862 2676; x_wconf 87' lang='lat' dir='ltr'><strong>qnam</strong></span> <span class='ocrx_word' id='word_1_181' title='bbox 886 2599 1026 2660; x_wconf 82' lang='lat' dir='ltr'><strong>maxime</strong></span> <span class='ocrx_word' id='word_1_182' title='bbox 1045 2599 1151 2662; x_wconf 89' lang='lat' dir='ltr'><strong>conati</strong></span> 
     </span>
     <span class='ocr_line' id='line_1_24' title="bbox 57 2693 1151 2778; baseline 0.013 -31"><span class='ocrx_word' id='word_1_183' title='bbox 57 2696 119 2750; x_wconf 86' lang='lat' dir='ltr'><strong>sunt</strong></span> <span class='ocrx_word' id='word_1_184' title='bbox 133 2693 327 2770; x_wconf 87' lang='lat' dir='ltr'><strong>persuadere</strong></span> <span class='ocrx_word' id='word_1_185' title='bbox 343 2693 522 2774; x_wconf 84' lang='lat' dir='ltr'><strong>Epiphanio</strong></span> <span class='ocrx_word' id='word_1_186' title='bbox 528 2713 539 2773; x_wconf 88' lang='lat'>;</span> <span class='ocrx_word' id='word_1_187' title='bbox 555 2712 593 2758; x_wconf 89' lang='lat' dir='ltr'><strong>ac</strong></span> <span class='ocrx_word' id='word_1_188' title='bbox 613 2694 687 2758; x_wconf 90' lang='lat' dir='ltr'><strong>ideo</strong></span> <span class='ocrx_word' id='word_1_189' title='bbox 701 2712 763 2757; x_wconf 93' lang='lat' dir='ltr'><strong>nou</strong></span> <span class='ocrx_word' id='word_1_190' title='bbox 778 2697 836 2759; x_wconf 88' lang='lat' dir='ltr'><strong>cisi</strong></span> <span class='ocrx_word' id='word_1_191' title='bbox 850 2715 884 2760; x_wconf 90' lang='lat' dir='ltr'><strong>se</strong></span> <span class='ocrx_word' id='word_1_192' title='bbox 898 2694 1068 2778; x_wconf 83' lang='lat' dir='ltr'><strong>Theophili</strong></span> <span class='ocrx_word' id='word_1_193' title='bbox 1092 2700 1151 2762; x_wconf 89' lang='lat' dir='ltr'><strong>im·</strong></span> 
     </span>
     <span class='ocr_line' id='line_1_25' title="bbox 58 2789 1152 2880; baseline 0.015 -32"><span class='ocrx_word' id='word_1_194' title='bbox 58 2789 200 2864; x_wconf 83' lang='lat' dir='ltr'><strong>probitate</strong></span> <span class='ocrx_word' id='word_1_195' title='bbox 220 2795 387 2858; x_wconf 88' lang='lat' dir='ltr'><strong>damnatos</strong></span> <span class='ocrx_word' id='word_1_196' title='bbox 407 2795 440 2856; x_wconf 93' lang='lat' dir='ltr'><strong>in</strong></span> <span class='ocrx_word' id='word_1_197' title='bbox 460 2793 590 2880; x_wconf 71' lang='lat' dir='ltr'><strong>Synedo</strong></span> <span class='ocrx_word' id='word_1_198' title='bbox 610 2791 839 2872; x_wconf 84' lang='lat' dir='ltr'><strong>alexandrina,</strong></span> <span class='ocrx_word' id='word_1_199' title='bbox 862 2803 896 2860; x_wconf 89' lang='lat' dir='ltr'><strong>el</strong></span> <span class='ocrx_word' id='word_1_200' title='bbox 915 2799 1015 2862; x_wconf 81' lang='lat' dir='ltr'><strong>exilio</strong></span> <span class='ocrx_word' id='word_1_201' title='bbox 1036 2799 1077 2862; x_wconf 89' lang='lat' dir='ltr'><strong>ab</strong></span> <span class='ocrx_word' id='word_1_202' title='bbox 1097 2819 1152 2864; x_wconf 88' lang='lat' dir='ltr'><strong>eo-</strong></span> 
     </span>
     <span class='ocr_line' id='line_1_26' title="bbox 59 2887 1152 2984; baseline 0.016 -35"><span class='ocrx_word' id='word_1_203' title='bbox 59 2887 119 2952; x_wconf 88' lang='lat' dir='ltr'><strong>dem</strong></span> <span class='ocrx_word' id='word_1_204' title='bbox 138 2893 379 2976; x_wconf 81' lang='lat' dir='ltr'><strong>iniuriosissims</strong></span> <span class='ocrx_word' id='word_1_205' title='bbox 390 2896 576 2972; x_wconf 87' lang='lat' dir='ltr'><strong>mulctatos,</strong></span> <span class='ocrx_word' id='word_1_206' title='bbox 592 2913 702 2960; x_wconf 81' lang='lat' dir='ltr'><strong>eoram</strong></span> <span class='ocrx_word' id='word_1_207' title='bbox 718 2896 950 2980; x_wconf 76' lang='lat' dir='ltr'><strong>chrysostomo</strong></span> <span class='ocrx_word' id='word_1_208' title='bbox 964 2908 997 2962; x_wconf 90' lang='lat' dir='ltr'><strong>et</strong></span> <span class='ocrx_word' id='word_1_209' title='bbox 1012 2900 1152 2984; x_wconf 87' lang='lat' dir='ltr'><strong>Epipha-</strong></span> 
     </span>
     <span class='ocr_line' id='line_1_27' title="bbox 59 2989 1151 3079; baseline 0.016 -30"><span class='ocrx_word' id='word_1_210' title='bbox 59 2989 101 3052; x_wconf 92' lang='lat' dir='ltr'><strong>nio</strong></span> <span class='ocrx_word' id='word_1_211' title='bbox 120 2995 325 3061; x_wconf 87' lang='lat' dir='ltr'><strong>rehementer</strong></span> <span class='ocrx_word' id='word_1_212' title='bbox 348 2998 541 3061; x_wconf 87' lang='lat' dir='ltr'><strong>institerunt.</strong></span> <span class='ocrx_word' id='word_1_213' title='bbox 573 2996 654 3062; x_wconf 84' lang='lat' dir='ltr'><strong>Tota</strong></span> <span class='ocrx_word' id='word_1_214' title='bbox 675 2999 758 3060; x_wconf 88' lang='lat' dir='ltr'><strong>enim</strong></span> <span class='ocrx_word' id='word_1_215' title='bbox 790 3001 937 3079; x_wconf 75' lang='lat' dir='ltr'><strong>quaestio</strong></span> <span class='ocrx_word' id='word_1_216' title='bbox 959 3003 1151 3068; x_wconf 81' lang='lat' dir='ltr'><strong>versabatur</strong></span> 
     </span>
     <span class='ocr_line' id='line_1_28' title="bbox 58 3093 1152 3179; baseline 0.016 -31"><span class='ocrx_word' id='word_1_217' title='bbox 58 3104 110 3152; x_wconf 88' lang='lat' dir='ltr'><strong>noo</strong></span> <span class='ocrx_word' id='word_1_218' title='bbox 123 3093 159 3158; x_wconf 89' lang='lat' dir='ltr'><strong>ds</strong></span> <span class='ocrx_word' id='word_1_219' title='bbox 178 3096 340 3178; x_wconf 85' lang='lat' dir='ltr'><strong>dogmate,</strong></span> <span class='ocrx_word' id='word_1_220' title='bbox 356 3099 448 3178; x_wconf 89' lang='lat' dir='ltr'><strong>quasi</strong></span> <span class='ocrx_word' id='word_1_221' title='bbox 464 3098 524 3178; x_wconf 92' lang='lat' dir='ltr'><strong>ipsi</strong></span> <span class='ocrx_word' id='word_1_222' title='bbox 545 3098 577 3162; x_wconf 91' lang='lat' dir='ltr'><strong>in</strong></span> <span class='ocrx_word' id='word_1_223' title='bbox 593 3098 703 3179; x_wconf 90' lang='lat' dir='ltr'><strong>aliqua</strong></span> <span class='ocrx_word' id='word_1_224' title='bbox 725 3115 762 3161; x_wconf 88' lang='lat' dir='ltr'><strong>re</strong></span> <span class='ocrx_word' id='word_1_225' title='bbox 782 3098 985 3164; x_wconf 86' lang='lat' dir='ltr'><strong>dissentirent</strong></span> <span class='ocrx_word' id='word_1_226' title='bbox 998 3121 1017 3165; x_wconf 90' lang='lat' dir='ltr'><strong>a</strong></span> <span class='ocrx_word' id='word_1_227' title='bbox 1032 3103 1152 3167; x_wconf 90' lang='lat' dir='ltr'><strong>doctri·</strong></span> 
     </span>
     <span class='ocr_line' id='line_1_29' title="bbox 60 3197 1150 3284; baseline 0.012 -29"><span class='ocrx_word' id='word_1_228' title='bbox 60 3205 90 3250; x_wconf 88' lang='lat' dir='ltr'><strong>nt</strong></span> <span class='ocrx_word' id='word_1_229' title='bbox 108 3197 285 3278; x_wconf 85' lang='lat' dir='ltr'><strong>catholica;</strong></span> <span class='ocrx_word' id='word_1_230' title='bbox 303 3217 415 3263; x_wconf 81' lang='lat' dir='ltr'><strong>rernm</strong></span> <span class='ocrx_word' id='word_1_231' title='bbox 436 3200 543 3263; x_wconf 89' lang='lat' dir='ltr'><strong>solum</strong></span> <span class='ocrx_word' id='word_1_232' title='bbox 565 3199 811 3277; x_wconf 80' lang='lat' dir='ltr'><strong>contendebant,</strong></span> <span class='ocrx_word' id='word_1_233' title='bbox 834 3219 912 3264; x_wconf 83' lang='lat' dir='ltr'><strong>nnus</strong></span> <span class='ocrx_word' id='word_1_234' title='bbox 933 3202 1089 3284; x_wconf 80' lang='lat' dir='ltr'><strong>Origenes</strong></span> <span class='ocrx_word' id='word_1_235' title='bbox 1109 3203 1150 3268; x_wconf 91' lang='lat' dir='ltr'><strong>de</strong></span> 
     </span>
     <span class='ocr_line' id='line_1_30' title="bbox 60 3293 1155 3385; baseline 0.016 -34"><span class='ocrx_word' id='word_1_236' title='bbox 60 3293 168 3369; x_wconf 77' lang='lat' dir='ltr'><strong>quibos,</strong></span> <span class='ocrx_word' id='word_1_237' title='bbox 185 3300 402 3378; x_wconf 85' lang='lat' dir='ltr'><strong>culpabatur,</strong></span> <span class='ocrx_word' id='word_1_238' title='bbox 424 3299 588 3364; x_wconf 87' lang='lat' dir='ltr'><strong>docuisset</strong></span> <span class='ocrx_word' id='word_1_239' title='bbox 615 3318 757 3376; x_wconf 86' lang='lat' dir='ltr'><strong>errores,</strong></span> <span class='ocrx_word' id='word_1_240' title='bbox 788 3319 931 3384; x_wconf 85' lang='lat' dir='ltr'><strong>suosque</strong></span> <span class='ocrx_word' id='word_1_241' title='bbox 957 3305 1155 3385; x_wconf 87' lang='lat' dir='ltr'><strong>inspersisset</strong></span> 
     </span>
     <span class='ocr_line' id='line_1_31' title="bbox 59 3387 1151 3483; baseline 0.018 -36"><span class='ocrx_word' id='word_1_242' title='bbox 59 3387 154 3457; x_wconf 90' lang='lat' dir='ltr'><strong>libros.</strong></span> <span class='ocrx_word' id='word_1_243' title='bbox 174 3396 269 3474; x_wconf 83' lang='lat' dir='ltr'><strong>Quod</strong></span> <span class='ocrx_word' id='word_1_244' title='bbox 285 3399 388 3478; x_wconf 85' lang='lat' dir='ltr'><strong>aliqui</strong></span> <span class='ocrx_word' id='word_1_245' title='bbox 408 3399 622 3477; x_wconf 80' lang='lat' dir='ltr'><strong>affirmabant,</strong></span> <span class='ocrx_word' id='word_1_246' title='bbox 641 3401 695 3462; x_wconf 86' lang='lat' dir='ltr'><strong>alii</strong></span> <span class='ocrx_word' id='word_1_247' title='bbox 716 3401 786 3480; x_wconf 86' lang='lat' dir='ltr'><strong>pari</strong></span> <span class='ocrx_word' id='word_1_248' title='bbox 805 3402 882 3483; x_wconf 85' lang='lat' dir='ltr'><strong>jure</strong></span> <span class='ocrx_word' id='word_1_249' title='bbox 902 3403 1060 3482; x_wconf 85' lang='lat' dir='ltr'><strong>negabant</strong></span> <span class='ocrx_word' id='word_1_250' title='bbox 1079 3402 1151 3468; x_wconf 92' lang='lat' dir='ltr'><strong>ulio</strong></span> 
     </span>
     <span class='ocr_line' id='line_1_32' title="bbox 61 3489 1150 3588; baseline 0.012 -34"><span class='ocrx_word' id='word_1_251' title='bbox 61 3489 164 3573; x_wconf 81' lang='lat' dir='ltr'><strong>absque</strong></span> <span class='ocrx_word' id='word_1_252' title='bbox 181 3502 333 3580; x_wconf 90' lang='lat' dir='ltr'><strong>propriae</strong></span> <span class='ocrx_word' id='word_1_253' title='bbox 354 3499 427 3564; x_wconf 89' lang='lat' dir='ltr'><strong>lidei</strong></span> <span class='ocrx_word' id='word_1_254' title='bbox 448 3501 650 3565; x_wconf 88' lang='lat' dir='ltr'><strong>detrimento.</strong></span> <span class='ocrx_word' id='word_1_255' title='bbox 675 3500 709 3564; x_wconf 92' lang='lat' dir='ltr'><strong>ln</strong></span> <span class='ocrx_word' id='word_1_256' title='bbox 729 3520 796 3582; x_wconf 93' lang='lat' dir='ltr'><strong>quo</strong></span> <span class='ocrx_word' id='word_1_257' title='bbox 816 3520 892 3566; x_wconf 87' lang='lat' dir='ltr'><strong>saue</strong></span> <span class='ocrx_word' id='word_1_258' title='bbox 907 3511 939 3564; x_wconf 90' lang='lat' dir='ltr'><strong>et</strong></span> <span class='ocrx_word' id='word_1_259' title='bbox 960 3502 1150 3588; x_wconf 77' lang='lat' dir='ltr'><strong>chrysosto-</strong></span> 
     </span>
     <span class='ocr_line' id='line_1_33' title="bbox 62 3591 1149 3682; baseline 0.008 -25"><span class='ocrx_word' id='word_1_260' title='bbox 62 3591 95 3651; x_wconf 88' lang='lat' dir='ltr'><strong>ni</strong></span> <span class='ocrx_word' id='word_1_261' title='bbox 113 3597 244 3673; x_wconf 69' lang='lat' dir='ltr'><strong>pomum</strong></span> <span class='ocrx_word' id='word_1_262' title='bbox 266 3609 299 3664; x_wconf 91' lang='lat' dir='ltr'><strong>et</strong></span> <span class='ocrx_word' id='word_1_263' title='bbox 318 3599 489 3681; x_wconf 88' lang='lat' dir='ltr'><strong>Epiphooii</strong></span> <span class='ocrx_word' id='word_1_264' title='bbox 510 3603 623 3666; x_wconf 90' lang='lat' dir='ltr'><strong>deinde</strong></span> <span class='ocrx_word' id='word_1_265' title='bbox 643 3602 814 3682; x_wconf 85' lang='lat' dir='ltr'><strong>prodentia</strong></span> <span class='ocrx_word' id='word_1_266' title='bbox 836 3603 962 3678; x_wconf 84' lang='lat' dir='ltr'><strong>eluxit,</strong></span> <span class='ocrx_word' id='word_1_267' title='bbox 985 3621 1060 3667; x_wconf 91' lang='lat' dir='ltr'><strong>eum</strong></span> <span class='ocrx_word' id='word_1_268' title='bbox 1081 3606 1149 3666; x_wconf 92' lang='lat' dir='ltr'><strong>ool·</strong></span> 
     </span>
     <span class='ocr_line' id='line_1_34' title="bbox 64 3685 1151 3779; baseline 0.017 -30"><span class='ocrx_word' id='word_1_269' title='bbox 64 3685 117 3754; x_wconf 90' lang='lat' dir='ltr'><strong>lent</strong></span> <span class='ocrx_word' id='word_1_270' title='bbox 134 3698 267 3764; x_wconf 86' lang='lat' dir='ltr'><strong>ulterius</strong></span> <span class='ocrx_word' id='word_1_271' title='bbox 290 3719 409 3765; x_wconf 82' lang='lat' dir='ltr'><strong>rexere</strong></span> <span class='ocrx_word' id='word_1_272' title='bbox 431 3703 517 3766; x_wconf 83' lang='lat' dir='ltr'><strong>viros</strong></span> <span class='ocrx_word' id='word_1_273' title='bbox 539 3705 717 3779; x_wconf 85' lang='lat' dir='ltr'><strong>innocuos,</strong></span> <span class='ocrx_word' id='word_1_274' title='bbox 740 3702 873 3766; x_wconf 89' lang='lat' dir='ltr'><strong>illorum</strong></span> <span class='ocrx_word' id='word_1_275' title='bbox 896 3703 1151 3767; x_wconf 76' lang='lat' dir='ltr'><strong>animadverten-</strong></span> 
     </span>
     <span class='ocr_line' id='line_1_35' title="bbox 65 3795 1150 3885; baseline 0.013 -31"><span class='ocrx_word' id='word_1_276' title='bbox 65 3795 102 3854; x_wconf 87' lang='lat' dir='ltr'><strong>tes</strong></span> <span class='ocrx_word' id='word_1_277' title='bbox 118 3797 337 3866; x_wconf 89' lang='lat' dir='ltr'><strong>obtestatioocs</strong></span> <span class='ocrx_word' id='word_1_278' title='bbox 357 3819 467 3866; x_wconf 85' lang='lat' dir='ltr'><strong>coram</strong></span> <span class='ocrx_word' id='word_1_279' title='bbox 490 3803 564 3885; x_wconf 88' lang='lat' dir='ltr'><strong>ipsis</strong></span> <span class='ocrx_word' id='word_1_280' title='bbox 580 3805 716 3884; x_wconf 85' lang='lat' dir='ltr'><strong>ingenue</strong></span> <span class='ocrx_word' id='word_1_281' title='bbox 738 3803 849 3878; x_wconf 84' lang='lat' dir='ltr'><strong>lactas,</strong></span> <span class='ocrx_word' id='word_1_282' title='bbox 866 3801 906 3866; x_wconf 91' lang='lat' dir='ltr'><strong>de</strong></span> <span class='ocrx_word' id='word_1_283' title='bbox 926 3821 983 3868; x_wconf 88' lang='lat' dir='ltr'><strong>sua</strong></span> <span class='ocrx_word' id='word_1_284' title='bbox 999 3822 1072 3867; x_wconf 89' lang='lat' dir='ltr'><strong>corn</strong></span> <span class='ocrx_word' id='word_1_285' title='bbox 1088 3803 1150 3868; x_wconf 90' lang='lat' dir='ltr'><strong>Ec·</strong></span> 
     </span>
     <span class='ocr_line' id='line_1_36' title="bbox 66 3891 1150 3986; baseline 0.018 -35"><span class='ocrx_word' id='word_1_286' title='bbox 66 3891 143 3959; x_wconf 85' lang='lat' dir='ltr'><strong>clesia</strong></span> <span class='ocrx_word' id='word_1_287' title='bbox 162 3899 325 3967; x_wconf 82' lang='lat' dir='ltr'><strong>usthottea</strong></span> <span class='ocrx_word' id='word_1_288' title='bbox 347 3905 517 3968; x_wconf 90' lang='lat' dir='ltr'><strong>eoncordia</strong></span> <span class='ocrx_word' id='word_1_289' title='bbox 528 3925 540 3984; x_wconf 89' lang='lat'>;</span> <span class='ocrx_word' id='word_1_290' title='bbox 569 3923 607 3968; x_wconf 89' lang='lat' dir='ltr'><strong>ae</strong></span> <span class='ocrx_word' id='word_1_291' title='bbox 628 3910 794 3985; x_wconf 84' lang='lat' dir='ltr'><strong>perspecta</strong></span> <span class='ocrx_word' id='word_1_292' title='bbox 816 3901 985 3986; x_wconf 87' lang='lat' dir='ltr'><strong>Theophili</strong></span> <span class='ocrx_word' id='word_1_293' title='bbox 1017 3904 1150 3985; x_wconf 89' lang='lat' dir='ltr'><strong>pcrlidin</strong></span> 
     </span>
     <span class='ocr_line' id='line_1_37' title="bbox 65 3988 1053 4086; baseline 0.013 -30"><span class='ocrx_word' id='word_1_294' title='bbox 65 3988 89 4052; x_wconf 82' lang='lat' dir='ltr'><strong>in</strong></span> <span class='ocrx_word' id='word_1_295' title='bbox 105 4001 251 4080; x_wconf 88' lang='lat' dir='ltr'><strong>omnibus,</strong></span> <span class='ocrx_word' id='word_1_296' title='bbox 275 4021 359 4082; x_wconf 88' lang='lat' dir='ltr'><strong>quac</strong></span> <span class='ocrx_word' id='word_1_297' title='bbox 379 4011 492 4068; x_wconf 88' lang='lat' dir='ltr'><strong>contro</strong></span> <span class='ocrx_word' id='word_1_298' title='bbox 513 4007 598 4084; x_wconf 91' lang='lat' dir='ltr'><strong>ipsos</strong></span> <span class='ocrx_word' id='word_1_299' title='bbox 619 4007 650 4066; x_wconf 90' lang='lat' dir='ltr'><strong>in</strong></span> <span class='ocrx_word' id='word_1_300' title='bbox 672 4003 819 4086; x_wconf 78' lang='lat' dir='ltr'><strong>Aegypto</strong></span> <span class='ocrx_word' id='word_1_301' title='bbox 838 4011 927 4085; x_wconf 88' lang='lat' dir='ltr'><strong>gesta</strong></span> <span class='ocrx_word' id='word_1_302' title='bbox 950 4013 1053 4069; x_wconf 88' lang='lat' dir='ltr'><strong>erant.</strong></span> 
     </span>
    </p>

    <p class='ocr_par' dir='ltr' id='par_1_4' title="bbox 68 4095 1149 4286">
     <span class='ocr_line' id='line_1_38' title="bbox 129 4095 1149 4185; baseline 0.012 -25"><span class='ocrx_word' id='word_1_303' title='bbox 129 4095 241 4170; x_wconf 84' lang='lat' dir='ltr'><strong>Deinde</strong></span> <span class='ocrx_word' id='word_1_304' title='bbox 262 4105 427 4170; x_wconf 88' lang='lat' dir='ltr'><strong>historiam</strong></span> <span class='ocrx_word' id='word_1_305' title='bbox 460 4106 645 4185; x_wconf 84' lang='lat' dir='ltr'><strong>prosecuti,</strong></span> <span class='ocrx_word' id='word_1_306' title='bbox 674 4121 759 4184; x_wconf 90' lang='lat' dir='ltr'><strong>qnae</strong></span> <span class='ocrx_word' id='word_1_307' title='bbox 792 4112 901 4184; x_wconf 88' lang='lat' dir='ltr'><strong>postea</strong></span> <span class='ocrx_word' id='word_1_308' title='bbox 926 4104 1149 4172; x_wconf 86' lang='lat' dir='ltr'><strong>Constantine·</strong></span> 
     </span>
     <span class='ocr_line' id='line_1_39' title="bbox 68 4191 1149 4286; baseline 0.004 -19"><span class='ocrx_word' id='word_1_309' title='bbox 68 4193 120 4267; x_wconf 87' lang='lat' dir='ltr'><strong>poli</strong></span> <span class='ocrx_word' id='word_1_310' title='bbox 137 4196 213 4278; x_wconf 82' lang='lat' dir='ltr'><strong>lacta</strong></span> <span class='ocrx_word' id='word_1_311' title='bbox 239 4191 315 4268; x_wconf 84' lang='lat' dir='ltr'><strong>suot</strong></span> <span class='ocrx_word' id='word_1_312' title='bbox 336 4205 366 4268; x_wconf 91' lang='lat' dir='ltr'><strong>io</strong></span> <span class='ocrx_word' id='word_1_313' title='bbox 396 4204 538 4272; x_wconf 87' lang='lat' dir='ltr'><strong>adreotn</strong></span> <span class='ocrx_word' id='word_1_314' title='bbox 567 4202 760 4286; x_wconf 85' lang='lat' dir='ltr'><strong>Theophili,</strong></span> <span class='ocrx_word' id='word_1_315' title='bbox 783 4212 964 4272; x_wconf 84' lang='lat' dir='ltr'><strong>scrutatum</strong></span> <span class='ocrx_word' id='word_1_316' title='bbox 996 4207 1149 4274; x_wconf 87' lang='lat' dir='ltr'><strong>instemus</strong></span> 
     </span>
    </p>
   </div>
   <div class='ocr_carea' id='block_1_3' title="bbox 0 0 1519 4934">
    <p class='ocr_par' dir='ltr' id='par_1_5' title="bbox 0 0 1519 4934">
     <span class='ocr_line' id='line_1_40' title="bbox 0 0 1519 4934; baseline 0 0"><span class='ocrx_word' id='word_1_317' title='bbox 0 0 1519 4934; x_wconf 95' lang='lat' dir='ltr'><strong> </strong></span> 
     </span>
    </p>
   </div>
  </div>
 </body>
</html>
