3028 4942
91 400 161 462 alibi
181 409 212 466 et
232 401 371 467 maxims
392 401 423 463 iu
446 396 550 474 ltalia,
566 408 807 464 monstruosum
828 396 909 462 illud
932 413 1014 477 opus
1031 398 1128 460 variis
1149 414 1188 460 ac

91 502 231 565 imuditis
250 503 468 581 impietatibus
483 511 685 577 contextum,
702 501 898 580 descriptum
915 501 945 562 in
968 499 1110 580 epistolis
1131 495 1190 580 Sy-

90 603 193 668 nodion
213 612 245 667 et
268 602 476 669 Psschnlibns
496 613 529 668 et
550 607 580 668 in
601 601 704 666 altoru
727 602 917 687 Hieronymi
937 611 971 665 et
992 601 1185 682 Epiphauii,

90 713 230 784 unquam
255 704 379 770 loetum
403 707 552 786 origenis
575 706 749 779 habentes,
772 706 853 767 illud
874 723 946 769 oum
968 722 1028 768 suo
1045 701 1189 766 Auctore

87 805 255 886 judicantes
276 809 544 876 cuudemuaruct.
569 807 636 872 Nisi
657 807 760 888 quod,
781 823 856 870 cum
877 807 920 869 als
940 805 987 869 his
1010 815 1189 883 utcumque

91 925 192 970 eorsum
221 910 476 983 assertionibus,
503 908 542 970 ad
569 911 713 973 auctoris
739 909 921 972 venerimus
951 905 1187 985 definitionem

91 1009 264 1088 quaerendo
285 1013 360 1092 quis
380 1012 439 1074 ista
460 1009 559 1074 tuerit
582 1010 657 1074 talia
687 1011 931 1092 blasphemans3
954 1009 1081 1089 quoties
1103 1025 1189 1070 com·

92 1111 251 1190 probatum
274 1112 386 1186 luerit,
409 1109 626 1193 Theophilum
648 1112 854 1176 lundamebta
872 1112 987 1194 jecisse
1010 1111 1189 1172 accusatio·

94 1213 131 1274 nis
143 1211 288 1294 Origenis
304 1233 362 1294 por
375 1215 560 1296 hujusmodl
577 1215 754 1278 islsiratom
769 1219 999 1288 commentum,
1015 1225 1096 1292 quas
1110 1227 1191 1274 uuu-

95 1333 177 1394 quam
199 1317 329 1380 huctor
357 1319 485 1380 mmsis
514 1335 572 1380 nec
594 1315 754 1380 Houschi·
777 1317 979 1396 probarunt:
1009 1311 1190 1376 necessario

96 1428 311 1498 consequetur,
326 1437 410 1500 quae
429 1403 530 1500 super
543 1421 611 1481 ,hoc
633 1418 877 1481 tundamentum
894 1415 987 1496 plane
1001 1429 1187 1486 arenosum,

98 1535 192 1598 uagm
211 1539 290 1584 cum
316 1533 474 1600 apparatu
499 1521 723 1600 superstruxit
743 1517 974 1603 Hieronymus,
998 1516 1093 1580 lacila
1115 1533 1188 1578 ruc-

101 1636 137 1692 re,
152 1623 324 1702 ruentique
345 1623 456 1698 domo,
476 1630 657 1686 structores
676 1637 787 1682 omnes
802 1637 875 1683 cum
890 1620 958 1681 suis
978 1617 1120 1682 artificiis
1135 1634 1190 1696 pn·

99 1719 161 1782 sitsr
180 1723 415 1787 dissolvendos.
512 1775 514 1783 .

158 1823 299 1896 luteraa,
321 1827 368 1888 uti
390 1827 546 1906 propositi
569 1825 668 1887 nostri
684 1812 931 1895 adminiculum,
948 1827 1060 1882 uutsre
1079 1818 1187 1901 jurat,

94 1922 165 1998 quod
186 1925 320 1988 ineunte
341 1927 454 1990 seculo
475 1924 513 1989 t.
536 1929 580 1986 nit
603 1925 793 2009 hnouymns
813 1925 843 1984 iu
864 1920 1034 2001 Opusculu
1056 1918 1190 1984 Praeda·

94 2022 214 2090 stiuotus
236 2029 404 2108 inscripto,
431 2048 489 2108 per
509 2027 669 2093 iacobum
684 2027 844 2090 sirmondi
867 2025 953 2088 edito
964 2045 974 2103 3
992 2024 1045 2088 nbi
1062 2022 1211 2114 Auctor!

94 2128 209 2207 collegit
237 2127 405 2208 Epitomrrs
429 2127 604 2192 Ecdicess‘os
623 2126 747 2208 Hypius'
766 2137 880 2188 contra
901 2123 1149 2195 haeresiarchus,
1162 2130 1191 2184 st

92 2230 325 2308 categoricorum
343 2229 516 2312 Epiphorss's'
534 2243 645 2294 eontra
668 2227 784 2304 Saccus,
804 2241 833 2290 ct
851 2227 1092 2308 Expositionum
1115 2221 1190 2288 Pte·-

92 2327 183 2406 lustri,
195 2331 256 2412 qui
274 2332 328 2394 hos
350 2333 543 2412 transferens
561 2332 596 2395 iss
619 2332 756 2396 latinam
778 2349 946 2393 sermonem
970 2327 1115 2408 uulgauit
1129 2335 1186 2390 stc.

93 2425 169 2494 llaec
182 2433 311 2495 iuterim
327 2435 358 2496 in
374 2435 578 2513 paragrapho
591 2431 642 2503 th.
659 2431 710 2504 43.
734 2434 773 2496 de
795 2433 936 2512 Origene
950 2439 982 2494 et
996 2427 1188 2510 origenianis

93 2542 214 2601 namta

159 2635 485 2718 «Quadrupesimnm
508 2646 539 2701 ut
559 2637 732 2701 secuudum
754 2635 912 2698 haeresim
944 2633 1120 2713 origeniani
1143 2632 1189 2693 lu·

92 2733 282 2803 choassruut
302 2755 320 2802 a
342 2741 483 2819 quodam
504 2738 657 2819 Origene,
680 2755 742 2801 non
770 2738 842 2813 illo,
865 2738 921 2817 qni
944 2735 1012 2798 iere
1041 2733 1190 2798 omnibus

91 2846 176 2901 uotus
196 2847 257 2914 est,
279 2841 335 2904 sed
355 2842 420 2908 alio
441 2840 524 2925 Syro
539 2843 679 2921 quodam
700 2839 969 2902 sceleratissimos
993 2835 1032 2898 de
1053 2851 1119 2915 quo
1144 2833 1191 2895 dl·

93 2937 129 2998 cit
147 2937 368 3021 Epiphanius,
392 2945 479 3022 qnod
504 2952 567 3004 tam
592 2943 698 3020 turpia
720 2939 892 3014 docuerit,
914 2944 952 3000 ut
976 2955 1035 3000 nec
1055 2935 1193 2998 debeant

92 3055 144 3116 per
157 3043 351 3124 scripturam
366 3046 406 3107 ad
422 3052 547 3107 nostros
564 3052 709 3125 posteros
724 3040 886 3104 destinari.
904 3037 1191 3116 Quadrngcsimam

92 3150 189 3206 sutem
210 3147 337 3208 tertiam
371 3147 529 3209 haeresim
559 3146 614 3208 alii
636 3144 812 3223 origeniani
845 3143 998 3204 continuo
1027 3138 1191 3202 subsecuti

90 3250 169 3316 suut,
184 3253 221 3308 ut
241 3245 318 3310 dicit
335 3245 546 3328 Epiphanius,
569 3248 625 3326 qni
640 3255 670 3307 et
690 3252 897 3307 mortuorum
917 3239 1191 3304 resurrectionem

92 3353 216 3420 negant:
239 3345 358 3410 Christi
373 3357 480 3410 autem
503 3356 690 3409 creaturam
706 3363 775 3408 csse
791 3343 944 3407 Sanctum
967 3339 1125 3420 Spiritum
1145 3338 1192 3398 di·

95 3452 179 3508 cunta
193 3448 379 3528 paradisum
402 3457 511 3511 autem
533 3459 564 3510 et
587 3449 695 3510 coelos
711 3446 887 3525 allegorice
908 3442 991 3504 dicta
1015 3438 1189 3502 firmantes.

94 3535 129 3601 lli
142 3545 203 3608 duo
218 3546 374 3628 Origenes
388 3566 489 3629 praru
507 3565 656 3628 quaeque
669 3547 879 3626 scripserunt.
895 3540 1058 3605 Haeretici
1073 3547 1106 3602 at
1120 3554 1193 3618 per·

96 3647 168 3707 reret
183 3647 331 3712 doctores
343 3657 454 3712 nostru
466 3646 599 3728 Origeui
612 3647 775 3710 catholico
793 3645 960 3708 tractatori
977 3640 1190 3711 miscuerunt,

96 3749 126 3804 ut
137 3747 377 3829 adimpleretur,
393 3751 481 3831 quod
497 3751 650 3814 dicitura
666 3747 802 3810 Domino
820 3747 852 3808 in
870 3743 1073 3822 Evangeliis:
1090 3755 1194 3801 nouas

94 3839 304 3914 monsacutus
317 3851 480 3915 seminasti
499 3850 536 3912 in
549 3869 628 3932 apro
648 3843 733 3914 tuo?
756 3846 843 3912 Uatis
856 3865 928 3926 erpo
941 3845 1016 3907 huso
1030 3835 1192 3906 zizanio?

97 3937 152 4014 Oua·
168 3953 355 4030 respondeus
368 3952 435 4015 uit:
458 3949 608 4015 iuimicus
626 3949 714 4014 tomo
735 3949 809 4011 hoec
822 3946 906 4029 seuit.
923 3944 999 4008 ldeo
1015 3945 1097 4008 enim
1118 3941 1194 4004 Ori·

95 4058 191 4120 leuem
210 4051 352 4132 legentes
367 4055 547 4116 invenimus
564 4051 774 4127 esthottonm,
796 4057 829 4112 et
842 4055 953 4110 contra
976 4045 1126 4107 haereses
1147 4039 1193 4102 di·

96 4149 248 4217 bimatum
270 4156 507 4222 seducentem.
530 4155 705 4220 identidem
725 4152 867 4240 legantes
880 4147 1054 4228 Origanam
1073 4146 1192 4207 inseni-

208 4253 268 4318 Vos.
293 4255 356 4320 111.
1053 4243 1074 4310 9
