3138 4950
70 577 74 586 .
189 515 275 585 Huic
296 518 526 586 insimulationi
550 519 723 600 respondet
745 518 970 584 Etobeliusrn
995 517 1030 582 iu
1053 521 1114 585 hoe
1135 417 1226 588 off

110 621 200 688 nimia
221 622 374 702 petiunet.
389 621 421 688 Si
438 622 518 688 nibil
538 622 630 688 aiiud
644 621 739 685 fldem
754 622 855 702 buius
875 623 988 702 scripti
1008 622 1140 686 eierare
1156 643 1228 702 pos·

9 779 13 784 ,
109 729 168 798 aet,
190 723 306 791 unicus
327 725 378 788 iric
399 725 494 791 locus
514 721 689 788 sufficeret.
712 723 882 787 Amantius
903 723 988 787 enirn
1009 739 1072 786 non
1092 721 1227 789 alosti·

109 821 218 896 omno,
239 823 294 888 aed
316 841 334 886 a
356 822 486 890 Justino
507 823 697 889 interiectus
717 829 788 888 eata
811 833 849 886 ut
868 822 989 886 exertis
1012 822 1119 886 verbis
1139 821 1228 888 Mar·

109 921 246 990 ceiiinua
266 924 298 988 in
312 919 474 990 Chronico
496 929 646 998 testatur,
663 922 849 986 Amantium
872 922 984 1002 palatii
1006 923 1226 1000 praepositum

109 1030 140 1086 et
159 1022 324 1092 Andreaor
345 1026 586 1092 cubicularium
610 1032 788 1105 utrumque
809 1023 898 1104 regui
912 1021 1033 1087 iustini
1055 1025 1221 1089 inimicum

97 1125 140 1220 ‘in
160 1125 268 1191 insuia
290 1126 508 1208 decapitatum
530 1143 610 1191 csse.
642 1124 738 1202 Quod
759 1129 836 1189 item
857 1124 1041 1190 Joruaodea
1062 1136 1228 1190 asseverat

110 1241 173 1290 una
194 1243 270 1290 cum
293 1224 425 1292 Victore
447 1227 620 1292 tunonensi
641 1235 674 1290 et
694 1225 837 1307 Evagrio
859 1227 1086 1291 coaetaneis.»

189 1327 224 1392 in
246 1325 344 1394 Libro
366 1325 421 1394 iv.
441 1327 485 1392 Dc
498 1325 660 1408 Aedificiis
681 1330 786 1409 iuquit
800 1327 1001 1409 Procopius:
1019 1349 1036 1390 a
1051 1327 1112 1393 Sed
1135 1348 1153 1391 a
1173 1347 1227 1410 pn·

111 1428 171 1490 tria
193 1429 278 1508 regis
299 1430 376 1494 mitri
403 1429 594 1494 ordiendum
616 1447 685 1493 esse
706 1431 861 1494 arbitror.
894 1428 985 1495 flauo
1006 1431 1089 1493 euim
1121 1431 1225 1494 aniam

110 1527 202 1594 decet
221 1530 351 1606 extolli,
366 1531 550 1610 dimisere,
574 1531 735 1607 venerari,
750 1545 836 1611 quac
856 1530 953 1594 talem
975 1547 1083 1610 regom
1105 1532 1228 1594 enutri·

111 1630 170 1704 sit,
193 1629 291 1694 talem
319 1632 460 1695 mmaois
482 1631 663 1711 praesertim
695 1629 791 1711 cujus
812 1647 911 1708 opera
935 1629 1041 1694 serbis
1069 1643 1225 1694 enarrare

109 1739 140 1794 et
154 1731 274 1796 litteris
289 1732 516 1796 commendere
531 1731 729 1811 impossibile
744 1739 803 1794 eet.
821 1728 1032 1812 Quapropter
1045 1748 1139 1796 nemo
1154 1748 1229 1794 coo·

8 1821 9 1824 '
111 1831 250 1897 teuderii
269 1849 328 1913 per
348 1847 475 1896 omnem
507 1839 647 1899 aetatem
669 1832 769 1896 iniere
801 1833 1001 1912 quempiam,
1019 1839 1057 1896 et
1077 1832 1227 1896 omuibus

112 1932 310 2008 homiuibus,
332 1931 516 1998 iustiniauo
538 1951 626 2013 rege,
657 1933 757 2013 magis
786 1933 962 2013 providum
983 1943 1017 1996 et
1045 1934 1228 1996 accuratio-

112 2051 227 2096 rem.»

191 2129 312 2201 Tamen
334 2137 365 2198 in
387 2155 415 2201 n.
431 2134 486 2200 vt.
503 2133 664 2200 Historias
685 2137 828 2202 ersom
842 2137 960 2201 horum
983 2134 1106 2200 obiitus
1126 2143 1228 2217 atque

110 2254 242 2318 negans,
266 2239 342 2301 tatia
373 2238 413 2301 de
434 2235 618 2303 iustiniauo
650 2239 802 2317 scripsita
820 2235 1031 2302 «Tantorum
1064 2236 1228 2300 malorum

111 2349 231 2405 auctor
252 2338 327 2415 tuit,
350 2348 432 2420 quot
452 2349 572 2419 quauta
594 2340 706 2408 audita
727 2357 790 2404 coo
812 2347 889 2405 suut
909 2359 950 2402 ea
972 2339 1058 2402 omni
1079 2340 1229 2417 superio·

116 2457 193 2505 rom
213 2449 358 2504 aetatum
380 2441 547 2510 memoria.
570 2438 682 2503 Facite
714 2439 949 2521 prorumpebat
970 2439 1001 2502 iu
1021 2455 1131 2517 -opum
1152 2438 1231 2500 atic-

113 2559 231 2604 uarnm
248 2542 387 2621 rapinas,
406 2543 439 2604 io
460 2541 587 2615 candes,
603 2542 650 2605 sic
671 2548 708 2613 ut
729 2557 789 2621 pro
810 2540 913 2602 nihilo
927 2539 1063 2602 duceret
1085 2541 1230 2604 innume·

113 2661 184 2706 ram
207 2643 343 2723 perdere
364 2644 467 2705 omnis
486 2642 628 2706 criminis
649 2643 806 2707 insontem
828 2641 1111 2704 multitudinem.»

198 2745 335 2823 iusuper
347 2745 379 2808 io
401 2765 429 2810 o.
447 2743 503 2809 tx.
521 2742 726 2818 dicendorum,
741 2739 925 2806 Historious
939 2739 1158 2806 Justioionum
1175 2757 1230 2802 ro-

112 2855 168 2912 cst
190 2849 295 2910 sirum
318 2847 444 2924 paudite
466 2845 574 2910 reneri
594 2844 789 2919 studiosum.
811 2844 907 2908 sicuti
935 2840 1139 2906 Theodoram
1161 2841 1230 2904 coi-

113 2947 203 3010 iocat
225 2948 307 3010 inter
336 2946 566 3013 celeberrimas
588 2945 788 3017 meretrices,
805 2945 848 3005 ita
866 2953 902 3006 ut
934 2942 1047 3005 nulius
1068 2949 1151 3006 esset
1178 2957 1231 3002 sa·

112 3065 199 3110 cous
216 3047 445 3112 theodorieuae
459 3045 678 3126 impudicitiae
693 3043 796 3105 iocus.
813 3039 1087 3106 incoronavit
1103 3060 1111 3102 ι
1129 3059 1146 3100 a
1162 3038 1232 3102 Hae

113 3156 329 3226 tempestate„
340 3147 461 3220 subdit,
482 3148 627 3210 omnium
650 3143 718 3208 iere
740 3144 915 3207 mulierum
939 3159 1045 3204 morea
1066 3141 1227 3219 corrupti,

111 3267 202 3329 quac
224 3267 282 3329 per
301 3266 464 3314 summam
483 3247 648 3312 licentiam
670 3247 801 3325 impune
832 3243 1006 3323 peccabant
1028 3243 1058 3304 io
1081 3242 1232 3302 meritona

112 3361 149 3415 et
170 3351 202 3412 io
233 3351 355 3428 crimen
376 3349 530 3412 adulterii
547 3358 680 3412 uocatae
703 3345 958 3408 dimittebantur.
983 3341 1120 3420 Multae,
1145 3341 1231 3402 adita

110 3457 224 3518 atatim
247 3450 471 3530 imperatrice,
492 3469 531 3514 ac
552 3450 677 3516 reddito
699 3451 818 3511 iterum
842 3446 881 3510 de
910 3444 1023 3508 eudem
1043 3459 1141 3508 nausa
1163 3441 1231 3521 pia·

110 3572 157 3616 ne
176 3553 344 3618 contrario
365 3552 500 3632 judicio,
514 3551 687 3616 criminum
709 3551 868 3612 immunes
889 3544 1231 3628 pronunciabantur.»

197 3654 349 3719 Attamen
372 3653 490 3716 ibidem
511 3651 598 3716 baud
619 3652 693 3714 sitot
714 3647 897 3714 ilistoricns
918 3645 1099 3710 aedificium
1124 3659 1232 3706 mona·

113 3753 209 3817 nterii
231 3771 273 3816 ex
295 3752 469 3817 iustiniani
490 3759 523 3816 et
542 3749 735 3817 Theodorae
755 3767 854 3829 opera
878 3765 937 3827 pro
959 3746 1143 3825 receptione
1165 3760 1231 3804 ma-

112 3852 286 3916 retricum.
303 3852 351 3918 ibe
372 3855 433 3918 hoc
455 3869 555 3932 porro
575 3850 774 3914 sanctissimo
796 3866 960 3928 uunquam
981 3849 1058 3913 satie
1071 3860 1231 3907 commen·

109 3954 221 4019 daudo
242 3955 389 4028 consitio,
406 3955 437 4015 in
453 3954 585 4018 iuturae
601 3952 716 4018 aetatis
730 3960 762 4014 et
782 3953 964 4030 principum
980 3949 1230 4010 christianorum

109 4055 304 4134 exemptum
324 4055 648 4135 praestantissimum,
670 4052 821 4132 loquitur
835 4054 867 4114 iu
889 4049 987 4114 Libro
1011 4049 1034 4110 Ι.
1057 4069 1084 4114 n.
1109 4043 1164 4108 tx.
1189 4041 1233 4106 Dc

109 4154 280 4236 Aedificiis
300 4156 472 4237 iuquiens:
