3138 4950
307 363 372 433 412

310 470 425 544 multa,
448 483 532 549 quse
553 468 593 532 ati
614 468 752 549 gloriam
774 467 902 534 Domini
924 476 956 533 et
981 467 1109 535 (lisinae
1136 471 1209 553 eius
1234 471 1422 554 discipliuae

308 571 509 650 spectabant,
532 573 695 649 exposuit.
712 571 848 652 Scripsit
862 589 997 652 qnoque
1009 573 1166 652 Origenes
1182 574 1220 635 ati
1238 573 1421 654 Philippum

311 673 540 751 imperatorem
564 682 596 736 et
616 673 655 734 ad
670 671 825 738 Serenam
846 691 985 737 uxorem
1008 675 1079 754 ejus
1099 677 1265 755 epistolas,
1289 677 1344 737 uhi
1365 676 1422 737 do·

312 777 433 836 ctrinae
456 775 650 838 christianae
670 777 824 855 sapientia
848 777 1070 856 praelucebat,
1092 785 1125 856 et
1152 780 1315 841 sanctitas,

391 873 461 939 llne
482 887 592 942 autem
622 895 698 940 sane
721 879 839 942 mirum
862 879 892 940 io
913 877 1067 959 Origene,
1089 880 1158 958 qui,
1182 879 1332 958 quamvis
1352 895 1426 958 per·

311 987 412 1054 petuo
434 997 508 1042 eum
522 979 701 1042 haereticis
722 980 989 1058 congrederetur,
1014 981 1110 1044 ialaaa
1123 979 1293 1044 contutans
1307 997 1424 1042 eorum

311 1080 485 1155 doctrinas,
509 1081 707 1145 catholicum
729 1081 844 1162 dogma
867 1099 1074 1163 propugnans
1094 1099 1194 1162 snpra
1213 1079 1428 1161 praedicatio·

311 1197 384 1242 uem
406 1182 827 1261 apostolicamsoltdatum,
842 1193 874 1247 et
888 1186 920 1247 iu
935 1203 998 1265 qus
1016 1184 1238 1248 tantummono
1259 1183 1429 1246 obtinetur

312 1282 413 1356 salus,
437 1283 657 1358 nihilominus,
673 1293 710 1349 ut
730 1285 913 1350 ostenderet
935 1295 1058 1368 quanto
1072 1287 1213 1350 horrore
1227 1289 1295 1364 ipse
1309 1301 1426 1347 eorum

313 1401 415 1462 prava
435 1383 587 1465 dogmata
608 1385 763 1461 attineret,
780 1388 929 1468 Apostoli
951 1389 1073 1452 dictum
1087 1405 1165 1468 prae
1181 1387 1286 1450 oeulis
1299 1385 1427 1450 hahuit:

311 1481 407 1548 ssols'te
419 1481 538 1565 J'ssguns
559 1487 670 1550 ducere
690 1507 761 1571 epm
781 1487 975 1569 infidelibus,
993 1497 1025 1553 et
1046 1491 1133 1569 quoti
1155 1491 1327 1567 seqnitur:
1347 1505 1430 1570 pasus

314 1585 479 1654 consentin
503 1587 622 1654 Christi
642 1592 686 1654 cd
705 1586 840 1654 uertat?
870 1591 977 1654 utihue
999 1593 1065 1672 ipse
1094 1592 1280 1653 adolescens
1303 1591 1426 1668 (narrat

316 1687 476 1758 Eusebius
498 1693 529 1754 in
551 1689 650 1756 Libro
673 1690 729 1754 vt.
751 1711 779 1754 o.
803 1691 864 1770 ll.)
888 1694 987 1772 patris
1009 1691 1219 1754 iacultatihus
1240 1690 1317 1753 fiseo
1339 1707 1427 1752 mao-

316 1791 488 1865 cipatis,-in
509 1809 668 1856 summam
690 1793 830 1872 inopiam
854 1794 1016 1868 redactus,
1033 1794 1100 1871 ipse
1121 1792 1162 1854 ab
1182 1789 1424 1870 opulentissima

316 1888 454 1952 toemioa
475 1894 648 1972 adoptivus
669 1891 756 1957 tilius
777 1897 953 1974 excipitur,
976 1913 1073 1974 quem
1094 1911 1204 1957 secum
1230 1892 1351 1954 hahens
1372 1891 1428 1952 rto·

318 1991 375 2065 mi,
408 1994 528 2056 mirum
550 1993 581 2056 iu
603 1996 733 2058 modom
765 1997 1056 2075 complectebatur.
1082 1993 1116 2056 ln
1138 1995 1199 2057 hac
1232 2011 1310 2055 sero
1331 1993 1428 2054 domo

316 2092 448 2169 guttam
467 2096 516 2159 sir
537 2095 777 2160 haereticorum
793 2106 1019 2178 propugnator
1033 2096 1165 2176 degebat
1181 2117 1188 2157 a
1207 2117 1222 2152 s
1238 2093 1297 2156 Sed
1313 2093 1428 2172 Orige-

317 2212 385 2272 nes,
402 2197 460 2260 etsi
475 2215 549 2262 curn
564 2198 752 2280 supradicto
775 2201 859 2276 siro,
875 2199 928 2263 coi
945 2197 1067 2262 Paulus
1089 2216 1204 2259 nomeu
1225 2205 1307 2268 erat,
1324 2211 1431 2256 neees-

316 2296 410 2362 sitate
426 2300 614 2379 compulsus
631 2305 886 2376 consessiones
900 2317 939 2363 eo
956 2308 1061 2363 tamen
1076 2307 1222 2379 ternpore
1242 2314 1321 2360 sose
1336 2298 1367 2358 io
1384 2313 1434 2357 re·

320 2408 371 2464 cto
395 2399 457 2463 uno
479 2401 648 2466 retinentia
670 2404 868 2466 constantiae
888 2401 1146 2465 illustrissimum
1160 2402 1321 2479 specimen
1344 2397 1433 2470 dans,

320 2517 490 2581 nunqnam
513 2500 631 2566 adduci
653 2504 773 2582 potuit,
797 2511 833 2565 ut
854 2519 930 2565 cum
953 2500 1056 2564 Paulo
1080 2503 1243 2563 haeretico
1268 2503 1299 2560 io
1323 2516 1435 2578 pracs-

322 2603 409 2665 tieue
430 2605 642 2667 consisteret:
667 2603 834 2666 Ecclesiae
855 2605 980 2667 scilicet
1000 2602 1148 2682 regulam
1170 2619 1333 2664 sersansa
1356 2619 1432 2678 pne-

319 2720 371 2778 ro,
388 2711 439 2779 ut,
455 2711 487 2768 ct
509 2707 643 2786 ipsemet
657 2704 777 2769 aliouhi
793 2706 954 2785 loquitor,
972 2706 1177 2769 abominatus
1192 2704 1432 2766 haereticorum

320 2805 508 2883 dogmatum
531 2807 851 2884 praedicationem.»

402 2904 530 2982 Quanta
555 2927 634 2973 sero
664 2909 695 2972 in
717 2907 884 2990 Religlouo
913 2909 1084 2974 christiana
1109 2914 1249 2987 praestet
1271 2907 1438 2970 hnmilits··

321 3007 360 3070 tis
383 3010 486 3072 sirtns
511 3009 552 3073 alt
572 3008 652 3074 lesu
681 3011 862 3090 exemplari
885 3009 1035 3084 ostendit,
1061 3008 1264 3090 Apostolus;
1287 3009 1344 3088 qui
1367 3015 1432 3069 toto

321 3109 429 3172 studio
455 3111 537 3174 hane
556 3129 705 3176 sermone
726 3120 759 3176 ct
779 3130 879 3194 opero
898 3111 1052 3176 excolere
1074 3111 1201 3190 sategit,
1223 3108 1306 3172 adeo
1326 3116 1363 3172 ut
1382 3125 1434 3170 eo·

322 3226 392 3273 ram
413 3212 580 3276 corinthiis
602 3212 779 3277 obtestatus
799 3214 840 3275 sit
858 3233 867 3276 r
891 3233 908 3273 s
930 3210 1002 3276 Nou
1022 3209 1106 3274 enirn
1121 3209 1273 3291 judicari
1292 3227 1339 3270 uss
1357 3205 1437 3270 scire

322 3309 449 3390 aliquid
471 3310 557 3374 inter
577 3332 631 3376 uos
657 3311 724 3376 nisi
753 3311 862 3380 Jesutn
888 3312 1046 3378 Christum
1077 3323 1105 3374 et
1125 3311 1211 3373 huno
1231 3307 1432 3388 crucifissus.

324 3409 466 3491 ideoque
486 3415 636 3494 quamvis
658 3415 834 3496 privilegiis
855 3416 1050 3495 specialibus
1068 3431 1084 3476 a
1105 3411 1174 3475 Deo
1195 3412 1370 3476 decoratos
1391 3427 1437 3473 es·

323 3519 383 3587 set,
406 3514 615 3580 nihilominus
634 3535 669 3580 se
691 3518 860 3581 minimum
883 3514 1121 3596 Apostolorum
1142 3513 1338 3594 profiteturs
1360 3529 1436 3592 quo·

323 3608 412 3676 siuns
433 3623 614 3694 persecutos
633 3635 717 3689 suns,
740 3619 856 3697 inquit,
872 3614 1047 3680 Ecclesium
1065 3612 1130 3677 Dei.
1150 3613 1329 3688 tremens
1347 3629 1436 3675 ssssm

324 3712 401 3778 ls'lssr
420 3734 460 3780 so·
473 3717 630 3792 omnihus,
651 3718 791 3782 omniurn
812 3737 858 3780 nse
878 3736 1003 3781 seruum
1021 3716 1093 3796 seri.
1112 3714 1154 3780 Et
1174 3715 1237 3778 hoe
1258 3713 1437 3778 manttesrs·

327 3822 382 3882 tur
405 3816 434 3880 in
456 3820 581 3883 conctis
603 3819 751 3900 Apostoli
774 3821 901 3885 actibus
921 3828 954 3884 et
974 3819 1005 3882 in
1029 3825 1094 3882 tota
1114 3833 1173 3881 suo
1196 3815 1437 3881 conversations

326 3915 410 3982 iuter
431 3927 553 3998 gentes.

407 4018 503 4084 linuc
526 4021 621 4090 aienti
642 4021 807 4087 Christum
831 4022 967 4087 miratus
987 4021 1156 4102 Origenes,
1178 4018 1306 4100 sibique
1325 4015 1438 4099 praei·

326 4137 401 4200 gens
417 4129 544 4204 typum,
560 4126 680 4206 quippo
696 4123 931 4189 Christianismi
946 4123 1114 4187 summitas
1129 4126 1177 4184 est
1193 4119 1372 4192 humilitas,
1385 4134 1436 4179 so·

324 4239 383 4302 per
399 4226 504 4288 omnia
526 4225 608 4290 hane
623 4227 820 4306 singularam
846 4229 1001 4292 virtutem
1026 4225 1057 4289 iu
1072 4223 1171 4291 corde
1191 4239 1254 4287 suo
1276 4219 1345 4286 lixit
1367 4233 1435 4298 per·
