3042 4940
1185 338 1227 410 bl

107 451 214 534 Quum
228 454 355 539 primns
368 451 506 535 vintrus
520 459 703 536 postauam
717 453 749 516 in
764 449 883 519 Urbem
899 451 1019 530 regiam
1041 445 1228 520 adrentum,

109 557 301 640 subscripsit
320 575 380 640 per
398 554 601 634 indiculum,
627 566 661 622 ot
680 575 756 623 cum
776 575 818 621 co
837 551 978 634 episcopi
999 547 1229 620 occidentales,

110 663 170 742 qui
183 659 492 741 Constantinopolim
506 667 739 726 consemrants
755 655 843 739 qnod
857 652 1048 721 indiculum
1069 647 1184 714 delnde
1198 646 1231 712 in

109 761 257 830 cmcttie
277 761 488 826 oecumenico
506 759 732 825 confirmatum
753 765 812 822 est

189 860 315 927 Verum
335 862 435 944 probo
456 862 714 938 considerentur,
730 877 816 942 qnae
829 860 1034 944 opponebant
1059 859 1174 928 latriae
1200 883 1234 930 e·

105 965 243 1048 pisonpi,
264 966 417 1042 dicentes,
431 965 515 1046 qood
535 963 571 1028 in
589 983 705 1028 eomas
717 960 878 1046 principio
896 973 926 1028 ct
940 957 1029 1028 sede
1049 965 1232 1046 Apostolico

101 1085 165 1148 per
190 1064 342 1148 Vipilr'nns
364 1066 500 1148 Papum,
513 1076 543 1132 ct
562 1085 666 1129 omnes
687 1064 866 1130 latinorum
876 1063 1124 1146 prouinciarum
1140 1067 1234 1147 prin·

107 1167 192 1248 cipes
211 1166 522 1232 comminatorium
545 1164 764 1248 capitulorum
776 1165 902 1248 sortiter
920 1167 1111 1232 restiterunt.
1136 1169 1176 1234 ldt
1191 1172 1235 1234 itu

111 1288 149 1334 se
162 1267 280 1334 babeat
290 1287 353 1334 res.
371 1267 585 1335 Intervallum
600 1287 691 1344 sero,
709 1287 776 1350 qno
790 1269 881 1350 prins
894 1269 993 1333 trium
1007 1266 1235 1350 Cspltnlornm

111 1373 277 1436 damnatio
291 1371 323 1433 ln
342 1370 516 1434 Occidente
537 1370 755 1435 obsistentium
778 1371 910 1450 reperit,
932 1371 1077 1452 praecise
1097 1389 1160 1435 non
1180 1371 1236 1434 do·

111 1471 236 1536 dcitur.
259 1469 480 1536 Nihilominus
501 1470 630 1536 videtur
643 1471 683 1533 ab
705 1488 788 1535 anno
803 1467 875 1536 538.
898 1489 973 1534 cnm
992 1469 1131 1551 vigilios
1152 1471 1235 1536 Pon·

113 1570 273 1636 tldcstum
302 1571 479 1648 adcendit,
507 1571 574 1652 iam
602 1579 677 1636 tnnc
704 1589 802 1637 censa
824 1572 1010 1653 bnjnsmodl
1030 1573 1158 1652 agitari,
1180 1574 1236 1634 ad·

111 1673 266 1740 somniis
296 1674 438 1754 nudique
459 1676 491 1738 ln
511 1673 655 1738 ecclesiis
687 1673 940 1750 occidentalibus
971 1673 1232 1748 occurrentibus,

112 1775 239 1852 veritis,
259 1793 300 1840 ne
320 1794 380 1857 per
399 1778 518 1842 borum
536 1761 766 1858 Cupitulorum
788 1774 1037 1849 domuitionem,
1053 1775 1085 1835 in
1105 1771 1235 1857 synodo

110 1875 358 1942 chalcedonensi
383 1877 518 1957 probata
549 1877 815 1959 reprobarentur.
831 1875 874 1940 Et
886 1876 996 1941 inboc
1011 1892 1089 1940 cusu
1104 1876 1234 1956 quidem

109 1980 238 2046 sincera
269 1985 302 2044 et
332 1979 481 2058 religiosa
514 1985 583 2044 tum
614 1976 720 2060 vigilii
743 1987 812 2042 tom
841 1986 1027 2042 ceterorum
1055 1979 1234 2042 antistitum

111 2081 284 2162 prudentia
304 2080 650 2156 celebrandarum
671 2079 828 2146 ulllmodo
845 2079 1040 2162 despuenda.
1058 2079 1129 2144 Non
1151 2081 1235 2142 eninr

113 2181 259 2265 proprie,
276 2189 314 2247 ut
328 2183 456 2262 saepius
476 2183 556 2259 diri,
571 2183 613 2247 de
632 2183 782 2262 dogmate
804 2181 915 2262 aliquo
935 2181 1105 2260 agebatur,
1120 2182 1175 2244 sed
1196 2181 1236 2242 de

113 2285 282 2366 pumnnis,
307 2290 342 2349 et
367 2283 561 2364 quibusdam
584 2285 734 2363 scriptia:
766 2283 821 2346 ubl
846 2285 952 2364 prison
980 2281 1145 2346 Ecclesiae
1176 2281 1235 2344 Pu·

116 2384 424 2463 trnmdncnmunts,
445 2384 498 2450 rel
512 2385 612 2449 erulis
635 2384 764 2449 traditio
783 2383 979 2449 consolanda
1003 2392 1115 2463 erant;
1134 2382 1234 2447 veluti

111 2486 228 2554 deinde
248 2497 433 2569 opportune
464 2504 524 2568 pro
545 2487 593 2551 rei
613 2486 763 2552 delinitae
794 2485 1015 2551 declaratione
1043 2495 1153 2550 notem
1174 2492 1232 2548 cst.

115 2585 244 2653 ldclrco
267 2587 417 2669 Pelopiae
438 2588 555 2654 merito
568 2586 773 2652 adversarios
793 2589 916 2668 arpnlt,
937 2586 1025 2668 quod
1046 2587 1106 2668 ipsi
1129 2583 1237 2665 vigilii

115 2699 150 2754 ot
169 2690 312 2754 aliorum
334 2691 561 2772 episcoporum
577 2689 652 2772 plus
667 2690 720 2754 rel
741 2690 847 2754 minus
860 2689 1088 2771 Cupitnlornm
1103 2688 1234 2751 anutbe·

115 2793 195 2857 muti
216 2791 427 2858 resistentmm
460 2810 520 2874 pro
539 2811 574 2857 se
596 2792 704 2859 iacere
725 2791 892 2872 putarint;
925 2809 999 2857 cum
1026 2807 1069 2854 or
1096 2789 1237 2852 adverso

115 2893 237 2956 intentu
266 2891 516 2956 occidentalium
551 2894 779 2972 episcoporum
809 2891 962 2956 diuturne
997 2889 1239 2964 contradictio,

116 3011 194 3058 cnm
214 2993 322 3058 adbuc
344 3013 395 3058 res
416 3001 646 3074 quaereretur,
669 3011 732 3058 non
753 3011 813 3074 pro
834 2994 879 3060 eis
899 2993 954 3058 sud
976 2993 1133 3058 edversus
1154 2993 1239 3072 ipsos

117 3095 255 3162 luceret.
276 3094 313 3158 ln
336 3096 397 3160 boc
418 3113 559 3177 numque
584 3101 729 3176 tempore
749 3095 840 3176 copia
862 3095 969 3158 latinis
989 3095 1145 3174 episcopis
1165 3109 1241 3171 sup·

117 3197 337 3278 peditabutur,
356 3203 503 3262 aeterum
515 3196 650 3262 Petrum
667 3197 875 3276 inuestigandi
891 3196 992 3260 libros
1005 3204 1037 3258 et
1051 3194 1240 3276 pruesertins

117 3316 327 3380 praecorum,
342 3308 376 3362 et
386 3299 433 3363 sic
448 3299 642 3382 pedetcmlm
662 3300 705 3364 sb
725 3297 849 3362 inscitia
863 3297 903 3361 sd
917 3297 1082 3362 scientium
1105 3297 1151 3360 rei
1170 3311 1243 3374 per-

117 3399 288 3476 renteudt,
319 3409 353 3466 et
372 3402 565 3468 rationabile
583 3400 757 3466 exbibendi
788 3399 863 3464 idel
882 3397 1088 3480 obsequium,
1105 3403 1137 3461 et
1150 3397 1183 3461 in
1204 3411 1243 3458 eu

115 3502 329 3568 immobiliter
348 3502 566 3583 permanendl.
585 3501 680 3580 Qnod
694 3517 759 3566 uos
773 3499 997 3575 obtinuissent,
1011 3499 1057 3563 sit
1077 3496 1240 3577 Pelagine,

114 3598 147 3664 si
171 3619 256 3668 noste
272 3599 445 3684 praecipiti
458 3601 650 3686 prinsquam
676 3619 788 3666 ¹tarentus
816 3605 1043 3683 opoeseerent,
1067 3593 1242 3696 consensis·

116 3713 187 3768 m
470 3715 473 3720 .

198 3804 262 3870 tlte
282 3813 392 3872 sutem
407 3806 571 3874 discutere
584 3807 667 3884 sino,
682 3824 768 3888 quse
783 3803 934 3885 Pnlepius
951 3805 1073 3884 optimo
1093 3803 1158 3866 uite
1181 3799 1243 3866 Ln-

114 3905 181 3972 tr'nr'
189 3907 304 3990 quippe
316 3907 457 3972 domines
470 3917 500 3974 ct
510 3905 830 3990 urrumnaipnnrt,
839 3907 916 3972 door
927 3903 1072 3986 linquam
1086 3901 1244 3978 murus,

117 4027 254 4074 errorem
273 4010 364 4074 corde
383 4019 606 4091 coperuerunt.
622 4007 712 4074 llaec
727 4025 808 4074 sane
836 4009 999 4090 potissimo
1019 4025 1117 4072 censa
1137 4005 1246 4070 estitit

114 4114 343 4194 episcoporum
362 4111 610 4176 occidentalium
633 4111 806 4188 illusionis,
829 4110 861 4172 in
881 4125 945 4190 qna
964 4108 1059 4173 raldo
1078 4108 1245 4190 praestitu-

119 4231 157 4280 re
173 4212 361 4281 Ferrundus
373 4221 407 4280 et
422 4210 605 4279 Ferendus.
619 4211 769 4294 Quorum
793 4212 901 4294 praeci
913 4211 1071 4278 sermonis
1091 4209 1241 4292 ignorun-
