2994 4938
55 482 134 547 ueris
156 478 380 562 superuenisse
397 477 502 557 lihrls,
522 478 666 562 satisque
689 477 790 544 tirmla
810 478 1013 558 argumentis
1045 495 1165 560 propo·

54 585 147 648 situm
168 599 341 660 exornans,
362 579 445 646 adeo
466 598 506 646 ne
524 581 567 648 sit
586 580 799 648 dubitandum
822 579 962 662 amplius
983 582 1023 646 de
1043 569 1161 647 eorum

53 682 306 765 interpolatione.

131 782 319 863 Praeterea,
345 784 433 866 queo
455 785 487 848 in
507 801 605 849 eausa
633 781 753 848 lindiut
772 785 806 848 et
825 784 1058 850 monachorum
1079 785 1160 862 dixi,

53 885 168 967 quippe
188 903 253 950 non
274 887 396 952 luerint
415 885 610 978 anathemati
634 885 767 950 obnoxii
787 884 831 950 uh
849 900 901 963 ea,
922 903 1007 966 quae
1026 886 1067 952 du
1087 885 1163 951 Orl-

54 1003 127 1064 yeue
146 988 269 1068 opinati
288 995 376 1064 sunt,
398 987 480 1052 illud
505 986 589 1050 idem
607 985 675 1068 jam
703 986 942 1067 sapientissime¹
955 986 1107 1052 indicarit
1126 995 1161 1054 et

53 1086 192 1152 distinxit
213 1089 403 1154 Anastasius
419 1088 521 1171 Papa,
538 1088 717 1152 rescribens
737 1085 854 1152 loanni
875 1088 1162 1173 hierosolymitano

55 1188 90 1252 de
110 1186 233 1253 llufflui
253 1189 436 1254 eonditioue
456 1191 595 1271 roganti,
610 1207 652 1252 an
666 1198 739 1271 post
755 1187 922 1252 damnatos
942 1205 1085 1266 errem,
1103 1185 1161 1272 qni

53 1289 220 1370 origenem
251 1300 419 1357 auctorem
441 1290 689 1373 praelerehnut,
722 1288 872 1355 Rudinus
892 1290 959 1371 ipse
980 1291 1163 1360 haeretluua

54 1391 248 1470 reputandus
268 1401 374 1456 esset:
391 1391 550 1474 «ltaque,
566 1392 731 1474 respoudit
745 1391 845 1472 Papa,
868 1387 972 1456 irater
985 1391 1160 1470 canusima,

55 1491 133 1554 omni
146 1492 332 1572 suspicione
350 1495 503 1573 seposita,
526 1490 695 1556 llulhuum
711 1493 842 1572 propria
865 1499 970 1555 mente
984 1485 1162 1573 perpe'ntley

52 1591 75 1652 ai
93 1589 241 1673 origenis
262 1592 347 1657 dieta
368 1593 399 1656 iu
420 1592 557 1658 latinum
587 1593 752 1656 transtulit
773 1609 812 1656 ae
832 1594 997 1672 probarit,
1020 1611 1079 1657 neu
1099 1592 1162 1657 dis·

53 1691 187 1758 similisa
201 1711 264 1758 reo
285 1703 345 1770 est,
360 1695 417 1775 qui
430 1694 543 1760 alienis
560 1695 643 1759 vitiis
668 1700 808 1774 praestat
821 1710 998 1758 assensum.
1016 1692 1101 1758 lllud
1117 1703 1164 1758 ta·

54 1809 119 1856 meu
139 1801 252 1860 tenere
274 1802 306 1860 te
326 1795 442 1876 eupio,
465 1797 509 1860 ita
531 1795 642 1860 haberi
663 1812 682 1858 a
703 1795 819 1859 uostris
840 1795 987 1876 partibus
1004 1793 1161 1872 alienum,

54 1900 88 1958 ut
104 1895 181 1976 quid
202 1904 301 1977 agat,
328 1897 384 1962 uhi
403 1897 458 1972 sit,
480 1915 540 1960 nee
558 1897 646 1961 seire
662 1894 841 1978 cupiamus.
865 1891 937 1976 lpse
957 1893 1148 1982 dentque‘
1119 1912 1164 1960 ιι

55 1993 142 2072 derit,
165 1995 223 2060 uhi
245 1997 346 2078 possit
363 1996 500 2062 absolsi.
516 2015 533 2056 a

128 2095 206 2162 Post
227 2099 303 2176 hoe,
324 2106 437 2164 nostru
460 2098 554 2162 ratde
581 2097 730 2180 proheiet
747 2102 941 2178 argumento
971 2115 1035 2164 uon
1054 2096 1163 2164 sulum

54 2193 164 2262 lludlui
184 2200 243 2264 sed
257 2205 293 2264 at
304 2201 538 2264 monaehnrum
557 2199 773 2275 nitriensium,
788 2199 1010 2283 Chryaoatomi
1031 2207 1064 2264 et
1082 2199 1165 2267 alio·

55 2314 122 2362 rum
140 2300 320 2364 sententiae
338 2317 416 2381 erga
435 2299 610 2381 Origenem
629 2300 798 2364 stabilitam
818 2317 915 2380 aqua
937 2317 1001 2363 nou
1022 2299 1165 2366 demae·

55 2415 97 2474 re,
117 2416 176 2464 nee
196 2405 439 2478 retractarunt,
461 2419 520 2466 nee
542 2419 685 2482 unquam
706 2399 748 2464 de
768 2417 807 2466 ea
827 2399 1030 2476 dubitarunt,
1053 2417 1164 2482 perso·

56 2515 211 2566 nameum
232 2501 300 2568 suis
313 2503 441 2583 seriptis
462 2502 681 2568 orthodoxam
703 2501 803 2568 luisse
823 2503 1051 2566 existimantes.
1069 2501 1112 2566 Et
1132 2505 1165 2568 in

55 2598 111 2666 hue
129 2603 273 2682 maxime
300 2611 447 2670 veterum
468 2602 603 2669 Patrum
626 2604 829 2668 traditionem
862 2603 1029 2682 leeeruut3
1052 2619 1166 2684 quarn·

56 2721 113 2780 que
132 2723 191 2770 uos
210 2705 254 2770 ah
274 2705 372 2770 huius
388 2703 480 2770 Tomi
502 2705 593 2774 tuitio
614 2708 746 2771 eitatam
770 2704 915 2770 studiose
939 2705 1161 2783 expendimus.

55 2799 101 2866 Ex
120 2807 261 2872 adverae
282 2807 440 2872 tamenin
461 2808 522 2872 hae
542 2806 656 2872 eadem
679 2807 868 2887 quaestione
887 2823 923 2870 se
942 2824 978 2868 se
998 2807 1165 2870 eontiuue-

56 2914 126 2969 ruut
139 2904 341 2988 Theophilus
360 2914 393 2972 et
403 2905 634 2991 Hieronymus,
652 2906 776 2971 nullam
798 2907 830 2970 in
844 2905 910 2970 suis
925 2904 1017 2968 dietis
1031 2906 1166 2984 promit·

57 3013 148 3074 tentes
163 3010 360 3074 firmitatem.
383 3008 603 3087 Quamobrem
615 3009 692 3091 jure
706 3005 855 3072 llulllnus
869 3009 900 3071 in
915 3005 1013 3070 Lihro
1028 3004 1071 3071 ll.
1088 3025 1119 3069 ιι.
1133 3003 1165 3074 6.

58 3109 253 3189 exprobrans
268 3108 479 3194 Hieronymo,
496 3110 553 3173 ait:
567 3107 763 3190 «Numquid
778 3108 871 3172 illum
887 3105 1098 3182 imitabimur,
1109 3105 1168 3187 qul

60 3229 126 3276 reos
139 3229 199 3276 nee
214 3212 443 3292 interrogatos,
460 3229 519 3276 noe
533 3209 762 3292 respondentes
775 3207 978 3282 condemnat,
992 3212 1026 3270 et
1039 3223 1102 3270 non
1115 3223 1168 3270 so·

55 3307 119 3372 lum
138 3328 202 3375 nou
224 3312 453 3393 respondentes
479 3309 534 3378 sed
556 3318 589 3374 et
615 3317 784 3374 mortuos:
813 3314 847 3371 et
862 3323 930 3370 nou
950 3305 1058 3368 eolurn
1080 3321 1166 3368 mor·

59 3416 138 3490 tuns,
152 3413 208 3478 aed
220 3418 255 3478 et
267 3431 335 3492 eos,
357 3431 441 3494 quos
459 3429 589 3493 semper
601 3418 677 3475 aute
695 3409 890 3474 laudaverat
899 3425 912 3487 3
927 3413 960 3471 at
975 3424 1038 3471 nnn
1057 3404 1165 3470 solutu

58 3527 128 3590 eos,
148 3531 232 3596 quos
252 3513 465 3594 laudaverat,
487 3513 544 3581 sed
564 3520 597 3579 et
621 3531 703 3595 quos
722 3517 856 3577 reuutns
876 3507 997 3585 luerat,
1019 3516 1053 3574 et
1067 3505 1166 3588 magi·

58 3620 136 3680 atem
156 3615 345 3680 mouenti
365 3635 383 3676 a

128 3713 172 3781 ltt
191 3717 237 3780 ita
258 3735 374 3782 reuera
394 3716 552 3795 vidimus,
583 3733 727 3800 quorum
748 3713 912 3795 lugentum
933 3717 968 3776 et
986 3707 1167 3775 doetrinana

58 3817 164 3896 pietati
180 3817 386 3899 eonjuuetam
417 3825 513 3884 autea
534 3819 567 3883 in
587 3817 717 3883 eoelum
738 3813 905 3880 extulerat
935 3811 1166 3896 Hieronymus,

59 3917 201 4003 deiuueps
215 3921 320 4000 ipsum
334 3919 526 3986 eorumdem
539 3919 713 3985 detrahere
734 3916 850 3990 iamne,
876 3933 939 3978 nou
953 3912 1101 3992 Origeuls
1115 3925 1164 3975 so·

59 4017 136 4100 lum,
155 4019 211 4084 aed
230 4025 265 4084 et
291 4015 437 4097 Eusehii,
468 4017 609 4102 Didymi,
631 4015 764 4093 Rudini,
790 4011 1024 4098 chrysostomi,
1056 4027 1095 4074 ao
1115 4027 1167 4072 ee·

60 4125 211 4185 tererem.
233 4117 276 4186 lit
290 4119 429 4202 amplius
444 4119 486 4183 ah
507 4120 570 4184 hun
591 4117 788 4192 factumest,
807 4121 843 4180 ut
864 4131 923 4194 per
938 4119 985 4176 tot
1001 4110 1166 4176 aulraotua

60 4218 231 4290 deseratur
251 4224 376 4290 unimus
399 4219 601 4308 Hieronymi,
625 4227 662 4286 ut
684 4217 814 4286 nullum
833 4214 994 4297 reperiret
1015 4212 1071 4280 uhi
1091 4226 1167 4276 uun·
