3066 4950
324 379 386 452 326

417 480 507 546 flacc
528 496 629 564 porco
659 495 722 542 non
744 479 811 560 ipso
831 476 921 542 coins
945 475 1008 540 ridi
1030 473 1087 538 sed
1107 479 1141 540 et
1165 471 1359 548 Cotcierina,
1380 473 1431 550 qui

323 586 405 650 banc
426 583 541 665 Cyrilii
566 582 732 644 historiam
750 579 847 644 vertit
869 578 1096 656 renouauitque
1118 577 1149 640 iu
1170 572 1275 638 Tomo
1291 571 1349 638 ΙΙΙ.
1371 571 1433 640 tta·

320 696 545 751 camentorum
567 682 726 746 Ecclesiae
749 679 886 744 Graecae
908 697 938 762 p.
963 676 1045 744 ott:
1062 702 1078 736 a
1096 676 1211 758 Neque
1233 695 1313 740 aero
1332 694 1433 741 uenea-

320 809 355 854 sc
376 797 437 865 est,
460 796 497 852 ut
515 787 696 868 quidquam
725 785 870 848 dicamus
894 783 934 846 de
954 781 1082 866 Cyritio
1110 780 1328 865 scytopolitu5
1361 797 1431 844 oum

322 889 389 970 ipse
411 897 475 953 tem
491 889 521 950 in
545 890 605 950 hoc
627 884 713 961 Vita,
728 903 827 961 quam
849 885 879 946 in
903 883 958 946 illa
977 881 1156 966 Euthymii,
1176 891 1210 948 et
1228 881 1284 946 illa
1306 881 1431 947 tonante

321 990 532 1074 hesychastas
548 989 589 1050 do
611 1005 647 1056 se
666 987 798 1051 iocatus
814 985 928 1060 inerit,
950 1002 1026 1049 cnm
1047 985 1233 1049 notissimus
1253 984 1295 1048 sit
1314 1001 1355 1046 ex
1379 982 1432 1045 do·

320 1099 451 1158 ciarum
473 1091 640 1155 huminum
670 1089 796 1168 elogiis,
819 1090 877 1166 qui
899 1088 1048 1152 certatim
1071 1088 1102 1150 in
1123 1085 1238 1150 laudea
1260 1085 1348 1150 iitina
1369 1091 1431 1148 tan·

319 1209 419 1274 quam
434 1192 580 1257 accurati
595 1198 627 1254 et
649 1190 811 1269 diligentis
829 1187 1011 1268 scriptoria,
1026 1187 1206 1267 optimique
1223 1187 1371 1250 historici
1389 1185 1432 1250 ei·

322 1294 488 1358 ieruntur.
510 1291 622 1369 Quare
644 1292 833 1354 merebatur
858 1307 920 1370 pro
936 1289 1112 1354 uirtutibus
1131 1290 1212 1366 suia,
1234 1297 1273 1352 ut
1293 1289 1432 1352 minuta

319 1392 469 1460 Simeoue
491 1392 712 1473 Metaphsaate
728 1392 1016 1457 contaminaretur.
1032 1389 1168 1455 Poterat
1188 1388 1335 1470 quidam,
1353 1391 1380 1453 ai
1393 1389 1432 1452 ita

319 1495 506 1572 ridebatur,
530 1497 634 1560 miuus
658 1511 777 1574 praece
798 1505 938 1568 mutare,
960 1493 1039 1557 ticet
1060 1492 1352 1572 gracco-barbara
1373 1509 1431 1554 uon

320 1606 454 1664 careant
466 1615 525 1662 aua
542 1596 706 1677 utilitate3
721 1614 781 1660 nec
800 1597 904 1658 deeiat
924 1606 1090 1670 auctores,
1107 1595 1193 1658 unde
1208 1595 1326 1674 purior
1345 1611 1433 1674 grac·

319 1701 400 1766 citas
421 1707 562 1782 petatur.
585 1697 647 1762 Sed
668 1715 729 1764 cur
761 1698 864 1777 (nihii
884 1697 959 1762 dico
978 1695 1019 1762 de
1038 1696 1254 1760 additionibus
1274 1703 1308 1763 et
1328 1703 1428 1760 muta·

317 1799 473 1879 tionibus)
493 1817 595 1882 quam
615 1801 757 1881 plurima
776 1799 931 1864 historica
952 1799 1125 1881 magnique
1146 1799 1301 1864 momenti
1323 1807 1357 1862 ct
1375 1798 1430 1862 sci·

317 1911 356 1967 tu
377 1902 559 1984 dignissima
580 1901 773 1976 detraxerit,
805 1901 964 1965 rationem
984 1911 1018 1966 et
1038 1901 1283 1966 excusationem
1315 1915 1429 1981 nequa·

318 2001 598 2084 quaeritantis
622 2012 740 2078 tamen,
764 2007 801 2066 nt
821 2002 905 2067 sciet
920 2002 1053 2068 iortuaa
1072 1997 1290 2068 deterioribus
1311 2003 1429 2077 terere,

315 2088 587 2188 metaphraatcam
600 2102 725 2168 Sabbas
740 2102 845 2168 Vitam
867 2106 961 2168 multi
983 2104 1230 2187 ecdicesnajus
1245 2101 1341 2169 Urbis
1360 2122 1429 2170 cuu-

317 2207 429 2272 tinont.
453 2207 666 2290 Cyriitiuucm
687 2213 798 2272 antem
819 2206 851 2268 ia
882 2206 981 2270 uuico
1001 2213 1114 2270 nactus
1134 2223 1221 2282 sum,
1243 2223 1283 2270 eo
1304 2206 1427 2286 qnidam

317 2309 422 2374 bonae
437 2317 545 2386 uotae,
566 2309 621 2372 scd
644 2307 838 2389 prohdolor
859 2327 919 2388 per
932 2325 1100 2372 mucorem
1121 2315 1282 2389 corrupto
1303 2316 1338 2374 et
1357 2326 1427 2373 exe·

318 2429 365 2478 ao.
388 2409 479 2476 Unde
499 2421 633 2477 coactus
663 2429 737 2476 sum
758 2429 801 2474 ex
820 2428 918 2474 senaa
943 2419 977 2473 et
996 2410 1198 2491 conjectare,
1228 2427 1271 2474 ex
1293 2411 1429 2493 vestigiis

276 2549 279 2556 ·
318 2514 516 2593 scripturae,
541 2521 575 2576 et
597 2512 810 2594 metaphrasi,
829 2521 865 2575 et
885 2511 1092 2576 citationibus
1112 2511 1280 2592 suppiere,
1303 2513 1427 2593 qnando

318 2614 413 2679 licuit
427 2631 466 2679 ac
486 2615 570 2678 inter
591 2633 694 2678 armos
706 2633 766 2693 pro
788 2631 880 2676 more
896 2613 1120 2695 supplementa
1136 2613 1327 2678 collocare:
1349 2634 1429 2696 quaa

319 2726 396 2780 tnnc
411 2715 509 2779 tinam
530 2718 638 2780 aedem
654 2716 806 2780 habitura
826 2723 915 2794 sunt,
937 2717 995 2780 ubi
1008 2735 1068 2798 per
1087 2717 1175 2780 atiud
1198 2720 1386 2800 quodquam
1399 2739 1429 2784 e·

316 2816 468 2898 ucmpiar
489 2816 755 2881 firmabuntur.»
1034 2881 1036 2885 .

398 2917 513 2996 Quoad
532 2937 609 2984 vero
631 2921 726 2996 bane,
740 2911 975 3000 quana'teuent
999 2921 1181 3000 opinionem
1204 2920 1367 3004 Euagrius
1386 2923 1429 2986 hi·

316 3021 457 3085 storicua
478 3030 510 3084 et
531 3020 676 3105 Cyrilttrs
698 3022 875 3085 monachus
896 3023 1063 3103 ceterique
1085 3027 1297 3104 posteriores,
1319 3025 1427 3104 Oriqe·

317 3139 391 3186 nem
413 3124 566 3186 nimirum
588 3132 621 3186 ct
643 3121 820 3204 iivaqrium
842 3141 880 3186 ac
907 3121 1083 3210 Didymum
1104 3125 1137 3188 in
1167 3123 1299 3206 synodo
1320 3123 1359 3188 V.
1379 3126 1429 3187 da·

254 3259 256 3264 ·
318 3233 443 3288 mnatus
465 3225 563 3288 inissa
586 3227 698 3305 (quam
719 3228 909 3290 senteutiam
939 3227 981 3288 ah
1003 3227 1092 3291 initio
1113 3225 1294 3308 confutari)
1316 3228 1357 3292 ci.
1381 3229 1428 3291 rir

317 3324 363 3392 Le
385 3325 492 3404 Quian
510 3328 548 3396 ,iu
567 3326 675 3407 Opere
703 3328 857 3408 iuscripta
885 3325 999 3391 Oriens
1030 3325 1232 3394 Christianus
1246 3327 1350 3394 Tomo
1370 3325 1423 3392 lii.

317 3445 348 3510 p.
372 3424 445 3494 itt.
467 3430 627 3492 disserena
648 3429 687 3492 de
703 3429 852 3508 Oeiqeuis
875 3431 1053 3494 intrusione
1066 3430 1098 3492 in
1119 3431 1211 3494 iatius
1232 3429 1353 3514 synodi
1373 3427 1428 3496 Gt·

318 3545 401 3594 noue
415 3526 471 3592 xt.
495 3529 575 3594 haec
588 3529 725 3594 scribit:
744 3551 760 3590 a
776 3528 848 3593 Nou
864 3531 964 3610 igitur
983 3531 1051 3596 siue
1072 3547 1170 3596 cansa
1185 3531 1346 3612 auspicari
1360 3547 1427 3612 pot·

315 3645 430 3694 sumus
445 3630 538 3705 baec,
561 3645 645 3710 quan
668 3627 843 3710 Euagrius,
859 3626 1086 3712 Theophanes,
1110 3639 1143 3695 et
1157 3629 1326 3698 Cedreuua
1344 3637 1427 3713 gesta

315 3749 385 3796 esse
398 3731 512 3795 dicunt
528 3732 559 3794 in
580 3732 692 3810 quinta
706 3730 836 3816 Synodo
857 3732 1014 3796 adversus
1028 3731 1215 3813 Oriqeucm,
1230 3733 1288 3798 diu
1303 3739 1374 3816 post
1393 3731 1427 3793 it·

314 3831 384 3896 tam,
400 3830 567 3914 spondam
589 3833 713 3914 adjecta
727 3850 796 3898 osae
816 3832 859 3896 ob
873 3835 1057 3912 argumenti
1076 3833 1321 3900 similitudinem
1331 3856 1343 3916 ;
1363 3849 1424 3896 non

317 3942 426 4000 tanen
446 3934 477 3998 in
492 3953 529 3998 ea
550 3933 679 4020 syuodo
693 3943 765 3998 acta
788 3933 898 4000 inisse.
916 3935 968 3999 Sic
991 3935 1087 4000 etiam
1103 3943 1190 4014 qesta
1213 3933 1333 4022 Synodi
1352 3950 1424 3998 con·

314 4025 624 4117 attatinopolitcnan
644 4036 706 4101 sub
728 4035 845 4101 bienna
861 4037 1019 4102 adversus
1041 4036 1231 4101 huthimum
1247 4035 1423 4102 etZoaram

314 4150 435 4200 annum
448 4134 517 4202 536.
534 4138 612 4200 hnic
623 4136 754 4222 Synodu
770 4135 808 4198 V.
824 4139 940 4220 subjici
954 4137 1115 4217 solebant,
1139 4149 1176 4202 ut
1191 4145 1329 4204 testatur
1343 4134 1421 4199 Pho·

315 4234 381 4302 tiua
394 4236 427 4301 in
440 4235 654 4304 Bibliotheca.
668 4257 685 4298 a
701 4237 743 4303 Et
759 4237 833 4304 hinc
852 4240 1003 4306 similiter
1016 4256 1080 4306 uon
1095 4246 1144 4304 eat
1158 4239 1279 4304 mirum
1296 4239 1322 4304 ai
1339 4239 1418 4302 mau-
