3042 4940
1141 378 1182 446 37
1273 449 1279 456 .

78 483 238 564 probarit,
261 497 359 563 quam
382 481 478 560 lbae,
500 485 556 564 qui
587 498 658 548 earn
679 483 826 564 negarit,
842 499 917 563 esso
942 483 1117 566 justissimo
1137 484 1179 546 ab

75 584 215 649 omuibus
235 585 287 648 rel
321 587 574 660 aestimatam,
599 583 651 648 vel
671 583 834 650 aestimari
858 583 955 648 debet
984 581 1178 662 Epistola.»

73 673 188 750 lleiod'e
208 703 239 750 n.
260 682 312 752 m.
337 686 369 751 iu
396 703 467 750 eam
483 685 614 750 subdit:
637 683 785 766 altaque
804 685 1113 750 anathematizamus
1134 694 1183 748 at·

72 805 131 866 qne
153 786 341 852 damnamus
361 789 612 869 suprascriptam
635 785 836 865 Epistulam,
867 803 965 866 qoam
987 784 1027 850 ad
1061 783 1182 850 blarim

72 887 195 951 Persam
217 889 417 952 haereticum
437 888 601 968 scripsisse
638 885 708 950 lbas
729 885 945 967 confingitur,
967 901 1052 964 uuae
1073 884 1179 952 Deum

71 989 107 1052 de
124 995 231 1052 sancta
247 985 305 1050 llci
326 987 489 1053 Genitrlce
510 994 543 1050 et
561 1004 690 1069 semper
704 984 836 1068 Virgine
858 985 961 1050 bieria
977 977 1180 1050 incarnatum

72 1095 101 1149 et
121 1087 278 1150 hominem
301 1085 421 1150 lactum
442 1103 512 1150 esse
532 1087 668 1167 abnegat
690 1127 804 1148 .....
817 1081 883 1150 an
904 1092 1013 1148 autem
1035 1086 1092 1165 qui
1115 1103 1180 1150 me·

70 1195 221 1250 moratam
244 1185 421 1268 Epistulam
450 1185 490 1249 ad
512 1185 631 1250 blarim
664 1184 794 1250 Persam
829 1184 1007 1264 designatas
1027 1185 1179 1263 superius

69 1285 276 1369 blasphemias
306 1289 519 1352 continentem
548 1305 567 1351 a
596 1294 705 1353 sancta
736 1284 981 1352 chalcedonensi
1009 1284 1178 1371 synodos

70 1387 223 1466 praesenti
247 1397 412 1468 tompore,
434 1389 650 1452 innotescente
676 1386 736 1452 sibl
758 1384 858 1450 nostrl
877 1386 963 1449 aeria
983 1384 1179 1462 Constituti,

70 1489 295 1554 contenderant
321 1507 390 1552 esse
409 1499 615 1570 susceptam,
637 1489 690 1554 rel
709 1506 734 1564 a,
749 1505 958 1570 quocumque
991 1487 1181 1552 eorumdem

69 1587 197 1655 Patrona
218 1592 252 1654 in
272 1588 475 1656 Chalcedone
506 1590 714 1656 residentium
739 1589 959 1654 orthodoxam
990 1590 1179 1670 pronuntia·

69 1695 127 1754 tau
148 1692 299 1758 uituutor
319 1691 501 1768 adstruere,
517 1693 587 1774 pari
609 1691 821 1758 anathematis
842 1709 943 1774 poena
959 1690 1179 1771 percellimus.

70 1787 223 1867 Quoniam
246 1793 435 1857 nouaclum
456 1799 567 1857 sanctu
581 1799 615 1856 ct
636 1792 814 1858 maerendo
832 1791 1076 1857 chalcedonensi
1097 1793 1181 1860 Con·

71 1892 141 1956 cilio
162 1894 314 1973 inrogare
336 1894 517 1958 moliuntur
538 1894 689 1975 iniuriam
700 1913 713 1974 3
745 1894 977 1960 verumetiam
998 1895 1179 1962 incentores

68 2009 103 2056 ac
122 2003 333 2058 renovatores
352 2013 387 2058 se
406 1997 501 2075 sopiti
521 1995 663 2059 scandali
685 1993 889 2076 profiteatur.
912 2013 930 2053 s

138 2092 245 2161 Paulo
267 2102 339 2172 post
358 2114 389 2159 n.
408 2093 459 2161 ⁶26.
481 2096 521 2159 ed
543 2093 753 2162 Theodorum
774 2102 1035 2176 mopsuestenum
1055 2116 1179 2164 sermo·

69 2208 134 2256 uem
157 2203 288 2260 rericus
301 2193 358 2260 ait:
374 2215 392 2256 o
407 2194 567 2284 Expletiu
581 2213 666 2275 quae
687 2196 728 2260 de
747 2196 899 2276 sopienda
922 2197 1015 2277 primi
1037 2195 1180 2279 Capituli

69 2296 275 2375 quaestione,
298 2296 379 2360 idest
400 2296 440 2362 de
462 2295 605 2378 Epistola
627 2296 666 2360 ad
699 2294 818 2362 blarim
843 2295 973 2364 l’ersam
995 2296 1180 2365 disserenda

69 2396 115 2460 rel
135 2395 316 2462 dedolanda
335 2405 449 2474 erant,
483 2415 612 2462 noemae
632 2397 723 2462 nobie
743 2404 814 2472 est,
836 2399 913 2478 quid
935 2399 976 2463 de
1006 2395 1180 2464 Theodoro

69 2507 289 2577 mopsuesteno
309 2497 446 2580 eiusque
467 2498 579 2576 dictis,
602 2499 838 2566 ecclesiasticae
859 2501 991 2566 unitatis
1023 2503 1106 2566 ratio
1128 2502 1182 2568 vel

69 2595 134 2662 hdci
150 2617 169 2662 a
183 2601 304 2666 sanctis
324 2601 469 2680 patribus
492 2601 629 2666 traditae
650 2601 778 2664 cautela
801 2600 870 2664 ficri
892 2603 993 2682 exigit
1012 2602 1177 2684 expedire.

72 2693 301 2779 Perpsodimus
322 2701 446 2781 itaque,
471 2700 558 2781 quod
585 2701 683 2783 holos
707 2719 840 2782 quoque
864 2703 1059 2781 quaestionis
1082 2721 1180 2770 exur-

67 2796 148 2864 diom
168 2821 212 2867 ex
236 2803 474 2867 haereticorum
496 2819 635 2868 coenoso
658 2801 745 2880 doute
766 2805 955 2868 manaverit.
989 2803 1071 2868 Cum
1092 2804 1177 2870 euim

67 2903 235 2967 esuriant
259 2910 334 2967 ante
354 2904 464 2984 plures
484 2920 584 2967 anuos
605 2900 668 2967 oda
683 2904 828 2968 calerent
848 2905 944 2983 impia
963 2902 1034 2986 ejus
1048 2903 1181 2984 dogma·

69 3003 176 3066 hauh
197 3005 302 3083 ipsius
321 3001 460 3071 damnati
483 3003 624 3070 Nestorii
645 3005 774 3070 numine
794 3004 1014 3085 quorumdam
1034 3004 1180 3070 sensibus

67 3100 257 3183 decipiendis
279 3107 433 3181 inserere,
448 3107 522 3170 hinc
544 3105 727 3186 proterendi
749 3107 870 3172 erroris
885 3110 937 3172 soi
953 3109 1180 3189 opportunita-

69 3207 127 3266 tem
148 3201 320 3285 quuiritis
341 3205 511 3271 fraudibus
531 3207 746 3283 invenerunt,
771 3212 807 3270 ut
830 3227 871 3272 ex
894 3207 994 3288 ipsius
1017 3206 1179 3272 Theodori
1276 3263 1279 3270 .

65 3307 277 3382 mopsuesteni
297 3306 390 3370 libris
404 3325 534 3388 ‚ouem
552 3307 676 3390 jactant
702 3308 734 3370 in
754 3324 833 3388 pace
855 3307 1019 3372 Ecclesiae
1046 3309 1181 3374 delecis-

65 3419 107 3478 se,
128 3405 227 3487 impia
249 3424 365 3472 rursus
378 3405 520 3474 Nestorii
540 3409 692 3489 dogmate
708 3406 913 3489 blasphemiis
934 3409 1178 3474 immanioribus

65 3504 210 3572 innovata
239 3505 665 3574 introducere-niterentur.
697 3506 847 3585 Quorum
870 3526 989 3572 aeueue
1016 3508 1178 3576 diuturnis

66 3609 262 3690 temporibus
282 3609 412 3674 occulte
440 3611 619 3690 serpentia,
652 3626 737 3674 nuuc
758 3617 869 3689 aperta
892 3609 1091 3692 professione
1111 3629 1178 3674 ma·

65 3710 177 3786 cauda,
200 3719 329 3776 nostrus
342 3720 376 3776 et
394 3713 648 3776 christianissimi
665 3709 821 3790 Principis
835 3713 1045 3792 omniumque
1065 3712 1177 3776 ortho-

62 3807 221 3874 doxorum
237 3812 359 3878 animoa
372 3815 617 3892 permoverunt,
631 3811 863 3877 attendentium
879 3830 942 3875 nou
956 3831 1025 3876 cese
1036 3813 1175 3894 amplius

64 3907 237 3978 differenda
259 3911 412 3988 ramenta,
429 3911 498 3988 uhi,
520 3929 579 3992 pcr
600 3913 785 3993 patientiam
800 3912 1053 3978 dissimulatione
1074 3912 1176 3979 nutri-

64 4015 103 4086 ta,
123 4019 188 4076 tarn
212 4013 317 4093 magni
338 4013 414 4078 mali
430 4013 559 4078 ridetur
578 4015 717 4078 crevisse
739 4015 906 4094 pernicies.

137 4133 153 4174 a
174 4112 247 4178 Hoc
267 4115 351 4180 enim
366 4124 560 4183 memoratos
574 4117 772 4181 nestorianos
787 4116 915 4196 publice
930 4123 961 4179 ot
982 4117 1176 4183 incessantur

62 4209 229 4284 adstruere
242 4217 326 4283 nulli
342 4220 426 4288 seuit
440 4219 472 4284 in
487 4218 635 4298 dubium,
652 4217 802 4288 dicentes·
821 4215 885 4288 Nos
897 4225 1017 4299 patrem
1032 4232 1096 4282 uua
1110 4227 1176 4284 mm
