<?xml version="1.0" encoding="UTF-8"?>
<!DOCTYPE html PUBLIC "-//W3C//DTD XHTML 1.0 Transitional//EN"
    "http://www.w3.org/TR/xhtml1/DTD/xhtml1-transitional.dtd">
<html xmlns="http://www.w3.org/1999/xhtml" xml:lang="en" lang="en">
 <head>
  <title>
</title>
<meta http-equiv="Content-Type" content="text/html;charset=utf-8" />
  <meta name='ocr-system' content='tesseract 3.04.00' />
  <meta name='ocr-capabilities' content='ocr_page ocr_carea ocr_par ocr_line ocrx_word'/>
</head>
<body>
  <div class='ocr_page' id='page_1' title='image "./insgregoriinyss01vincgoog/insgregoriinyss01vincgoog_0028.png"; bbox 0 0 3186 4946; ppageno 0'>
   <div class='ocr_carea' id='block_1_1' title="bbox 138 369 1267 4011">
    <p class='ocr_par' dir='ltr' id='par_1_1' title="bbox 138 369 1250 556">
     <span class='ocr_line' id='line_1_1' title="bbox 138 369 1250 454; baseline -0.003 -18"><span class='ocrx_word' id='word_1_1' title='bbox 138 386 199 436; x_wconf 86' lang='lat' dir='ltr'><strong>noa</strong></span> <span class='ocrx_word' id='word_1_2' title='bbox 220 388 440 454; x_wconf 72' lang='lat' dir='ltr'><strong>propugnate</strong></span> <span class='ocrx_word' id='word_1_3' title='bbox 453 371 636 454; x_wconf 70' lang='lat' dir='ltr'><strong>onrenan.</strong></span> <span class='ocrx_word' id='word_1_4' title='bbox 660 369 749 438; x_wconf 73' lang='lat' dir='ltr'><strong>llaec</strong></span> <span class='ocrx_word' id='word_1_5' title='bbox 762 373 868 438; x_wconf 88' lang='lat' dir='ltr'><strong>omnia</strong></span> <span class='ocrx_word' id='word_1_6' title='bbox 889 371 1070 454; x_wconf 69' lang='lat' dir='ltr'><strong>ponderata</strong></span> <span class='ocrx_word' id='word_1_7' title='bbox 1092 385 1250 452; x_wconf 74' lang='lat' dir='ltr'><strong>perquam</strong></span> 
     </span>
     <span class='ocr_line' id='line_1_2' title="bbox 140 471 900 556; baseline 0.004 -22"><span class='ocrx_word' id='word_1_8' title='bbox 140 471 324 553; x_wconf 73' lang='lat' dir='ltr'><strong>digniaaima</strong></span> <span class='ocrx_word' id='word_1_9' title='bbox 344 491 441 538; x_wconf 80' lang='lat' dir='ltr'><strong>ranae</strong></span> <span class='ocrx_word' id='word_1_10' title='bbox 462 475 576 538; x_wconf 86' lang='lat' dir='ltr'><strong>mentia</strong></span> <span class='ocrx_word' id='word_1_11' title='bbox 598 473 718 538; x_wconf 86' lang='lat' dir='ltr'><strong>homini</strong></span> <span class='ocrx_word' id='word_1_12' title='bbox 737 475 900 556; x_wconf 86' lang='lat' dir='ltr'><strong>relinquo.</strong></span> 
     </span>
    </p>

    <p class='ocr_par' dir='ltr' id='par_1_2' title="bbox 140 572 1262 2685">
     <span class='ocr_line' id='line_1_3' title="bbox 223 572 1253 658; baseline 0.002 -20"><span class='ocrx_word' id='word_1_13' title='bbox 223 572 422 640; x_wconf 75' lang='lat' dir='ltr'><strong>detulerim</strong></span> <span class='ocrx_word' id='word_1_14' title='bbox 444 583 652 657; x_wconf 79' lang='lat' dir='ltr'><strong>repetantur,</strong></span> <span class='ocrx_word' id='word_1_15' title='bbox 668 593 752 658; x_wconf 86' lang='lat' dir='ltr'><strong>qnae</strong></span> <span class='ocrx_word' id='word_1_16' title='bbox 773 577 813 640; x_wconf 91' lang='lat' dir='ltr'><strong>de</strong></span> <span class='ocrx_word' id='word_1_17' title='bbox 834 578 902 658; x_wconf 78' lang='lat' dir='ltr'><strong>ipro</strong></span> <span class='ocrx_word' id='word_1_18' title='bbox 923 575 1006 642; x_wconf 81' lang='lat' dir='ltr'><strong>dixit</strong></span> <span class='ocrx_word' id='word_1_19' title='bbox 1024 575 1095 658; x_wconf 74' lang='lat' dir='ltr'><strong>eina</strong></span> <span class='ocrx_word' id='word_1_20' title='bbox 1115 577 1253 657; x_wconf 82' lang='lat' dir='ltr'><strong>diaoipu·</strong></span> 
     </span>
     <span class='ocr_line' id='line_1_4' title="bbox 140 673 1254 760; baseline 0.004 -20"><span class='ocrx_word' id='word_1_21' title='bbox 140 675 194 741; x_wconf 85' lang='lat' dir='ltr'><strong>lua</strong></span> <span class='ocrx_word' id='word_1_22' title='bbox 213 695 239 741; x_wconf 85' lang='grc' dir='ltr'><strong>ι.</strong></span> <span class='ocrx_word' id='word_1_23' title='bbox 255 673 434 758; x_wconf 72' lang='lat' dir='ltr'>Gregorius</span> <span class='ocrx_word' id='word_1_24' title='bbox 449 687 558 758; x_wconf 78' lang='lat' dir='ltr'><strong>postea</strong></span> <span class='ocrx_word' id='word_1_25' title='bbox 581 679 848 744; x_wconf 74' lang='lat' dir='ltr'>neocaesariensis</span> <span class='ocrx_word' id='word_1_26' title='bbox 869 680 998 744; x_wconf 86' lang='lat' dir='ltr'><strong>antiatea</strong></span> <span class='ocrx_word' id='word_1_27' title='bbox 1013 678 1126 760; x_wconf 82' lang='lat' dir='ltr'><strong>(onina</strong></span> <span class='ocrx_word' id='word_1_28' title='bbox 1147 680 1179 744; x_wconf 86' lang='lat' dir='ltr'><strong>io</strong></span> <span class='ocrx_word' id='word_1_29' title='bbox 1192 677 1254 744; x_wconf 81' lang='lat' dir='ltr'><strong>llo·</strong></span> 
     </span>
     <span class='ocr_line' id='line_1_5' title="bbox 140 777 1252 863; baseline 0 -19"><span class='ocrx_word' id='word_1_30' title='bbox 140 779 239 844; x_wconf 82' lang='lat' dir='ltr'><strong>nlaaia</strong></span> <span class='ocrx_word' id='word_1_31' title='bbox 261 789 350 860; x_wconf 70' lang='lat' dir='ltr'><strong>garta</strong></span> <span class='ocrx_word' id='word_1_32' title='bbox 367 780 524 844; x_wconf 86' lang='lat' dir='ltr'><strong>mirabilia</strong></span> <span class='ocrx_word' id='word_1_33' title='bbox 542 781 718 863; x_wconf 80' lang='lat' dir='ltr'><strong>unicuique</strong></span> <span class='ocrx_word' id='word_1_34' title='bbox 732 781 931 862; x_wconf 81' lang='lat' dir='ltr'><strong>praelucent)</strong></span> <span class='ocrx_word' id='word_1_35' title='bbox 948 799 1058 846; x_wconf 85' lang='lat' dir='ltr'><strong>noram</strong></span> <span class='ocrx_word' id='word_1_36' title='bbox 1072 801 1112 846; x_wconf 94' lang='lat' dir='ltr'><strong>eo</strong></span> <span class='ocrx_word' id='word_1_37' title='bbox 1127 781 1158 844; x_wconf 92' lang='lat' dir='ltr'><strong>in</strong></span> <span class='ocrx_word' id='word_1_38' title='bbox 1173 777 1252 846; x_wconf 86' lang='lat' dir='ltr'><strong>Cae·</strong></span> 
     </span>
     <span class='ocr_line' id='line_1_6' title="bbox 142 879 1254 965; baseline 0 -19"><span class='ocrx_word' id='word_1_39' title='bbox 142 901 235 946; x_wconf 84' lang='lat' dir='ltr'><strong>aaran</strong></span> <span class='ocrx_word' id='word_1_40' title='bbox 259 881 456 946; x_wconf 74' lang='lat' dir='ltr'><strong>Palaestinae</strong></span> <span class='ocrx_word' id='word_1_41' title='bbox 477 885 659 948; x_wconf 77' lang='lat' dir='ltr'><strong>encomium</strong></span> <span class='ocrx_word' id='word_1_42' title='bbox 676 885 775 965; x_wconf 83' lang='lat' dir='ltr'><strong>ipalua</strong></span> <span class='ocrx_word' id='word_1_43' title='bbox 789 890 972 948; x_wconf 85' lang='lat' dir='ltr'><strong>eontexeoa.</strong></span> <span class='ocrx_word' id='word_1_44' title='bbox 994 879 1024 946; x_wconf 88' lang='lat' dir='ltr'><strong>la</strong></span> <span class='ocrx_word' id='word_1_45' title='bbox 1038 885 1135 958; x_wconf 84' lang='lat' dir='ltr'><strong>anim,</strong></span> <span class='ocrx_word' id='word_1_46' title='bbox 1150 901 1254 964; x_wconf 81' lang='lat' dir='ltr'><strong>quum</strong></span> 
     </span>
     <span class='ocr_line' id='line_1_7' title="bbox 144 984 1253 1066; baseline 0 -18"><span class='ocrx_word' id='word_1_47' title='bbox 144 985 184 1048; x_wconf 89' lang='lat' dir='ltr'><strong>ad</strong></span> <span class='ocrx_word' id='word_1_48' title='bbox 197 984 310 1064; x_wconf 80' lang='lat' dir='ltr'><strong>plures</strong></span> <span class='ocrx_word' id='word_1_49' title='bbox 323 1001 421 1048; x_wconf 89' lang='lat' dir='ltr'><strong>annoa</strong></span> <span class='ocrx_word' id='word_1_50' title='bbox 434 1003 508 1049; x_wconf 85' lang='lat' dir='ltr'><strong>num</strong></span> <span class='ocrx_word' id='word_1_51' title='bbox 522 984 661 1066; x_wconf 71' lang='lat' dir='ltr'><strong>Origene</strong></span> <span class='ocrx_word' id='word_1_52' title='bbox 678 993 824 1050; x_wconf 82' lang='lat' dir='ltr'><strong>varaatua</strong></span> <span class='ocrx_word' id='word_1_53' title='bbox 837 986 889 1061; x_wconf 87' lang='lat' dir='ltr'><strong>ait,</strong></span> <span class='ocrx_word' id='word_1_54' title='bbox 904 993 971 1048; x_wconf 92' lang='lat' dir='ltr'><strong>tum</strong></span> <span class='ocrx_word' id='word_1_55' title='bbox 983 986 1025 1048; x_wconf 89' lang='lat' dir='ltr'><strong>ob</strong></span> <span class='ocrx_word' id='word_1_56' title='bbox 1039 985 1253 1050; x_wconf 89' lang='lat' dir='ltr'><strong>eruditionem</strong></span> 
     </span>
     <span class='ocr_line' id='line_1_8' title="bbox 143 1081 1254 1167; baseline 0.003 -22"><span class='ocrx_word' id='word_1_57' title='bbox 143 1084 176 1146; x_wconf 93' lang='lat' dir='ltr'><strong>in</strong></span> <span class='ocrx_word' id='word_1_58' title='bbox 197 1081 387 1166; x_wconf 75' lang='lat' dir='ltr'><strong>scripturis,</strong></span> <span class='ocrx_word' id='word_1_59' title='bbox 410 1085 527 1167; x_wconf 85' lang='lat' dir='ltr'><strong>quibua</strong></span> <span class='ocrx_word' id='word_1_60' title='bbox 549 1084 725 1150; x_wconf 85' lang='lat' dir='ltr'><strong>admodum</strong></span> <span class='ocrx_word' id='word_1_61' title='bbox 744 1084 912 1161; x_wconf 77' lang='lat' dir='ltr'>excelluit,</span> <span class='ocrx_word' id='word_1_62' title='bbox 931 1095 999 1151; x_wconf 89' lang='lat' dir='ltr'><strong>tum</strong></span> <span class='ocrx_word' id='word_1_63' title='bbox 1021 1105 1064 1150; x_wconf 82' lang='lat' dir='ltr'><strong>ex</strong></span> <span class='ocrx_word' id='word_1_64' title='bbox 1083 1085 1254 1167; x_wconf 74' lang='lat' dir='ltr'><strong>multiplici</strong></span> 
     </span>
     <span class='ocr_line' id='line_1_9' title="bbox 142 1184 1255 1269; baseline 0.003 -21"><span class='ocrx_word' id='word_1_65' title='bbox 142 1184 352 1249; x_wconf 72' lang='lat' dir='ltr'><strong>scientiarum</strong></span> <span class='ocrx_word' id='word_1_66' title='bbox 374 1203 491 1265; x_wconf 73' lang='lat' dir='ltr'><strong>genere</strong></span> <span class='ocrx_word' id='word_1_67' title='bbox 504 1194 537 1250; x_wconf 91' lang='lat' dir='ltr'><strong>et</strong></span> <span class='ocrx_word' id='word_1_68' title='bbox 550 1187 750 1268; x_wconf 71' lang='lat' dir='ltr'><strong>potmaimum</strong></span> <span class='ocrx_word' id='word_1_69' title='bbox 772 1188 925 1252; x_wconf 82' lang='lat' dir='ltr'><strong>exanimi</strong></span> <span class='ocrx_word' id='word_1_70' title='bbox 940 1187 1170 1269; x_wconf 72' lang='lat' dir='ltr'><strong>maguitudino,</strong></span> <span class='ocrx_word' id='word_1_71' title='bbox 1186 1205 1255 1251; x_wconf 91' lang='lat' dir='ltr'><strong>mo·</strong></span> 
     </span>
     <span class='ocr_line' id='line_1_10' title="bbox 144 1285 1256 1369; baseline 0.004 -21"><span class='ocrx_word' id='word_1_72' title='bbox 144 1303 286 1367; x_wconf 86' lang='lat' dir='ltr'><strong>rumque</strong></span> <span class='ocrx_word' id='word_1_73' title='bbox 306 1285 450 1367; x_wconf 79' lang='lat' dir='ltr'><strong>ejusdem</strong></span> <span class='ocrx_word' id='word_1_74' title='bbox 471 1287 633 1367; x_wconf 83' lang='lat' dir='ltr'><strong>probitate</strong></span> <span class='ocrx_word' id='word_1_75' title='bbox 654 1293 789 1367; x_wconf 75' lang='lat' dir='ltr'><strong>mutua,</strong></span> <span class='ocrx_word' id='word_1_76' title='bbox 809 1288 874 1368; x_wconf 81' lang='lat' dir='ltr'><strong>sarr</strong></span> <span class='ocrx_word' id='word_1_77' title='bbox 894 1285 1039 1351; x_wconf 82' lang='lat' dir='ltr'><strong>dioiaara</strong></span> <span class='ocrx_word' id='word_1_78' title='bbox 1058 1290 1256 1369; x_wconf 82' lang='lat' dir='ltr'><strong>nuncuparit</strong></span> 
     </span>
     <span class='ocr_line' id='line_1_11' title="bbox 143 1385 1253 1471; baseline 0.004 -21"><span class='ocrx_word' id='word_1_79' title='bbox 143 1387 318 1452; x_wconf 80' lang='lat' dir='ltr'><strong>hominem.</strong></span> <span class='ocrx_word' id='word_1_80' title='bbox 341 1385 537 1467; x_wconf 71' lang='lat' dir='ltr'><strong>Gregorinm</strong></span> <span class='ocrx_word' id='word_1_81' title='bbox 559 1388 654 1465; x_wconf 87' lang='lat' dir='ltr'><strong>dieo,</strong></span> <span class='ocrx_word' id='word_1_82' title='bbox 677 1388 772 1469; x_wconf 82' lang='lat' dir='ltr'><strong>ouius</strong></span> <span class='ocrx_word' id='word_1_83' title='bbox 792 1391 911 1469; x_wconf 83' lang='lat' dir='ltr'><strong>aoripta</strong></span> <span class='ocrx_word' id='word_1_84' title='bbox 934 1389 1040 1454; x_wconf 85' lang='lat' dir='ltr'><strong>adhuu</strong></span> <span class='ocrx_word' id='word_1_85' title='bbox 1060 1397 1253 1471; x_wconf 81' lang='lat' dir='ltr'><strong>rupertum,</strong></span> 
     </span>
     <span class='ocr_line' id='line_1_12' title="bbox 141 1489 1257 1573; baseline 0.002 -21"><span class='ocrx_word' id='word_1_86' title='bbox 141 1498 337 1571; x_wconf 83' lang='lat' dir='ltr'><strong>oetaroaque</strong></span> <span class='ocrx_word' id='word_1_87' title='bbox 359 1491 446 1554; x_wconf 80' lang='lat' dir='ltr'><strong>viror</strong></span> <span class='ocrx_word' id='word_1_88' title='bbox 467 1491 623 1566; x_wconf 78' lang='lat' dir='ltr'><strong>eximios,</strong></span> <span class='ocrx_word' id='word_1_89' title='bbox 646 1493 702 1571; x_wconf 86' lang='lat' dir='ltr'><strong>qni</strong></span> <span class='ocrx_word' id='word_1_90' title='bbox 724 1509 799 1556; x_wconf 85' lang='lat' dir='ltr'><strong>num</strong></span> <span class='ocrx_word' id='word_1_91' title='bbox 820 1489 961 1571; x_wconf 72' lang='lat' dir='ltr'><strong>Origene</strong></span> <span class='ocrx_word' id='word_1_92' title='bbox 984 1492 1053 1573; x_wconf 81' lang='lat' dir='ltr'><strong>pari</strong></span> <span class='ocrx_word' id='word_1_93' title='bbox 1074 1492 1146 1556; x_wconf 81' lang='lat' dir='ltr'><strong>uelo</strong></span> <span class='ocrx_word' id='word_1_94' title='bbox 1167 1500 1200 1556; x_wconf 91' lang='lat' dir='ltr'><strong>et</strong></span> <span class='ocrx_word' id='word_1_95' title='bbox 1220 1491 1257 1554; x_wconf 88' lang='lat' dir='ltr'><strong>li·</strong></span> 
     </span>
     <span class='ocr_line' id='line_1_13' title="bbox 141 1590 1256 1672; baseline 0.004 -19"><span class='ocrx_word' id='word_1_96' title='bbox 141 1590 182 1654; x_wconf 89' lang='lat' dir='ltr'><strong>de</strong></span> <span class='ocrx_word' id='word_1_97' title='bbox 202 1590 436 1672; x_wconf 77' lang='lat' dir='ltr'><strong>proiecerunt,</strong></span> <span class='ocrx_word' id='word_1_98' title='bbox 453 1610 517 1656; x_wconf 94' lang='lat' dir='ltr'><strong>non</strong></span> <span class='ocrx_word' id='word_1_99' title='bbox 537 1593 645 1656; x_wconf 80' lang='lat' dir='ltr'><strong>solum</strong></span> <span class='ocrx_word' id='word_1_100' title='bbox 665 1594 696 1656; x_wconf 89' lang='lat' dir='ltr'><strong>iu</strong></span> <span class='ocrx_word' id='word_1_101' title='bbox 717 1591 831 1656; x_wconf 85' lang='lat' dir='ltr'><strong>eodem</strong></span> <span class='ocrx_word' id='word_1_102' title='bbox 852 1610 967 1656; x_wconf 86' lang='lat' dir='ltr'><strong>errore</strong></span> <span class='ocrx_word' id='word_1_103' title='bbox 987 1594 1028 1658; x_wconf 94' lang='lat' dir='ltr'><strong>de</strong></span> <span class='ocrx_word' id='word_1_104' title='bbox 1047 1592 1256 1657; x_wconf 80' lang='lat' dir='ltr'><strong>daemonium</strong></span> 
     </span>
     <span class='ocr_line' id='line_1_14' title="bbox 143 1692 1255 1774; baseline 0.002 -18"><span class='ocrx_word' id='word_1_105' title='bbox 143 1693 308 1756; x_wconf 86' lang='lat' dir='ltr'><strong>aalrandia</strong></span> <span class='ocrx_word' id='word_1_106' title='bbox 323 1700 356 1756; x_wconf 91' lang='lat' dir='ltr'><strong>et</strong></span> <span class='ocrx_word' id='word_1_107' title='bbox 376 1695 416 1756; x_wconf 87' lang='lat' dir='ltr'><strong>de</strong></span> <span class='ocrx_word' id='word_1_108' title='bbox 431 1693 649 1774; x_wconf 79' lang='lat' dir='ltr'><strong>reproborum</strong></span> <span class='ocrx_word' id='word_1_109' title='bbox 666 1710 844 1773; x_wconf 77' lang='lat' dir='ltr'><strong>poenarum</strong></span> <span class='ocrx_word' id='word_1_110' title='bbox 865 1692 928 1758; x_wconf 87' lang='lat' dir='ltr'><strong>line</strong></span> <span class='ocrx_word' id='word_1_111' title='bbox 941 1694 1127 1758; x_wconf 82' lang='lat' dir='ltr'><strong>eonveniaae</strong></span> <span class='ocrx_word' id='word_1_112' title='bbox 1148 1711 1255 1758; x_wconf 78' lang='lat' dir='ltr'><strong>neom·</strong></span> 
     </span>
     <span class='ocr_line' id='line_1_15' title="bbox 143 1795 1256 1876; baseline 0 -17"><span class='ocrx_word' id='word_1_113' title='bbox 143 1813 178 1859; x_wconf 86' lang='lat' dir='ltr'><strong>aa</strong></span> <span class='ocrx_word' id='word_1_114' title='bbox 191 1803 278 1860; x_wconf 72' lang='lat' dir='ltr'><strong>arat</strong></span> <span class='ocrx_word' id='word_1_115' title='bbox 286 1815 299 1876; x_wconf 80' lang='lat'>3</span> <span class='ocrx_word' id='word_1_116' title='bbox 317 1813 431 1861; x_wconf 83' lang='lat' dir='ltr'><strong>rerum</strong></span> <span class='ocrx_word' id='word_1_117' title='bbox 446 1803 479 1861; x_wconf 90' lang='lat' dir='ltr'><strong>et</strong></span> <span class='ocrx_word' id='word_1_118' title='bbox 499 1795 539 1860; x_wconf 90' lang='lat' dir='ltr'><strong>de</strong></span> <span class='ocrx_word' id='word_1_119' title='bbox 552 1795 667 1860; x_wconf 80' lang='lat' dir='ltr'><strong>notaria</strong></span> <span class='ocrx_word' id='word_1_120' title='bbox 689 1795 876 1860; x_wconf 83' lang='lat' dir='ltr'><strong>naereribua</strong></span> <span class='ocrx_word' id='word_1_121' title='bbox 899 1802 932 1858; x_wconf 91' lang='lat' dir='ltr'><strong>et</strong></span> <span class='ocrx_word' id='word_1_122' title='bbox 949 1795 1166 1876; x_wconf 75' lang='lat' dir='ltr'><strong>impietatibus</strong></span> <span class='ocrx_word' id='word_1_123' title='bbox 1181 1812 1256 1860; x_wconf 87' lang='lat' dir='ltr'><strong>oum</strong></span> 
     </span>
     <span class='ocr_line' id='line_1_16' title="bbox 142 1896 1256 1978; baseline 0.001 -17"><span class='ocrx_word' id='word_1_124' title='bbox 142 1915 183 1962; x_wconf 84' lang='lat' dir='ltr'><strong>eo</strong></span> <span class='ocrx_word' id='word_1_125' title='bbox 203 1897 314 1960; x_wconf 79' lang='lat' dir='ltr'><strong>iuliane</strong></span> <span class='ocrx_word' id='word_1_126' title='bbox 335 1898 553 1962; x_wconf 79' lang='lat' dir='ltr'><strong>consortium:</strong></span> <span class='ocrx_word' id='word_1_127' title='bbox 577 1915 630 1962; x_wconf 82' lang='lat' dir='ltr'><strong>ex.</strong></span> <span class='ocrx_word' id='word_1_128' title='bbox 654 1914 683 1976; x_wconf 71' lang='lat' dir='ltr'><strong>g.</strong></span> <span class='ocrx_word' id='word_1_129' title='bbox 706 1897 746 1960; x_wconf 91' lang='lat' dir='ltr'><strong>de</strong></span> <span class='ocrx_word' id='word_1_130' title='bbox 767 1896 934 1962; x_wconf 76' lang='lat' dir='ltr'><strong>animabus</strong></span> <span class='ocrx_word' id='word_1_131' title='bbox 955 1898 987 1962; x_wconf 91' lang='lat' dir='ltr'><strong>in</strong></span> <span class='ocrx_word' id='word_1_132' title='bbox 1008 1896 1101 1962; x_wconf 83' lang='lat' dir='ltr'><strong>coelo</strong></span> <span class='ocrx_word' id='word_1_133' title='bbox 1122 1913 1256 1978; x_wconf 83' lang='lat' dir='ltr'><strong>pennan-</strong></span> 
     </span>
     <span class='ocr_line' id='line_1_17' title="bbox 146 1997 1256 2081; baseline -0.002 -19"><span class='ocrx_word' id='word_1_134' title='bbox 146 1999 230 2062; x_wconf 80' lang='lat' dir='ltr'><strong>tibm</strong></span> <span class='ocrx_word' id='word_1_135' title='bbox 245 2000 278 2063; x_wconf 91' lang='lat' dir='ltr'><strong>iu</strong></span> <span class='ocrx_word' id='word_1_136' title='bbox 292 2016 433 2080; x_wconf 79' lang='lat' dir='ltr'><strong>corpora</strong></span> <span class='ocrx_word' id='word_1_137' title='bbox 448 2000 589 2064; x_wconf 85' lang='lat' dir='ltr'><strong>humana</strong></span> <span class='ocrx_word' id='word_1_138' title='bbox 602 1997 643 2062; x_wconf 90' lang='lat' dir='ltr'><strong>ad</strong></span> <span class='ocrx_word' id='word_1_139' title='bbox 659 1999 857 2081; x_wconf 82' lang='lat' dir='ltr'><strong>punitionem</strong></span> <span class='ocrx_word' id='word_1_140' title='bbox 870 1999 1014 2081; x_wconf 82' lang='lat' dir='ltr'><strong>dejectis,</strong></span> <span class='ocrx_word' id='word_1_141' title='bbox 1026 1999 1067 2064; x_wconf 94' lang='lat' dir='ltr'><strong>de</strong></span> <span class='ocrx_word' id='word_1_142' title='bbox 1080 2007 1256 2079; x_wconf 63' lang='lat' dir='ltr'><strong>mumura-</strong></span> 
     </span>
     <span class='ocr_line' id='line_1_18' title="bbox 147 2099 1259 2181; baseline 0.003 -18"><span class='ocrx_word' id='word_1_143' title='bbox 147 2099 254 2177; x_wconf 81' lang='lat' dir='ltr'><strong>rlori,</strong></span> <span class='ocrx_word' id='word_1_144' title='bbox 277 2102 318 2166; x_wconf 92' lang='lat' dir='ltr'><strong>de</strong></span> <span class='ocrx_word' id='word_1_145' title='bbox 337 2101 478 2166; x_wconf 85' lang='lat' dir='ltr'><strong>aeonnda</strong></span> <span class='ocrx_word' id='word_1_146' title='bbox 501 2101 740 2181; x_wconf 76' lang='lat' dir='ltr'><strong>redemptione,</strong></span> <span class='ocrx_word' id='word_1_147' title='bbox 761 2100 801 2164; x_wconf 91' lang='lat' dir='ltr'><strong>de</strong></span> <span class='ocrx_word' id='word_1_148' title='bbox 824 2101 971 2166; x_wconf 90' lang='lat' dir='ltr'><strong>mutabili</strong></span> <span class='ocrx_word' id='word_1_149' title='bbox 991 2100 1032 2163; x_wconf 93' lang='lat' dir='ltr'><strong>ad</strong></span> <span class='ocrx_word' id='word_1_150' title='bbox 1053 2101 1188 2165; x_wconf 88' lang='lat' dir='ltr'><strong>inrioem</strong></span> <span class='ocrx_word' id='word_1_151' title='bbox 1202 2117 1259 2166; x_wconf 88' lang='lat' dir='ltr'><strong>un·</strong></span> 
     </span>
     <span class='ocr_line' id='line_1_19' title="bbox 147 2200 1259 2281; baseline 0.003 -18"><span class='ocrx_word' id='word_1_152' title='bbox 147 2203 296 2281; x_wconf 64' lang='lat' dir='ltr'><strong>aelorum</strong></span> <span class='ocrx_word' id='word_1_153' title='bbox 309 2209 342 2266; x_wconf 89' lang='lat' dir='ltr'><strong>et</strong></span> <span class='ocrx_word' id='word_1_154' title='bbox 356 2203 547 2266; x_wconf 91' lang='lat' dir='ltr'><strong>daemonnm</strong></span> <span class='ocrx_word' id='word_1_155' title='bbox 562 2211 595 2264; x_wconf 88' lang='lat' dir='ltr'><strong>et</strong></span> <span class='ocrx_word' id='word_1_156' title='bbox 609 2201 773 2266; x_wconf 84' lang='lat' dir='ltr'><strong>nominum</strong></span> <span class='ocrx_word' id='word_1_157' title='bbox 788 2210 917 2276; x_wconf 82' lang='lat' dir='ltr'><strong>natura,</strong></span> <span class='ocrx_word' id='word_1_158' title='bbox 930 2210 962 2266; x_wconf 88' lang='lat' dir='ltr'><strong>et</strong></span> <span class='ocrx_word' id='word_1_159' title='bbox 975 2201 1015 2264; x_wconf 92' lang='lat' dir='ltr'><strong>de</strong></span> <span class='ocrx_word' id='word_1_160' title='bbox 1029 2200 1099 2266; x_wconf 83' lang='lat' dir='ltr'><strong>aliia</strong></span> <span class='ocrx_word' id='word_1_161' title='bbox 1113 2200 1259 2281; x_wconf 78' lang='lat' dir='ltr'><strong>blaephe-</strong></span> 
     </span>
     <span class='ocr_line' id='line_1_20' title="bbox 148 2300 1261 2388; baseline 0 -22"><span class='ocrx_word' id='word_1_162' title='bbox 148 2304 218 2366; x_wconf 85' lang='lat' dir='ltr'><strong>miia</strong></span> <span class='ocrx_word' id='word_1_163' title='bbox 232 2303 320 2368; x_wconf 89' lang='lat' dir='ltr'><strong>oirua</strong></span> <span class='ocrx_word' id='word_1_164' title='bbox 335 2301 500 2368; x_wconf 80' lang='lat' dir='ltr'><strong>Trinitatis</strong></span> <span class='ocrx_word' id='word_1_165' title='bbox 516 2303 716 2388; x_wconf 79' lang='lat' dir='ltr'><strong>myrterium.</strong></span> <span class='ocrx_word' id='word_1_166' title='bbox 734 2300 827 2380; x_wconf 86' lang='lat' dir='ltr'><strong>Quae</strong></span> <span class='ocrx_word' id='word_1_167' title='bbox 840 2304 945 2366; x_wconf 90' lang='lat' dir='ltr'><strong>omnia</strong></span> <span class='ocrx_word' id='word_1_168' title='bbox 960 2300 1099 2384; x_wconf 80' lang='lat' dir='ltr'><strong>abanrda</strong></span> <span class='ocrx_word' id='word_1_169' title='bbox 1121 2319 1139 2364; x_wconf 95' lang='lat' dir='ltr'><strong>a</strong></span> <span class='ocrx_word' id='word_1_170' title='bbox 1155 2307 1261 2382; x_wconf 77' lang='lat' dir='ltr'><strong>porte-</strong></span> 
     </span>
     <span class='ocr_line' id='line_1_21' title="bbox 150 2403 1260 2487; baseline -0.002 -19"><span class='ocrx_word' id='word_1_171' title='bbox 150 2406 194 2468; x_wconf 84' lang='lat' dir='ltr'><strong>ria</strong></span> <span class='ocrx_word' id='word_1_172' title='bbox 208 2406 241 2467; x_wconf 90' lang='lat' dir='ltr'><strong>in</strong></span> <span class='ocrx_word' id='word_1_173' title='bbox 254 2412 355 2486; x_wconf 81' lang='lat' dir='ltr'><strong>eaput</strong></span> <span class='ocrx_word' id='word_1_174' title='bbox 368 2405 516 2486; x_wconf 76' lang='lat' dir='ltr'><strong>Origenia</strong></span> <span class='ocrx_word' id='word_1_175' title='bbox 531 2423 621 2470; x_wconf 80' lang='lat' dir='ltr'><strong>versa</strong></span> <span class='ocrx_word' id='word_1_176' title='bbox 636 2411 787 2487; x_wconf 85' lang='lat' dir='ltr'><strong>tauquam</strong></span> <span class='ocrx_word' id='word_1_177' title='bbox 802 2405 966 2470; x_wconf 83' lang='lat' dir='ltr'><strong>doctrinae</strong></span> <span class='ocrx_word' id='word_1_178' title='bbox 977 2422 1056 2468; x_wconf 87' lang='lat' dir='ltr'><strong>anae</strong></span> <span class='ocrx_word' id='word_1_179' title='bbox 1067 2403 1260 2486; x_wconf 82' lang='lat' dir='ltr'><strong>portionem,</strong></span> 
     </span>
     <span class='ocr_line' id='line_1_22' title="bbox 144 2505 1262 2587; baseline 0 -19"><span class='ocrx_word' id='word_1_180' title='bbox 144 2507 224 2568; x_wconf 79' lang='lat' dir='ltr'><strong>milui</strong></span> <span class='ocrx_word' id='word_1_181' title='bbox 239 2507 334 2585; x_wconf 78' lang='lat' dir='ltr'><strong>olane</strong></span> <span class='ocrx_word' id='word_1_182' title='bbox 348 2506 543 2587; x_wconf 77' lang='lat' dir='ltr'><strong>impossibile</strong></span> <span class='ocrx_word' id='word_1_183' title='bbox 561 2505 700 2582; x_wconf 83' lang='lat' dir='ltr'><strong>ridetur,</strong></span> <span class='ocrx_word' id='word_1_184' title='bbox 716 2507 830 2570; x_wconf 79' lang='lat' dir='ltr'><strong>citatos</strong></span> <span class='ocrx_word' id='word_1_185' title='bbox 845 2507 931 2571; x_wconf 84' lang='lat' dir='ltr'><strong>riroa</strong></span> <span class='ocrx_word' id='word_1_186' title='bbox 945 2513 1003 2570; x_wconf 91' lang='lat' dir='ltr'><strong>ant</strong></span> <span class='ocrx_word' id='word_1_187' title='bbox 1017 2507 1191 2587; x_wconf 74' lang='lat' dir='ltr'><strong>ignoratae,</strong></span> <span class='ocrx_word' id='word_1_188' title='bbox 1203 2510 1262 2569; x_wconf 87' lang='lat' dir='ltr'><strong>aul</strong></span> 
     </span>
     <span class='ocr_line' id='line_1_23' title="bbox 143 2608 854 2685; baseline -0.003 -14"><span class='ocrx_word' id='word_1_189' title='bbox 143 2609 296 2684; x_wconf 81' lang='lat' dir='ltr'><strong>audentea,</strong></span> <span class='ocrx_word' id='word_1_190' title='bbox 318 2609 373 2674; x_wconf 88' lang='lat' dir='ltr'><strong>illa</strong></span> <span class='ocrx_word' id='word_1_191' title='bbox 396 2609 574 2685; x_wconf 85' lang='lat' dir='ltr'><strong>admiaiaee‚</strong></span> <span class='ocrx_word' id='word_1_192' title='bbox 598 2609 649 2672; x_wconf 84' lang='lat' dir='ltr'><strong>vel</strong></span> <span class='ocrx_word' id='word_1_193' title='bbox 674 2608 854 2672; x_wconf 87' lang='lat' dir='ltr'><strong>tolleraaae.</strong></span> 
     </span>
    </p>

    <p class='ocr_par' dir='ltr' id='par_1_3' title="bbox 146 2707 1262 3094">
     <span class='ocr_line' id='line_1_24' title="bbox 226 2707 1261 2791; baseline -0.003 -16"><span class='ocrx_word' id='word_1_194' title='bbox 226 2707 445 2775; x_wconf 77' lang='lat' dir='ltr'><strong>Nihilominus</strong></span> <span class='ocrx_word' id='word_1_195' title='bbox 463 2729 538 2776; x_wconf 90' lang='lat' dir='ltr'><strong>oum</strong></span> <span class='ocrx_word' id='word_1_196' title='bbox 559 2712 602 2773; x_wconf 92' lang='lat' dir='ltr'><strong>ita</strong></span> <span class='ocrx_word' id='word_1_197' title='bbox 618 2711 650 2773; x_wconf 92' lang='lat' dir='ltr'><strong>in</strong></span> <span class='ocrx_word' id='word_1_198' title='bbox 664 2710 846 2791; x_wconf 71' lang='lat' dir='ltr'><strong>apologiam</strong></span> <span class='ocrx_word' id='word_1_199' title='bbox 861 2708 1006 2773; x_wconf 87' lang='lat' dir='ltr'><strong>laborem</strong></span> <span class='ocrx_word' id='word_1_200' title='bbox 1021 2707 1184 2790; x_wconf 58' lang='lat' dir='ltr'><strong>Origeuiu</strong></span> <span class='ocrx_word' id='word_1_201' title='bbox 1204 2707 1261 2772; x_wconf 86' lang='lat' dir='ltr'><strong>do·</strong></span> 
     </span>
     <span class='ocr_line' id='line_1_25' title="bbox 146 2808 1260 2892; baseline -0.004 -18"><span class='ocrx_word' id='word_1_202' title='bbox 146 2812 273 2876; x_wconf 82' lang='lat' dir='ltr'><strong>utrinae</strong></span> <span class='ocrx_word' id='word_1_203' title='bbox 292 2829 371 2876; x_wconf 85' lang='lat' dir='ltr'><strong>auae</strong></span> <span class='ocrx_word' id='word_1_204' title='bbox 392 2812 609 2892; x_wconf 73' lang='lat' dir='ltr'><strong>integritatem</strong></span> <span class='ocrx_word' id='word_1_205' title='bbox 625 2828 844 2891; x_wconf 74' lang='lat' dir='ltr'><strong>propugnam,</strong></span> <span class='ocrx_word' id='word_1_206' title='bbox 860 2829 902 2874; x_wconf 83' lang='lat' dir='ltr'><strong>ex</strong></span> <span class='ocrx_word' id='word_1_207' title='bbox 916 2810 1054 2874; x_wconf 80' lang='lat' dir='ltr'><strong>adverso</strong></span> <span class='ocrx_word' id='word_1_208' title='bbox 1071 2811 1162 2873; x_wconf 84' lang='lat' dir='ltr'><strong>rideo</strong></span> <span class='ocrx_word' id='word_1_209' title='bbox 1183 2808 1260 2871; x_wconf 85' lang='lat' dir='ltr'><strong>milti</strong></span> 
     </span>
     <span class='ocr_line' id='line_1_26' title="bbox 149 2909 1262 2993; baseline -0.002 -17"><span class='ocrx_word' id='word_1_210' title='bbox 149 2913 281 2976; x_wconf 87' lang='lat' dir='ltr'><strong>adatare</strong></span> <span class='ocrx_word' id='word_1_211' title='bbox 301 2913 529 2978; x_wconf 75' lang='lat' dir='ltr'><strong>contendentes</strong></span> <span class='ocrx_word' id='word_1_212' title='bbox 552 2920 584 2976; x_wconf 89' lang='lat' dir='ltr'><strong>et</strong></span> <span class='ocrx_word' id='word_1_213' title='bbox 605 2911 813 2993; x_wconf 80' lang='lat' dir='ltr'><strong>objicientes,</strong></span> <span class='ocrx_word' id='word_1_214' title='bbox 846 2930 930 2993; x_wconf 83' lang='lat' dir='ltr'><strong>quaa</strong></span> <span class='ocrx_word' id='word_1_215' title='bbox 951 2913 1017 2992; x_wconf 81' lang='lat' dir='ltr'><strong>ipae</strong></span> <span class='ocrx_word' id='word_1_216' title='bbox 1043 2909 1262 2975; x_wconf 75' lang='lat' dir='ltr'><strong>Alexandriae</strong></span> 
     </span>
     <span class='ocr_line' id='line_1_27' title="bbox 152 3011 1220 3094; baseline -0.006 -16"><span class='ocrx_word' id='word_1_217' title='bbox 152 3031 266 3094; x_wconf 67' lang='lat' dir='ltr'><strong>maana</strong></span> <span class='ocrx_word' id='word_1_218' title='bbox 287 3021 337 3078; x_wconf 88' lang='lat' dir='ltr'><strong>eat</strong></span> <span class='ocrx_word' id='word_1_219' title='bbox 356 3032 374 3077; x_wconf 93' lang='lat' dir='ltr'><strong>a</strong></span> <span class='ocrx_word' id='word_1_220' title='bbox 395 3013 575 3090; x_wconf 82' lang='lat' dir='ltr'><strong>Demetrio,</strong></span> <span class='ocrx_word' id='word_1_221' title='bbox 596 3031 614 3076; x_wconf 95' lang='lat' dir='ltr'><strong>a</strong></span> <span class='ocrx_word' id='word_1_222' title='bbox 637 3015 863 3078; x_wconf 81' lang='lat' dir='ltr'><strong>communione</strong></span> <span class='ocrx_word' id='word_1_223' title='bbox 885 3013 1028 3078; x_wconf 78' lang='lat' dir='ltr'><strong>fidelium</strong></span> <span class='ocrx_word' id='word_1_224' title='bbox 1049 3011 1220 3093; x_wconf 80' lang='lat' dir='ltr'><strong>expuloua.</strong></span> 
     </span>
    </p>

    <p class='ocr_par' dir='ltr' id='par_1_4' title="bbox 146 3112 1267 4011">
     <span class='ocr_line' id='line_1_28' title="bbox 227 3112 1263 3196; baseline 0.004 -18"><span class='ocrx_word' id='word_1_225' title='bbox 227 3112 341 3178; x_wconf 75' lang='lat' dir='ltr'><strong>Ardua</strong></span> <span class='ocrx_word' id='word_1_226' title='bbox 356 3133 432 3180; x_wconf 82' lang='lat' dir='ltr'><strong>sane</strong></span> <span class='ocrx_word' id='word_1_227' title='bbox 445 3118 605 3196; x_wconf 77' lang='lat' dir='ltr'><strong>quaestio,</strong></span> <span class='ocrx_word' id='word_1_228' title='bbox 626 3133 711 3196; x_wconf 84' lang='lat' dir='ltr'><strong>quae</strong></span> <span class='ocrx_word' id='word_1_229' title='bbox 732 3133 795 3178; x_wconf 93' lang='lat' dir='ltr'><strong>nou</strong></span> <span class='ocrx_word' id='word_1_230' title='bbox 808 3122 930 3179; x_wconf 91' lang='lat' dir='ltr'><strong>tantum</strong></span> <span class='ocrx_word' id='word_1_231' title='bbox 945 3125 974 3178; x_wconf 87' lang='lat' dir='ltr'><strong>e&#39;</strong></span> <span class='ocrx_word' id='word_1_232' title='bbox 986 3117 1114 3180; x_wconf 80' lang='lat' dir='ltr'><strong>coaevis</strong></span> <span class='ocrx_word' id='word_1_233' title='bbox 1127 3114 1263 3194; x_wconf 77' lang='lat' dir='ltr'><strong>scripto·</strong></span> 
     </span>
     <span class='ocr_line' id='line_1_29' title="bbox 146 3214 1264 3297; baseline 0.001 -20"><span class='ocrx_word' id='word_1_234' title='bbox 146 3214 255 3291; x_wconf 79' lang='lat' dir='ltr'><strong>ribam,</strong></span> <span class='ocrx_word' id='word_1_235' title='bbox 276 3225 435 3297; x_wconf 85' lang='lat' dir='ltr'><strong>quantum</strong></span> <span class='ocrx_word' id='word_1_236' title='bbox 451 3236 493 3280; x_wconf 85' lang='lat' dir='ltr'><strong>ex</strong></span> <span class='ocrx_word' id='word_1_237' title='bbox 508 3217 610 3297; x_wconf 77' lang='lat' dir='ltr'><strong>ineius</strong></span> <span class='ocrx_word' id='word_1_238' title='bbox 623 3217 838 3292; x_wconf 70' lang='lat' dir='ltr'><strong>sermonibus,</strong></span> <span class='ocrx_word' id='word_1_239' title='bbox 860 3217 1015 3280; x_wconf 81' lang='lat' dir='ltr'><strong>extricari</strong></span> <span class='ocrx_word' id='word_1_240' title='bbox 1029 3216 1164 3296; x_wconf 86' lang='lat' dir='ltr'><strong>nequit,</strong></span> <span class='ocrx_word' id='word_1_241' title='bbox 1189 3214 1264 3278; x_wconf 89' lang='lat' dir='ltr'><strong>iude</strong></span> 
     </span>
     <span class='ocr_line' id='line_1_30' title="bbox 148 3317 1265 3399; baseline 0 -21"><span class='ocrx_word' id='word_1_242' title='bbox 148 3333 246 3380; x_wconf 81' lang='lat' dir='ltr'><strong>aaran</strong></span> <span class='ocrx_word' id='word_1_243' title='bbox 267 3333 305 3379; x_wconf 91' lang='lat' dir='ltr'><strong>ao</strong></span> <span class='ocrx_word' id='word_1_244' title='bbox 326 3319 481 3397; x_wconf 75' lang='lat' dir='ltr'><strong>genuinae</strong></span> <span class='ocrx_word' id='word_1_245' title='bbox 497 3335 610 3382; x_wconf 87' lang='lat' dir='ltr'><strong>uauaaa</strong></span> <span class='ocrx_word' id='word_1_246' title='bbox 631 3317 847 3398; x_wconf 80' lang='lat' dir='ltr'><strong>exquirendo,</strong></span> <span class='ocrx_word' id='word_1_247' title='bbox 871 3318 955 3382; x_wconf 92' lang='lat' dir='ltr'><strong>unde</strong></span> <span class='ocrx_word' id='word_1_248' title='bbox 974 3321 1113 3399; x_wconf 87' lang='lat' dir='ltr'><strong>primum</strong></span> <span class='ocrx_word' id='word_1_249' title='bbox 1135 3317 1265 3380; x_wconf 89' lang='lat' dir='ltr'><strong>damna·</strong></span> 
     </span>
     <span class='ocr_line' id='line_1_31' title="bbox 150 3417 1263 3499; baseline -0.002 -17"><span class='ocrx_word' id='word_1_250' title='bbox 150 3426 206 3482; x_wconf 90' lang='lat' dir='ltr'><strong>tua</strong></span> <span class='ocrx_word' id='word_1_251' title='bbox 228 3417 293 3482; x_wconf 88' lang='lat' dir='ltr'><strong>luit</strong></span> <span class='ocrx_word' id='word_1_252' title='bbox 317 3437 335 3480; x_wconf 94' lang='lat' dir='ltr'><strong>a</strong></span> <span class='ocrx_word' id='word_1_253' title='bbox 357 3417 520 3485; x_wconf 83' lang='lat' dir='ltr'><strong>Demetrio</strong></span> <span class='ocrx_word' id='word_1_254' title='bbox 527 3439 540 3499; x_wconf 79' lang='lat'>3</span> <span class='ocrx_word' id='word_1_255' title='bbox 563 3418 673 3499; x_wconf 86' lang='lat' dir='ltr'><strong>qualia</strong></span> <span class='ocrx_word' id='word_1_256' title='bbox 692 3435 805 3499; x_wconf 77' lang='lat' dir='ltr'><strong>nempe</strong></span> <span class='ocrx_word' id='word_1_257' title='bbox 827 3418 947 3484; x_wconf 87' lang='lat' dir='ltr'><strong>luerint</strong></span> <span class='ocrx_word' id='word_1_258' title='bbox 958 3418 1137 3499; x_wconf 73' lang='lat' dir='ltr'><strong>sphalmata</strong></span> <span class='ocrx_word' id='word_1_259' title='bbox 1159 3418 1263 3481; x_wconf 85' lang='lat' dir='ltr'><strong>eidam</strong></span> 
     </span>
     <span class='ocr_line' id='line_1_32' title="bbox 149 3517 1264 3601; baseline 0.001 -20"><span class='ocrx_word' id='word_1_260' title='bbox 149 3520 325 3600; x_wconf 82' lang='lat' dir='ltr'><strong>adeoripta.</strong></span> <span class='ocrx_word' id='word_1_261' title='bbox 347 3517 453 3601; x_wconf 75' lang='lat' dir='ltr'><strong>Siquis</strong></span> <span class='ocrx_word' id='word_1_262' title='bbox 474 3521 572 3596; x_wconf 87' lang='lat' dir='ltr'><strong>enim,</strong></span> <span class='ocrx_word' id='word_1_263' title='bbox 599 3519 699 3601; x_wconf 85' lang='lat' dir='ltr'><strong>(qnod</strong></span> <span class='ocrx_word' id='word_1_264' title='bbox 721 3521 752 3582; x_wconf 93' lang='lat' dir='ltr'><strong>in</strong></span> <span class='ocrx_word' id='word_1_265' title='bbox 768 3520 866 3601; x_wconf 78' lang='lat' dir='ltr'><strong>hujus</strong></span> <span class='ocrx_word' id='word_1_266' title='bbox 886 3521 1082 3601; x_wconf 78' lang='lat' dir='ltr'><strong>quaestionis</strong></span> <span class='ocrx_word' id='word_1_267' title='bbox 1096 3519 1186 3583; x_wconf 88' lang='lat' dir='ltr'><strong>initio</strong></span> <span class='ocrx_word' id='word_1_268' title='bbox 1207 3537 1264 3582; x_wconf 93' lang='lat' dir='ltr'><strong>nn·</strong></span> 
     </span>
     <span class='ocr_line' id='line_1_33' title="bbox 149 3621 1263 3704; baseline 0 -18"><span class='ocrx_word' id='word_1_269' title='bbox 149 3621 308 3700; x_wconf 84' lang='lat' dir='ltr'><strong>tandum)</strong></span> <span class='ocrx_word' id='word_1_270' title='bbox 331 3622 505 3703; x_wconf 74' lang='lat' dir='ltr'><strong>Origenem</strong></span> <span class='ocrx_word' id='word_1_271' title='bbox 527 3622 725 3688; x_wconf 79' lang='lat' dir='ltr'><strong>Alexandria</strong></span> <span class='ocrx_word' id='word_1_272' title='bbox 747 3623 877 3702; x_wconf 82' lang='lat' dir='ltr'><strong>pulsnm</strong></span> <span class='ocrx_word' id='word_1_273' title='bbox 899 3623 1004 3704; x_wconf 89' lang='lat' dir='ltr'><strong>inquit</strong></span> <span class='ocrx_word' id='word_1_274' title='bbox 1023 3621 1065 3686; x_wconf 90' lang='lat' dir='ltr'><strong>ob</strong></span> <span class='ocrx_word' id='word_1_275' title='bbox 1088 3621 1210 3686; x_wconf 89' lang='lat' dir='ltr'><strong>lauinua</strong></span> <span class='ocrx_word' id='word_1_276' title='bbox 1231 3623 1263 3686; x_wconf 90' lang='lat' dir='ltr'><strong>ln</strong></span> 
     </span>
     <span class='ocr_line' id='line_1_34' title="bbox 151 3723 1266 3805; baseline 0 -17"><span class='ocrx_word' id='word_1_277' title='bbox 151 3741 254 3788; x_wconf 85' lang='lat' dir='ltr'><strong>auum</strong></span> <span class='ocrx_word' id='word_1_278' title='bbox 275 3742 395 3805; x_wconf 74' lang='lat' dir='ltr'><strong>cornua</strong></span> <span class='ocrx_word' id='word_1_279' title='bbox 414 3725 590 3789; x_wconf 87' lang='lat' dir='ltr'><strong>admiaaum</strong></span> <span class='ocrx_word' id='word_1_280' title='bbox 603 3743 615 3803; x_wconf 87' lang='lat'>;</span> <span class='ocrx_word' id='word_1_281' title='bbox 629 3723 680 3788; x_wconf 80' lang='lat' dir='ltr'><strong>rel</strong></span> <span class='ocrx_word' id='word_1_282' title='bbox 702 3725 743 3787; x_wconf 87' lang='lat' dir='ltr'><strong>ob</strong></span> <span class='ocrx_word' id='word_1_283' title='bbox 764 3723 998 3798; x_wconf 84' lang='lat' dir='ltr'><strong>idololatriam,</strong></span> <span class='ocrx_word' id='word_1_284' title='bbox 1013 3723 1065 3788; x_wconf 89' lang='lat' dir='ltr'><strong>oui</strong></span> <span class='ocrx_word' id='word_1_285' title='bbox 1082 3733 1169 3788; x_wconf 87' lang='lat' dir='ltr'><strong>matu</strong></span> <span class='ocrx_word' id='word_1_286' title='bbox 1192 3741 1266 3804; x_wconf 76' lang='lat' dir='ltr'><strong>per·</strong></span> 
     </span>
     <span class='ocr_line' id='line_1_35' title="bbox 149 3824 1266 3907; baseline 0 -17"><span class='ocrx_word' id='word_1_287' title='bbox 149 3825 324 3890; x_wconf 70' lang='lat' dir='ltr'><strong>mentionis</strong></span> <span class='ocrx_word' id='word_1_288' title='bbox 345 3835 403 3892; x_wconf 91' lang='lat' dir='ltr'><strong>aut</strong></span> <span class='ocrx_word' id='word_1_289' title='bbox 421 3827 563 3907; x_wconf 79' lang='lat' dir='ltr'><strong>auipaina</strong></span> <span class='ocrx_word' id='word_1_290' title='bbox 584 3825 713 3890; x_wconf 86' lang='lat' dir='ltr'><strong>deuoria</strong></span> <span class='ocrx_word' id='word_1_291' title='bbox 726 3826 852 3906; x_wconf 71' lang='lat' dir='ltr'><strong>pamiae</strong></span> <span class='ocrx_word' id='word_1_292' title='bbox 872 3824 1111 3907; x_wconf 84' lang='lat' dir='ltr'><strong>quodammodo</strong></span> <span class='ocrx_word' id='word_1_293' title='bbox 1131 3825 1266 3891; x_wconf 75' lang='lat' dir='ltr'><strong>oberen-</strong></span> 
     </span>
     <span class='ocr_line' id='line_1_36' title="bbox 153 3926 1267 4011; baseline 0 -22"><span class='ocrx_word' id='word_1_294' title='bbox 153 3935 208 3991; x_wconf 86' lang='lat' dir='ltr'><strong>tua</strong></span> <span class='ocrx_word' id='word_1_295' title='bbox 226 3937 332 4010; x_wconf 75' lang='lat' dir='ltr'><strong>eaaet5</strong></span> <span class='ocrx_word' id='word_1_296' title='bbox 361 3948 422 3994; x_wconf 85' lang='lat' dir='ltr'><strong>aen</strong></span> <span class='ocrx_word' id='word_1_297' title='bbox 441 3929 518 4010; x_wconf 84' lang='lat' dir='ltr'><strong>quia</strong></span> <span class='ocrx_word' id='word_1_298' title='bbox 548 3926 791 4011; x_wconf 76' lang='lat' dir='ltr'><strong>presbyteratus</strong></span> <span class='ocrx_word' id='word_1_299' title='bbox 818 3927 921 4008; x_wconf 77' lang='lat' dir='ltr'><strong>gradu</strong></span> <span class='ocrx_word' id='word_1_300' title='bbox 942 3937 1118 3994; x_wconf 90' lang='lat' dir='ltr'><strong>ornaretur</strong></span> <span class='ocrx_word' id='word_1_301' title='bbox 1144 3927 1267 4006; x_wconf 77' lang='lat' dir='ltr'><strong>amque</strong></span> 
     </span>
    </p>
   </div>
   <div class='ocr_carea' id='block_1_2' title="bbox 35 4001 1269 4108">
    <p class='ocr_par' dir='ltr' id='par_1_5' title="bbox 35 4001 1269 4108">
     <span class='ocr_line' id='line_1_37' title="bbox 35 4001 1269 4108; baseline -0.006 -14"><span class='ocrx_word' id='word_1_302' title='bbox 35 4001 37 4094; x_wconf 40' lang='lat' dir='ltr'><strong>i</strong></span> <span class='ocrx_word' id='word_1_303' title='bbox 153 4023 310 4094; x_wconf 89' lang='lat' dir='ltr'><strong>llemetrii</strong></span> <span class='ocrx_word' id='word_1_304' title='bbox 331 4047 489 4094; x_wconf 87' lang='lat' dir='ltr'><strong>oonaamu</strong></span> <span class='ocrx_word' id='word_1_305' title='bbox 499 4073 512 4108; x_wconf 89' lang='lat'><strong><em>,</em></strong></span> <span class='ocrx_word' id='word_1_306' title='bbox 533 4035 591 4092; x_wconf 89' lang='lat' dir='ltr'><strong>aut</strong></span> <span class='ocrx_word' id='word_1_307' title='bbox 610 4026 681 4090; x_wconf 90' lang='lat' dir='ltr'><strong>aliia</strong></span> <span class='ocrx_word' id='word_1_308' title='bbox 702 4027 876 4093; x_wconf 82' lang='lat' dir='ltr'><strong>latentibur</strong></span> <span class='ocrx_word' id='word_1_309' title='bbox 898 4027 937 4092; x_wconf 92' lang='lat' dir='ltr'><strong>de</strong></span> <span class='ocrx_word' id='word_1_310' title='bbox 958 4032 1063 4100; x_wconf 80' lang='lat' dir='ltr'><strong>cauata</strong></span> <span class='ocrx_word' id='word_1_311' title='bbox 1084 4035 1180 4099; x_wconf 83' lang='lat' dir='ltr'><strong>extra</strong></span> <span class='ocrx_word' id='word_1_312' title='bbox 1193 4026 1269 4088; x_wconf 80' lang='lat' dir='ltr'><strong>leae-</strong></span> 
     </span>
    </p>
   </div>
   <div class='ocr_carea' id='block_1_3' title="bbox 37 4097 1272 4214">
    <p class='ocr_par' dir='ltr' id='par_1_6' title="bbox 37 4097 1272 4214">
     <span class='ocr_line' id='line_1_38' title="bbox 37 4097 1272 4214; baseline -0.009 -16"><span class='ocrx_word' id='word_1_313' title='bbox 37 4097 38 4126; x_wconf 20' lang='grc' dir='ltr'>ἒ</span> <span class='ocrx_word' id='word_1_314' title='bbox 155 4129 271 4196; x_wconf 74' lang='lat' dir='ltr'><strong>nonar</strong></span> <span class='ocrx_word' id='word_1_315' title='bbox 290 4129 453 4213; x_wconf 67' lang='lat' dir='ltr'><strong>waelataa</strong></span> <span class='ocrx_word' id='word_1_316' title='bbox 473 4129 686 4208; x_wconf 73' lang='lat' dir='ltr'><strong>auertionar5</strong></span> <span class='ocrx_word' id='word_1_317' title='bbox 709 4131 788 4195; x_wconf 92' lang='lat' dir='ltr'><strong>dum</strong></span> <span class='ocrx_word' id='word_1_318' title='bbox 808 4129 848 4195; x_wconf 92' lang='lat' dir='ltr'><strong>de</strong></span> <span class='ocrx_word' id='word_1_319' title='bbox 869 4130 917 4196; x_wconf 78' lang='lat' dir='ltr'><strong>lala</strong></span> <span class='ocrx_word' id='word_1_320' title='bbox 936 4149 1102 4214; x_wconf 61' lang='lat' dir='ltr'><strong>quaeum</strong></span> <span class='ocrx_word' id='word_1_321' title='bbox 1119 4126 1208 4202; x_wconf 88' lang='lat' dir='ltr'><strong>nolo,</strong></span> <span class='ocrx_word' id='word_1_322' title='bbox 1222 4140 1272 4188; x_wconf 86' lang='lat' dir='ltr'><strong>aa·</strong></span> 
     </span>
    </p>
   </div>
   <div class='ocr_carea' id='block_1_4' title="bbox 0 0 1614 4946">
    <p class='ocr_par' dir='ltr' id='par_1_7' title="bbox 0 0 1614 4946">
     <span class='ocr_line' id='line_1_39' title="bbox 0 0 1614 4946; baseline 0 0"><span class='ocrx_word' id='word_1_323' title='bbox 0 0 1614 4946; x_wconf 95' lang='lat' dir='ltr'><strong> </strong></span> 
     </span>
    </p>
   </div>
  </div>
 </body>
</html>
