3028 4942
372 505 408 574 Si
427 518 472 572 est
492 507 595 591 imapc
616 507 675 574 Dei
693 507 878 583 invisibilis,
899 505 1072 574 invisibilis
1084 527 1205 592 quoqne
1219 520 1264 573 eet
1282 510 1354 591 ipsa
1372 511 1402 573 i·

293 627 396 690 mapa.
415 607 503 685 Quin
523 609 618 674 etiam
638 611 749 674 addm
769 609 897 687 oasim,
924 627 995 673 anns
1018 607 1059 672 sit
1078 608 1254 674 similitudo
1273 609 1402 687 Putris,

294 727 360 771 nun
376 727 467 791 posse
484 709 566 788 fieri,
579 719 616 774 nt
635 709 809 792 alipomo
829 727 895 772 nnn
916 707 1025 788 sarrit.
1048 705 1189 786 Quann
1203 709 1286 774 enim
1304 709 1404 790 oeae,

294 827 384 892 pacm
395 806 532 874 loannes
552 811 653 874 locem
667 811 806 891 appellat
822 808 913 889 (Men
922 807 1012 874 ‘Dens
1025 809 1086 873 lna
1099 812 1156 889 est)
1167 809 1315 890 propriae
1333 813 1404 892 plo·

291 907 362 972 rios
381 911 543 989 splendore
561 909 820 993 carcinomatis
839 911 955 975 audeat
969 909 1167 992 principium
1187 910 1341 976 existendi
1359 915 1401 994 fi-

292 1010 337 1074 lio
357 1010 509 1088 tribuere,
529 1010 642 1092 qnasi,
662 1009 804 1088 scilicet,
830 1021 926 1076 antea
945 1030 1009 1076 ncn
1028 1008 1165 1092 suisset?
1187 1011 1402 1088 Ouandaausn

292 1130 364 1176 cero
384 1130 449 1176 non
463 1122 531 1177 erat
558 1111 696 1188 lunam,
723 1111 865 1190 Verbum,
884 1111 1030 1196 inpetum,
1050 1115 1135 1194 qnod
1153 1121 1182 1176 et
1202 1113 1329 1178 Putrem
1349 1135 1403 1178 cn·

291 1212 437 1294 pnnsait,
457 1224 485 1276 et
505 1223 551 1278 est
569 1214 733 1278 character
752 1235 790 1280 ac
810 1214 915 1298 imnpo
935 1214 1071 1296 ejusdem
1090 1213 1301 1291 substantiae,
1316 1235 1401 1297 qous

293 1313 388 1395 dipnc
401 1333 456 1378 nec
469 1313 619 1396 exprimi,
635 1333 691 1378 nec
703 1314 879 1393 nominari,
892 1334 947 1380 nec
959 1316 1115 1398 proserrri
1125 1315 1256 1399 parsit?
1275 1316 1403 1384 intelli-

290 1425 347 1496 gat
365 1417 446 1480 enim
465 1416 521 1498 qai
533 1414 634 1480 dicere
648 1417 760 1481 cadet:
777 1416 853 1482 Fuit
866 1419 1054 1500 aliqnando,
1070 1437 1144 1484 cnm
1166 1439 1229 1484 nnn
1243 1430 1327 1486 esset
1348 1421 1401 1485 Fi·

291 1519 369 1594 lius,
390 1516 473 1581 idem
491 1537 554 1581 esse
573 1538 612 1582 ac
632 1518 662 1583 si
682 1519 818 1584 diceret:
841 1519 999 1601 Sapientia
1026 1521 1199 1602 aliquando
1221 1540 1284 1588 nou
1303 1531 1398 1586 erat:

288 1617 433 1684 Verbum
456 1639 517 1684 nnn
540 1630 630 1684 crat:
644 1619 717 1684 Vita
739 1639 802 1685 nnn
823 1631 905 1686 erat.
919 1641 936 1680 a
950 1618 1038 1685 Idem
1061 1622 1258 1704 (Origenes)
1280 1641 1398 1688 rursus

290 1719 336 1783 ita
357 1720 433 1783 alihi
454 1720 652 1801 loquiturcu
673 1719 782 1786 Veram
796 1723 887 1804 nesae
908 1731 964 1800 est,
985 1743 1042 1788 nec
1056 1724 1201 1805 periculo
1213 1735 1305 1790 cacat
1320 1743 1399 1806 pro·

286 1831 360 1902 pter
379 1831 521 1886 nostram
542 1821 756 1902 infirmitatem
780 1824 888 1899 llenm,
910 1836 1064 1907 quamam
1083 1825 1121 1892 in
1139 1827 1227 1892 nohis
1247 1837 1303 1900 est,
1324 1826 1400 1892 ani·

289 1921 393 2004 penita
408 1925 539 2006 privare
566 1923 669 2000 Verbo,
689 1927 904 2008 quadrenper
924 1945 995 1990 cum
1016 1926 1074 1990 illo
1093 1926 1181 2008 [ain
1201 1937 1230 1992 et
1248 1927 1309 1992 illa
1328 1939 1400 1994 erut

292 2023 469 2108 Sapientia,
483 2045 553 2108 aaa
572 2027 792 2089 delectabatur.
814 2017 967 2108 Alioquin
986 2046 1057 2091 enm
1076 2045 1142 2090 nan
1161 2027 1280 2108 semper
1297 2026 1399 2111 [unse

291 2129 489 2202 delectatam,
502 2125 739 2206 intellipendom
754 2125 825 2191 erit.
849 2128 932 2192 Ecce
946 2148 1004 2192 nos
1017 2129 1273 2194 demonstramus
1291 2131 1400 2194 istius·

291 2228 377 2292 modi
396 2229 618 2292 sentcntiama
640 2226 788 2292 Patribus
810 2229 849 2292 ad
872 2229 984 2294 Patres
1005 2231 1097 2310 qussi
1118 2249 1177 2312 per
1197 2247 1310 2294 manus
1334 2241 1400 2294 tra·

252 2335 260 2402 l
290 2329 388 2394 ditum
410 2348 490 2394 esse.
510 2350 527 2387 n

371 2430 458 2496 ilaec
478 2433 519 2494 ah
547 2430 722 2496 Athanasio
753 2433 903 2514 decerpta
923 2441 999 2499 snut
1020 2452 1062 2498 cx
1089 2431 1187 2498 Libro
1208 2431 1263 2496 IV.
1285 2450 1317 2496 n.
1338 2431 1394 2500 28.

286 2533 332 2598 De
343 2531 518 2615 Principiis
523 2552 539 2606 ;
554 2535 698 2614 tantique
714 2533 749 2598 iit
769 2535 810 2597 ah
827 2555 867 2599 eo
889 2536 973 2600 istud
988 2534 1136 2614 Origenis
1150 2535 1396 2610 documentum,

291 2643 330 2700 ut
352 2651 422 2716 per,
436 2633 517 2698 illnd
542 2635 729 2698 arianorum
752 2636 927 2700 contundat
948 2635 1138 2710 andaciam,
1161 2635 1328 2700 ostendens
1349 2635 1397 2696 in·

290 2735 331 2799 de
351 2736 474 2816 priores
496 2734 606 2800 Patres
622 2735 675 2813 (in
695 2736 814 2816 quihus
834 2734 1004 2816 Origenem
1017 2737 1027 2815 l
1041 2753 1151 2800 secum
1165 2736 1234 2816 ipso
1251 2752 1400 2816 pugnarn

291 2855 352 2916 pro
373 2834 446 2898 Filii
468 2836 643 2911 divinitate,
666 2835 876 2917 ejusdemque
897 2856 971 2902 oum
988 2835 1083 2901 Patre
1097 2839 1242 2902 essentia.
1264 2835 1399 2904 Sicuim

291 2937 486 3001 Athanasius
507 2938 538 2998 in
558 2936 704 3017 praelato
725 2935 823 3000 Libro
837 2935 893 3000 Ν.
918 2938 1073 3002 adsersus
1088 2937 1134 3014 id,
1149 2935 1237 3019 quod
1258 2938 1325 3018 ipse
1349 2937 1400 3000 le·

292 3039 339 3120 git
357 3057 395 3104 aa
415 3038 536 3113 citavit,
552 3037 652 3117 paulo
666 3045 739 3116 pust
751 3055 794 3101 ex
806 3056 836 3100 n.
850 3036 900 3104 35.
915 3039 1009 3104 sicuti
1023 3039 1054 3101 iu
1071 3037 1336 3118 praecedentibus
1357 3037 1401 3100 li-

290 3139 371 3214 hris,
393 3138 605 3219 blasphemias
625 3138 753 3218 legisset
765 3139 860 3220 iuxta
877 3138 1066 3224 Hieronymi
1081 3139 1260 3202 sensionem
1275 3138 1306 3200 in
1329 3138 1399 3219 epi·

170 3233 173 3240 ’
289 3241 372 3308 stola
399 3241 439 3304 ad
467 3241 602 3305 Avitum
629 3239 669 3302 ad
695 3239 781 3303 latus
809 3241 942 3304 alterins
965 3239 1083 3306 nunni
1110 3243 1263 3307 insertam
1288 3243 1396 3328 (qnae

291 3342 428 3424 quidem,
441 3339 483 3405 ah
502 3341 639 3404 invicem
660 3337 865 3420 discordant)
886 3359 1027 3421 cumque
1047 3351 1191 3406 ceteram
1213 3343 1316 3407 latere
1330 3356 1397 3406 non

288 3443 445 3525 potuisset
466 3442 688 3518 Athanasium,
710 3442 737 3506 si
757 3460 870 3524 reapse
889 3442 994 3508 codex
1013 3460 1149 3524 graecus
1172 3444 1247 3508 talia
1262 3451 1398 3523 praetu-

286 3543 389 3620 lisset,
409 3543 457 3607 nli
480 3542 577 3606 vertit
596 3539 813 3628 Hieronymus
824 3563 836 3622 ;
859 3543 935 3624 qnid
957 3543 1002 3624 dc,
1019 3544 1080 3608 hoc
1100 3545 1269 3625 cogitasset
1294 3543 1397 3608 Atha·

287 3644 395 3708 nasius
408 3661 540 3708 cernens
554 3651 666 3708 contra
680 3644 819 3724 seipsum
832 3650 969 3708 stantem
983 3643 1168 3728 Origeuem‚
1182 3664 1311 3711 sensnm
1322 3663 1399 3726 per·

289 3745 422 3808 vertisse
442 3761 570 3820 eornm,
592 3761 677 3824 qnae
697 3743 796 3824 paulo
815 3753 889 3812 ante
909 3752 1069 3810 statuerat
1087 3747 1127 3812 de
1149 3746 1258 3814 Verbo
1278 3744 1363 3812 Dei?

366 3842 411 3908 El
429 3846 593 3924 quomodo
613 3847 645 3910 iu
665 3847 792 3910 arianas
813 3845 994 3912 dimicasset
1012 3849 1228 3928 Athanasius,
1241 3847 1397 3930 adjiciens

290 3947 415 4009 veteres
437 3944 548 4012 Patres
579 3953 612 4012 et
630 3947 794 4028 speciatim
822 3944 995 4028 Origenem
1018 3952 1135 4016 similia
1165 3951 1332 4016 tradidisse
1352 3949 1396 4014 dc'

287 4042 371 4108 Filia
392 4063 493 4127 prope
512 4053 631 4111 statuta
653 4043 809 4110 nicaena?
825 4064 899 4110 cnm
914 4055 946 4112 et
959 4049 1027 4131 ipse
1040 4050 1195 4134 Origenes
1211 4049 1397 4133 (Theophili

285 4153 319 4211 et
338 4144 527 4232 Hieronymi
556 4157 686 4229 accepta
715 4149 883 4227 sententiat
908 4135 1124 4233 impietatibus
1148 4154 1394 4234 participasset,

287 4265 368 4330 quas
388 4248 487 4314 Arius
507 4249 646 4314 docuit?
666 4248 710 4316 Et
729 4266 791 4314 cnr
812 4247 925 4318 deinde
945 4255 984 4320 dc
1000 4255 1061 4320 hac
1074 4273 1112 4322 rc
1136 4263 1249 4322 cantra
1265 4256 1396 4321 arhncs
