3042 4940
289 485 491 550 luculentius
513 484 656 564 peretot,
678 485 808 550 nntium
830 481 873 551 tbi
905 485 1054 551 habuisse
1073 485 1184 550 locum
1204 483 1246 550 de
1264 483 1403 567 Origene

290 590 521 666 quamtiouem.
553 586 586 654 Si
606 588 689 652 enim
712 589 743 651 in
765 587 825 651 trac
844 587 975 672 Synndo
1005 588 1045 652 ds
1067 587 1167 668 ipsius
1190 589 1402 668 praesumptis

290 688 458 754 erroribus
478 695 587 754 ectum
608 687 743 764 inisset,
765 707 896 754 necesse
915 698 1021 764 esset,
1043 695 1081 752 at
1100 695 1194 751 antea
1217 687 1248 750 iu
1269 686 1405 752 concilii

290 789 474 867 indictione,
486 807 525 854 sc
549 792 719 854 rerum·in
740 809 780 856 en
801 789 1082 865 excudendorum,
1098 789 1242 872 ejusdem
1254 788 1406 870 Origrnts

289 891 358 954 siae
382 907 557 969 personae,
589 899 648 955 aut
668 908 820 955 errorum
845 891 1111 974 praemitteretur
1134 899 1219 954 unta.
1251 887 1406 953 tronea

288 1007 349 1054 uec
370 987 506 1070 vigilius
529 987 635 1072 Papa,
658 1001 717 1056 neo
736 989 957 1069 Justinianns,
980 1009 1038 1057 uec
1059 989 1189 1070 Menos,
1211 1009 1270 1056 nec
1289 991 1409 1056 deinde

291 1089 486 1178 Eutychius,
501 1091 558 1173 qni
573 1092 746 1157 admodum
761 1095 792 1156 in
808 1093 872 1158 hoc
885 1093 1099 1158 elaborarunt
1117 1093 1257 1174 negotio,
1271 1109 1310 1156 ue
1332 1110 1412 1156 ser·

290 1193 369 1258 nom
389 1193 522 1272 quidem
544 1194 583 1257 de
604 1194 744 1275 Origene
774 1181 1020 1276 praemiserunt.
1043 1190 1181 1275 vigilius
1202 1211 1343 1275 namque
1365 1191 1411 1256 eit

290 1309 374 1356 auno
394 1289 465 1364 540.
487 1292 528 1358 ad
554 1289 627 1361 554.
649 1294 681 1357 in
702 1295 850 1359 omnibus
870 1294 1015 1375 epistolis
1044 1302 1103 1358 snt
1131 1293 1269 1357 decretis
1296 1293 1414 1358 sdtano

290 1393 531 1474 superstitibus,
547 1395 745 1477 sincerisque
758 1395 912 1475 probatis,
927 1395 1021 1460 sicuti
1037 1397 1068 1460 in
1082 1393 1202 1479 Sgnodi
1215 1393 1414 1474 protectione

292 1493 337 1557 ita
353 1495 387 1558 in
405 1493 476 1575 ejus
491 1493 746 1572 mutirmatinne,
768 1496 847 1559 nihil
862 1496 902 1559 de
921 1495 1063 1576 Origene
1076 1495 1312 1574 animadvertit3
1329 1511 1416 1558 cunr

256 1644 260 1652 .
293 1613 336 1659 ex
363 1593 499 1660 ndrersn
521 1596 582 1660 tris
602 1596 751 1678 Capitale
779 1605 936 1663 memoret
957 1606 1105 1675 tantum,
1130 1603 1330 1679 quapropter
1352 1594 1418 1678 sy·

290 1681 395 1760 nodus
415 1696 554 1762 adunata
575 1703 633 1762 ost.
711 1701 716 1758 ἰ
743 1701 748 1710 ’
1306 1693 1315 1721 ’·

371 1793 452 1860 item
467 1794 488 1862 J
492 1798 668 1864 nstinisnus
680 1805 744 1862 tum
760 1815 820 1880 pro
835 1799 1060 1880 episcoporum
1076 1805 1236 1864 convento
1249 1796 1418 1872 scribens,

294 1903 360 1962 tam
381 1897 413 1960 in
433 1914 512 1964 suae
526 1897 600 1962 ddei
621 1901 820 1980 professione
840 1919 879 1966 nc
894 1901 1024 1965 demum
1045 1901 1085 1964 d'e
1105 1902 1156 1976 iis,
1179 1916 1261 1980 quse
1282 1901 1312 1964 iu
1335 1898 1419 1978 ipso

293 2000 416 2064 saneim
437 2007 525 2077 sunt,
540 2000 630 2065 siluit
650 2001 773 2082 ubique
786 2003 825 2066 de
839 1999 990 2083 Origene.
1008 1999 1134 2066 Pariter
1147 2000 1262 2066 dtenua
1282 2006 1314 2063 nt
1337 1997 1418 2065 Eu·

295 2099 423 2186 tychius
444 2099 484 2163 ad
506 2098 683 2182 vigilium,
708 2109 741 2166 et
761 2100 899 2184 Vigiiins
920 2101 960 2165 sd
993 2102 1067 2165 titos
1086 2100 1228 2166 scribens
1247 2100 1334 2164 circs
1359 2113 1423 2164 ea·

295 2200 368 2266 dem
384 2199 548 2283 Capitnla,
563 2221 602 2268 nc
615 2203 658 2267 de
668 2201 799 2288 synodo
811 2203 884 2267 ideo
905 2203 1098 2284 colligenda,
1113 2204 1229 2285 singuli
1243 2204 1273 2266 in
1293 2201 1421 2266 eodem

294 2302 425 2368 silentio
447 2312 585 2371 msueut.
607 2304 764 2371 Similiter
783 2305 815 2367 in
830 2303 1011 2372 Collatinus
1024 2301 1065 2368 tt.
1083 2305 1206 2386 legitur
1225 2321 1283 2384 pro
1304 2301 1422 2368 tribus

295 2403 454 2484 Capitulis
472 2407 694 2470 tantummodo
714 2409 902 2472 murentsse
918 2406 1040 2471 Pntres.
1058 2407 1099 2472 Et
1116 2408 1177 2470 imo
1198 2405 1278 2468 idem
1292 2402 1425 2468 confir·

296 2512 408 2572 matur
428 2506 461 2570 in
485 2503 546 2572 ttl.
569 2516 602 2572 et
620 2505 674 2572 li.
689 2505 881 2573 Cotiatinnc.
905 2507 947 2572 Et
960 2509 1006 2572 sic
1026 2507 1252 2597 inuentistious
1266 2501 1360 2568 tut.
1386 2511 1427 2570 nt

297 2608 484 2683 norissima,
507 2606 562 2672 nbi
583 2609 689 2673 omnin
713 2608 1036 2688 comprehenduntur
1055 2609 1183 2672 detinits
1206 2609 1236 2672 tn
1256 2604 1427 2671 Collatin-

296 2708 391 2772 nibus
413 2710 691 2791 praecedentibus3
711 2719 744 2775 et
759 2712 814 2776 nbi
834 2711 999 2793 speciatim
1020 2713 1181 2793 cujusque
1195 2709 1332 2790 episcopi
1358 2706 1428 2794 sy·

297 2809 383 2876 nudo
403 2810 556 2875 adstsntis
579 2819 759 2877 occurrunt
779 2812 1030 2888 obtestationes,
1051 2819 1182 2893 praeter
1203 2812 1299 2873 trium
1318 2804 1430 2889 Capt-

299 2910 446 2976 tuiornm
477 2912 734 2990 damantionem,
764 2913 846 2976 nitril
866 2913 908 2976 ab
928 2913 973 2978 eis
993 2911 1137 2977 additum
1167 2929 1237 2976 esse
1254 2910 1428 2973 adversus

298 3009 470 3092 Origenem
492 3015 706 3095 comperitur.

382 3111 499 3189 Quond
520 3123 629 3179 antem
649 3113 737 3192 iilos,
752 3115 809 3194 uui
823 3113 932 3196 vigilii
952 3113 1170 3181 constitutum
1187 3112 1335 3176 uitiorum
1360 3109 1430 3175 ob-

299 3219 484 3279 truncatum
506 3215 690 3280 existimant
716 3216 759 3284 ob
778 3216 989 3280 damnationis
1010 3217 1214 3297 origenianae
1233 3211 1424 3287 detectum,

300 3332 375 3380 enm
397 3315 428 3378 id
448 3331 597 3380 sermone
617 3327 782 3394 asserant,
798 3318 877 3382 nihii
898 3319 988 3382 dictu
1015 3315 1153 3381 isoiitus.
1184 3313 1429 3378 Vernmtnmen

299 3433 376 3482 cum
397 3416 428 3480 in
450 3416 535 3482 tacto
555 3425 716 3483 coueutnr
735 3420 797 3484 hoc
817 3421 1009 3496 ostendere,
1033 3417 1117 3480 uiuit
1137 3418 1236 3497 magis
1256 3413 1424 3492 arduum,

302 3533 401 3599 quam
415 3526 453 3582 nt
473 3518 560 3600 quod
577 3526 683 3588 mente
702 3523 944 3602 excogitarunt,
956 3537 1069 3602 reapse
1082 3524 1304 3600 assequuntur.
1318 3512 1429 3592 Quis-

302 3619 376 3700 quis
398 3627 538 3702 nemque
558 3621 599 3684 ab
619 3619 710 3686 initio
731 3622 770 3684 sd
793 3623 887 3686 tinem
908 3639 1013 3704 usqne
1033 3617 1224 3702 pontidcatts
1243 3615 1428 3682 Constituti

303 3721 485 3812 consideret
504 3722 683 3804 dictntnm3
705 3739 744 3788 nc
764 3723 937 3789 terminum
958 3721 1105 3787 conterat
1125 3719 1293 3806 principio,
1314 3717 1425 3782 tatem

303 3821 417 3890 dictati
440 3823 585 3890 ordinem
600 3825 880 3906 comprehenderit
892 3826 979 3891 circa
1001 3824 1100 3889 trium
1114 3821 1340 3903 capitulorum
1365 3819 1428 3884 da·

307 3925 502 3991 mustioncm
522 3934 561 3991 nt
579 3926 698 4008 nequid
725 3927 888 3993 introsum
909 3945 969 3991 uec
990 3926 1111 3990 turtirs
1130 3923 1297 3988 subletum
1318 3937 1427 4003 appa·

310 4032 392 4090 reat.
421 4025 571 4104 Qnurnrn
597 4027 727 4108 quidem
748 4027 974 4109 capitutornm
996 4025 1119 4107 ubique
1140 4039 1253 4089 sensns
1274 4019 1431 4101 obsigna·

305 4131 374 4203 tur,
396 4127 583 4207 discutitur,
598 4128 816 4207 contutatur,
837 4128 1148 4206 anathematizatur,
1174 4123 1254 4206 qniu
1274 4121 1315 4188 de
1342 4139 1428 4204 sup·

306 4228 417 4312 positis
436 4228 584 4312 Origenis
611 4229 779 4300 erroribus
800 4230 988 4298 instituatur
1018 4245 1136 4296 sermn.
1160 4227 1252 4305 Quos
1271 4241 1425 4300 errores,

833 1697 848 1708 ,ι
