<?xml version="1.0" encoding="UTF-8"?>
<!DOCTYPE html PUBLIC "-//W3C//DTD XHTML 1.0 Transitional//EN"
    "http://www.w3.org/TR/xhtml1/DTD/xhtml1-transitional.dtd">
<html xmlns="http://www.w3.org/1999/xhtml" xml:lang="en" lang="en">
 <head>
  <title>
</title>
<meta http-equiv="Content-Type" content="text/html;charset=utf-8" />
  <meta name='ocr-system' content='tesseract 3.04.00' />
  <meta name='ocr-capabilities' content='ocr_page ocr_carea ocr_par ocr_line ocrx_word'/>
</head>
<body>
  <div class='ocr_page' id='page_1' title='image "./insgregoriinyss01vincgoog/insgregoriinyss01vincgoog_0721.png"; bbox 0 0 3138 4950; ppageno 0'>
   <div class='ocr_carea' id='block_1_1' title="bbox 331 383 395 458">
    <p class='ocr_par' dir='ltr' id='par_1_1' title="bbox 331 383 395 458">
     <span class='ocr_line' id='line_1_1' title="bbox 331 383 395 458; baseline 0 0"><span class='ocrx_word' id='word_1_1' title='bbox 331 383 395 458; x_wconf 72' lang='grc'>360</span> 
     </span>
    </p>
   </div>
   <div class='ocr_carea' id='block_1_2' title="bbox 329 485 1454 670">
    <p class='ocr_par' dir='ltr' id='par_1_2' title="bbox 329 485 1454 670">
     <span class='ocr_line' id='line_1_2' title="bbox 331 485 1454 568; baseline -0.002 -13"><span class='ocrx_word' id='word_1_2' title='bbox 331 498 408 555; x_wconf 85' lang='lat' dir='ltr'>aute</span> <span class='ocrx_word' id='word_1_3' title='bbox 433 489 707 555; x_wconf 64' lang='lat' dir='ltr'>resurrectionem</span> <span class='ocrx_word' id='word_1_4' title='bbox 733 485 860 563; x_wconf 88' lang='lat' dir='ltr'>tulisse,</span> <span class='ocrx_word' id='word_1_5' title='bbox 875 503 961 568; x_wconf 86' lang='lat' dir='ltr'>quse</span> <span class='ocrx_word' id='word_1_6' title='bbox 976 491 1107 554; x_wconf 90' lang='lat' dir='ltr'>nostrae</span> <span class='ocrx_word' id='word_1_7' title='bbox 1130 487 1338 554; x_wconf 87' lang='lat' dir='ltr'>bumsuttstls</span> <span class='ocrx_word' id='word_1_8' title='bbox 1359 492 1454 567; x_wconf 88' lang='lat' dir='ltr'>suut,</span> 
     </span>
     <span class='ocr_line' id='line_1_3' title="bbox 329 589 1452 670; baseline 0 -18"><span class='ocrx_word' id='word_1_9' title='bbox 329 589 518 656; x_wconf 86' lang='lat' dir='ltr'>allectiones</span> <span class='ocrx_word' id='word_1_10' title='bbox 533 589 640 655; x_wconf 77' lang='lat' dir='ltr'>varim</span> <span class='ocrx_word' id='word_1_11' title='bbox 655 589 697 652; x_wconf 92' lang='lat' dir='ltr'>its</span> <span class='ocrx_word' id='word_1_12' title='bbox 723 595 759 652; x_wconf 92' lang='lat' dir='ltr'>ut</span> <span class='ocrx_word' id='word_1_13' title='bbox 779 589 933 665; x_wconf 85' lang='lat' dir='ltr'>esuriret,</span> <span class='ocrx_word' id='word_1_14' title='bbox 951 595 1166 670; x_wconf 72' lang='lat' dir='ltr'>torqueretur</span> <span class='ocrx_word' id='word_1_15' title='bbox 1185 606 1224 653; x_wconf 87' lang='lat' dir='ltr'>nc</span> <span class='ocrx_word' id='word_1_16' title='bbox 1245 596 1452 666; x_wconf 86' lang='lat' dir='ltr'>moreretur,</span> 
     </span>
    </p>
   </div>
   <div class='ocr_carea' id='block_1_3' title="bbox 230 689 1561 774">
    <p class='ocr_par' dir='ltr' id='par_1_3' title="bbox 230 689 1561 774">
     <span class='ocr_line' id='line_1_4' title="bbox 230 689 1561 774; baseline -0.007 -11"><span class='ocrx_word' id='word_1_17' title='bbox 230 757 233 763; x_wconf 91' lang='lat'>.</span> <span class='ocrx_word' id='word_1_18' title='bbox 327 696 387 768; x_wconf 89' lang='lat' dir='ltr'>sic,</span> <span class='ocrx_word' id='word_1_19' title='bbox 403 696 551 774; x_wconf 85' lang='lat' dir='ltr'>iuquam,</span> <span class='ocrx_word' id='word_1_20' title='bbox 566 691 733 756; x_wconf 89' lang='lat' dir='ltr'>docentem</span> <span class='ocrx_word' id='word_1_21' title='bbox 750 689 982 765; x_wconf 85' lang='lat' dir='ltr'>lastinianum,</span> <span class='ocrx_word' id='word_1_22' title='bbox 1009 693 1041 754; x_wconf 93' lang='lat' dir='ltr'>iu</span> <span class='ocrx_word' id='word_1_23' title='bbox 1060 709 1209 756; x_wconf 86' lang='lat' dir='ltr'>errorem</span> <span class='ocrx_word' id='word_1_24' title='bbox 1229 691 1356 773; x_wconf 86' lang='lat' dir='ltr'>lapsum</span> <span class='ocrx_word' id='word_1_25' title='bbox 1379 707 1455 756; x_wconf 84' lang='lat' dir='ltr'>esse</span> <span class='ocrx_word' id='word_1_26' title='bbox 1560 735 1561 768; x_wconf 70' lang='lat'>,</span> 
     </span>
    </p>
   </div>
   <div class='ocr_carea' id='block_1_4' title="bbox 326 791 1456 1380">
    <p class='ocr_par' dir='ltr' id='par_1_4' title="bbox 326 791 1456 1380">
     <span class='ocr_line' id='line_1_5' title="bbox 328 791 1456 878; baseline -0.004 -17"><span class='ocrx_word' id='word_1_27' title='bbox 328 795 646 878; x_wconf 82' lang='lat' dir='ltr'>ophthurdocetorum</span> <span class='ocrx_word' id='word_1_28' title='bbox 677 793 892 875; x_wconf 84' lang='lat' dir='ltr'>gajaniturum</span> <span class='ocrx_word' id='word_1_29' title='bbox 914 801 947 857; x_wconf 91' lang='lat' dir='ltr'>et</span> <span class='ocrx_word' id='word_1_30' title='bbox 974 791 1229 875; x_wconf 74' lang='lat' dir='ltr'>julianistarum.</span> <span class='ocrx_word' id='word_1_31' title='bbox 1265 791 1321 858; x_wconf 86' lang='lat' dir='ltr'>lati</span> <span class='ocrx_word' id='word_1_32' title='bbox 1361 809 1456 858; x_wconf 82' lang='lat' dir='ltr'>uam·</span> 
     </span>
     <span class='ocr_line' id='line_1_6' title="bbox 329 896 1455 981; baseline -0.004 -17"><span class='ocrx_word' id='word_1_33' title='bbox 329 917 396 981; x_wconf 83' lang='lat' dir='ltr'>que</span> <span class='ocrx_word' id='word_1_34' title='bbox 419 899 519 962; x_wconf 87' lang='lat' dir='ltr'>aliter</span> <span class='ocrx_word' id='word_1_35' title='bbox 537 898 579 959; x_wconf 90' lang='lat' dir='ltr'>ab</span> <span class='ocrx_word' id='word_1_36' title='bbox 599 897 706 961; x_wconf 88' lang='lat' dir='ltr'>edicto</span> <span class='ocrx_word' id='word_1_37' title='bbox 728 897 888 974; x_wconf 87' lang='lat' dir='ltr'>imperiali</span> <span class='ocrx_word' id='word_1_38' title='bbox 909 898 1096 970; x_wconf 73' lang='lat' dir='ltr'>sentientes,</span> <span class='ocrx_word' id='word_1_39' title='bbox 1118 896 1269 960; x_wconf 87' lang='lat' dir='ltr'>absolute</span> <span class='ocrx_word' id='word_1_40' title='bbox 1288 903 1455 976; x_wconf 81' lang='lat' dir='ltr'>putsruut</span> 
     </span>
     <span class='ocr_line' id='line_1_7' title="bbox 327 993 1453 1078; baseline -0.004 -13"><span class='ocrx_word' id='word_1_41' title='bbox 327 999 448 1065; x_wconf 79' lang='lat' dir='ltr'>Christi</span> <span class='ocrx_word' id='word_1_42' title='bbox 469 1014 590 1078; x_wconf 87' lang='lat' dir='ltr'>corpus</span> <span class='ocrx_word' id='word_1_43' title='bbox 610 1004 685 1061; x_wconf 89' lang='lat' dir='ltr'>ante</span> <span class='ocrx_word' id='word_1_44' title='bbox 706 997 980 1061; x_wconf 87' lang='lat' dir='ltr'>resurrectionem</span> <span class='ocrx_word' id='word_1_45' title='bbox 1003 994 1191 1060; x_wconf 87' lang='lat' dir='ltr'>nullatenus</span> <span class='ocrx_word' id='word_1_46' title='bbox 1211 997 1255 1060; x_wconf 94' lang='lat' dir='ltr'>ob</span> <span class='ocrx_word' id='word_1_47' title='bbox 1267 993 1368 1060; x_wconf 75' lang='lat' dir='ltr'>Verbi</span> <span class='ocrx_word' id='word_1_48' title='bbox 1390 1015 1453 1078; x_wconf 88' lang='lat' dir='ltr'>po·</span> 
     </span>
     <span class='ocr_line' id='line_1_8' title="bbox 326 1098 1454 1180; baseline 0 -16"><span class='ocrx_word' id='word_1_49' title='bbox 326 1103 461 1164; x_wconf 88' lang='lat' dir='ltr'>tentiam</span> <span class='ocrx_word' id='word_1_50' title='bbox 483 1108 692 1180; x_wconf 87' lang='lat' dir='ltr'>corruptum,</span> <span class='ocrx_word' id='word_1_51' title='bbox 709 1117 769 1163; x_wconf 90' lang='lat' dir='ltr'>nec</span> <span class='ocrx_word' id='word_1_52' title='bbox 789 1099 957 1177; x_wconf 86' lang='lat' dir='ltr'>corrumpi</span> <span class='ocrx_word' id='word_1_53' title='bbox 979 1098 1166 1161; x_wconf 81' lang='lat' dir='ltr'>omnimode</span> <span class='ocrx_word' id='word_1_54' title='bbox 1186 1099 1344 1177; x_wconf 87' lang='lat' dir='ltr'>potuisse,</span> <span class='ocrx_word' id='word_1_55' title='bbox 1365 1099 1454 1164; x_wconf 87' lang='lat' dir='ltr'>adeo</span> 
     </span>
     <span class='ocr_line' id='line_1_9' title="bbox 326 1197 1455 1288; baseline -0.001 -22"><span class='ocrx_word' id='word_1_56' title='bbox 326 1211 367 1266; x_wconf 87' lang='lat' dir='ltr'>ut</span> <span class='ocrx_word' id='word_1_57' title='bbox 387 1203 515 1283; x_wconf 90' lang='lat' dir='ltr'>penitus</span> <span class='ocrx_word' id='word_1_58' title='bbox 529 1200 764 1264; x_wconf 86' lang='lat' dir='ltr'>sustolleretur</span> <span class='ocrx_word' id='word_1_59' title='bbox 778 1197 1022 1288; x_wconf 75' lang='lat' dir='ltr'>Redemptiouis</span> <span class='ocrx_word' id='word_1_60' title='bbox 1044 1199 1249 1281; x_wconf 76' lang='lat' dir='ltr'>mysterium.</span> <span class='ocrx_word' id='word_1_61' title='bbox 1273 1197 1316 1263; x_wconf 77' lang='lat' dir='ltr'>tte</span> <span class='ocrx_word' id='word_1_62' title='bbox 1331 1200 1373 1262; x_wconf 85' lang='lat' dir='ltr'>uh</span> <span class='ocrx_word' id='word_1_63' title='bbox 1387 1200 1455 1265; x_wconf 83' lang='lat' dir='ltr'>bue</span> 
     </span>
     <span class='ocr_line' id='line_1_10' title="bbox 327 1295 1455 1380; baseline -0.002 -14"><span class='ocrx_word' id='word_1_64' title='bbox 327 1305 446 1366; x_wconf 87' lang='lat' dir='ltr'>merito</span> <span class='ocrx_word' id='word_1_65' title='bbox 468 1301 611 1364; x_wconf 83' lang='lat' dir='ltr'>damuati</span> <span class='ocrx_word' id='word_1_66' title='bbox 632 1307 707 1364; x_wconf 85' lang='lat' dir='ltr'>suet</span> <span class='ocrx_word' id='word_1_67' title='bbox 728 1299 888 1380; x_wconf 78' lang='lat' dir='ltr'>gajanitae</span> <span class='ocrx_word' id='word_1_68' title='bbox 910 1303 943 1360; x_wconf 89' lang='lat' dir='ltr'>et</span> <span class='ocrx_word' id='word_1_69' title='bbox 960 1297 1157 1380; x_wconf 84' lang='lat' dir='ltr'>jullsuistse.</span> <span class='ocrx_word' id='word_1_70' title='bbox 1180 1295 1254 1364; x_wconf 86' lang='lat' dir='ltr'>Non</span> <span class='ocrx_word' id='word_1_71' title='bbox 1274 1299 1322 1361; x_wconf 90' lang='lat' dir='ltr'>sic</span> <span class='ocrx_word' id='word_1_72' title='bbox 1343 1307 1455 1364; x_wconf 83' lang='lat' dir='ltr'>tamen</span> 
     </span>
    </p>
   </div>
   <div class='ocr_carea' id='block_1_5' title="bbox 239 1399 1455 1482">
    <p class='ocr_par' dir='ltr' id='par_1_5' title="bbox 239 1399 1455 1482">
     <span class='ocr_line' id='line_1_11' title="bbox 239 1399 1455 1482; baseline 0.002 -18"><span class='ocrx_word' id='word_1_73' title='bbox 239 1431 248 1446; x_wconf 96' lang='lat'><strong>·</strong></span> <span class='ocrx_word' id='word_1_74' title='bbox 327 1403 440 1466; x_wconf 87' lang='lat' dir='ltr'>docuit</span> <span class='ocrx_word' id='word_1_75' title='bbox 460 1400 676 1476; x_wconf 77' lang='lat' dir='ltr'>lastinianus,</span> <span class='ocrx_word' id='word_1_76' title='bbox 698 1419 758 1464; x_wconf 87' lang='lat' dir='ltr'>nec</span> <span class='ocrx_word' id='word_1_77' title='bbox 779 1400 914 1478; x_wconf 88' lang='lat' dir='ltr'>proinde</span> <span class='ocrx_word' id='word_1_78' title='bbox 938 1399 1176 1481; x_wconf 62' lang='lat' dir='ltr'>reprobandum</span> <span class='ocrx_word' id='word_1_79' title='bbox 1190 1400 1246 1464; x_wconf 90' lang='lat' dir='ltr'>sed</span> <span class='ocrx_word' id='word_1_80' title='bbox 1269 1402 1378 1482; x_wconf 85' lang='lat' dir='ltr'>potius</span> <span class='ocrx_word' id='word_1_81' title='bbox 1398 1421 1455 1466; x_wconf 86' lang='lat' dir='ltr'>re·</span> 
     </span>
    </p>
   </div>
   <div class='ocr_carea' id='block_1_6' title="bbox 326 1499 1456 2089">
    <p class='ocr_par' dir='ltr' id='par_1_6' title="bbox 326 1499 1456 1888">
     <span class='ocr_line' id='line_1_12' title="bbox 328 1499 1455 1584; baseline -0.001 -17"><span class='ocrx_word' id='word_1_82' title='bbox 328 1501 487 1584; x_wconf 84' lang='lat' dir='ltr'>probandi</span> <span class='ocrx_word' id='word_1_83' title='bbox 506 1501 686 1584; x_wconf 74' lang='lat' dir='ltr'>Eutychiae</span> <span class='ocrx_word' id='word_1_84' title='bbox 702 1510 735 1564; x_wconf 90' lang='lat' dir='ltr'>et</span> <span class='ocrx_word' id='word_1_85' title='bbox 751 1503 807 1581; x_wconf 84' lang='lat' dir='ltr'>qui</span> <span class='ocrx_word' id='word_1_86' title='bbox 829 1501 902 1582; x_wconf 84' lang='lat' dir='ltr'>ejus</span> <span class='ocrx_word' id='word_1_87' title='bbox 917 1509 1026 1579; x_wconf 86' lang='lat' dir='ltr'>pentes</span> <span class='ocrx_word' id='word_1_88' title='bbox 1040 1502 1183 1582; x_wconf 85' lang='lat' dir='ltr'>suscepit</span> <span class='ocrx_word' id='word_1_89' title='bbox 1196 1499 1365 1580; x_wconf 86' lang='lat' dir='ltr'>Leontius,</span> <span class='ocrx_word' id='word_1_90' title='bbox 1379 1513 1455 1566; x_wconf 81' lang='lat' dir='ltr'>teu·</span> 
     </span>
     <span class='ocr_line' id='line_1_13' title="bbox 326 1599 1456 1686; baseline -0.001 -17"><span class='ocrx_word' id='word_1_91' title='bbox 326 1623 400 1670; x_wconf 90' lang='lat' dir='ltr'>sum</span> <span class='ocrx_word' id='word_1_92' title='bbox 422 1606 518 1670; x_wconf 89' lang='lat' dir='ltr'>edicti</span> <span class='ocrx_word' id='word_1_93' title='bbox 540 1612 778 1686; x_wconf 79' lang='lat' dir='ltr'>pervertentes,</span> <span class='ocrx_word' id='word_1_94' title='bbox 794 1603 881 1682; x_wconf 88' lang='lat' dir='ltr'>quud</span> <span class='ocrx_word' id='word_1_95' title='bbox 899 1600 984 1682; x_wconf 82' lang='lat' dir='ltr'>Papa</span> <span class='ocrx_word' id='word_1_96' title='bbox 999 1599 1129 1682; x_wconf 76' lang='lat' dir='ltr'>Agatho</span> <span class='ocrx_word' id='word_1_97' title='bbox 1150 1605 1364 1669; x_wconf 79' lang='lat' dir='ltr'>intercutem</span> <span class='ocrx_word' id='word_1_98' title='bbox 1386 1601 1456 1668; x_wconf 85' lang='lat' dir='ltr'>lm·</span> 
     </span>
     <span class='ocr_line' id='line_1_14' title="bbox 329 1701 1455 1789; baseline -0.001 -18"><span class='ocrx_word' id='word_1_99' title='bbox 329 1707 491 1789; x_wconf 82' lang='lat' dir='ltr'>peratoris</span> <span class='ocrx_word' id='word_1_100' title='bbox 518 1701 623 1770; x_wconf 85' lang='lat' dir='ltr'>edicta</span> <span class='ocrx_word' id='word_1_101' title='bbox 646 1703 740 1767; x_wconf 85' lang='lat' dir='ltr'>ratde</span> <span class='ocrx_word' id='word_1_102' title='bbox 761 1703 1000 1768; x_wconf 85' lang='lat' dir='ltr'>commendarit</span> <span class='ocrx_word' id='word_1_103' title='bbox 1031 1709 1167 1786; x_wconf 87' lang='lat' dir='ltr'>propter</span> <span class='ocrx_word' id='word_1_104' title='bbox 1186 1702 1263 1770; x_wconf 88' lang='lat' dir='ltr'>lidel</span> <span class='ocrx_word' id='word_1_105' title='bbox 1281 1704 1455 1770; x_wconf 83' lang='lat' dir='ltr'>rectitudi-</span> 
     </span>
     <span class='ocr_line' id='line_1_15' title="bbox 326 1807 812 1888; baseline -0.012 -16"><span class='ocrx_word' id='word_1_106' title='bbox 326 1825 402 1874; x_wconf 88' lang='lat' dir='ltr'>uem</span> <span class='ocrx_word' id='word_1_107' title='bbox 424 1809 456 1873; x_wconf 90' lang='lat' dir='ltr'>in</span> <span class='ocrx_word' id='word_1_108' title='bbox 476 1807 597 1872; x_wconf 85' lang='lat' dir='ltr'>eisdem</span> <span class='ocrx_word' id='word_1_109' title='bbox 619 1809 812 1888; x_wconf 81' lang='lat' dir='ltr'>expositam.</span> 
     </span>
    </p>

    <p class='ocr_par' dir='ltr' id='par_1_7' title="bbox 327 1904 1451 2089">
     <span class='ocr_line' id='line_1_16' title="bbox 407 1904 1451 1988; baseline -0.001 -15"><span class='ocrx_word' id='word_1_110' title='bbox 407 1907 491 1974; x_wconf 86' lang='lat' dir='ltr'>Gom</span> <span class='ocrx_word' id='word_1_111' title='bbox 513 1925 592 1970; x_wconf 82' lang='lat' dir='ltr'>nero</span> <span class='ocrx_word' id='word_1_112' title='bbox 603 1904 757 1970; x_wconf 84' lang='lat' dir='ltr'>Leontius</span> <span class='ocrx_word' id='word_1_113' title='bbox 771 1925 832 1988; x_wconf 91' lang='lat' dir='ltr'>pro</span> <span class='ocrx_word' id='word_1_114' title='bbox 846 1925 904 1971; x_wconf 86' lang='lat' dir='ltr'>sus</span> <span class='ocrx_word' id='word_1_115' title='bbox 919 1906 999 1970; x_wconf 86' lang='lat' dir='ltr'>thesi</span> <span class='ocrx_word' id='word_1_116' title='bbox 1015 1905 1172 1974; x_wconf 82' lang='lat' dir='ltr'>firmanda</span> <span class='ocrx_word' id='word_1_117' title='bbox 1194 1905 1289 1986; x_wconf 87' lang='lat' dir='ltr'>plura</span> <span class='ocrx_word' id='word_1_118' title='bbox 1312 1906 1451 1972; x_wconf 80' lang='lat' dir='ltr'>Petrum</span> 
     </span>
     <span class='ocr_line' id='line_1_17' title="bbox 327 2008 1449 2089; baseline -0.001 -16"><span class='ocrx_word' id='word_1_119' title='bbox 327 2019 516 2074; x_wconf 77' lang='lat' dir='ltr'>mentorum</span> <span class='ocrx_word' id='word_1_120' title='bbox 538 2009 711 2088; x_wconf 73' lang='lat' dir='ltr'>collegerit</span> <span class='ocrx_word' id='word_1_121' title='bbox 732 2010 924 2084; x_wconf 86' lang='lat' dir='ltr'>testimonla,</span> <span class='ocrx_word' id='word_1_122' title='bbox 947 2009 1067 2088; x_wconf 84' lang='lat' dir='ltr'>quibus</span> <span class='ocrx_word' id='word_1_123' title='bbox 1088 2013 1240 2072; x_wconf 80' lang='lat' dir='ltr'>naturam</span> <span class='ocrx_word' id='word_1_124' title='bbox 1262 2008 1449 2089; x_wconf 84' lang='lat' dir='ltr'>passibilem</span> 
     </span>
    </p>
   </div>
   <div class='ocr_carea' id='block_1_7' title="bbox 329 2106 1561 2392">
    <p class='ocr_par' dir='ltr' id='par_1_8' title="bbox 329 2106 1561 2392">
     <span class='ocr_line' id='line_1_18' title="bbox 329 2106 1561 2208; baseline 0 -34"><span class='ocrx_word' id='word_1_125' title='bbox 329 2117 364 2175; x_wconf 88' lang='lat' dir='ltr'>et</span> <span class='ocrx_word' id='word_1_126' title='bbox 384 2110 631 2192; x_wconf 80' lang='lat' dir='ltr'>corruptibilem</span> <span class='ocrx_word' id='word_1_127' title='bbox 653 2110 847 2192; x_wconf 88' lang='lat' dir='ltr'>praetulisse</span> <span class='ocrx_word' id='word_1_128' title='bbox 874 2109 1059 2174; x_wconf 85' lang='lat' dir='ltr'>ostenderet</span> <span class='ocrx_word' id='word_1_129' title='bbox 1079 2106 1199 2174; x_wconf 80' lang='lat' dir='ltr'>Christi</span> <span class='ocrx_word' id='word_1_130' title='bbox 1226 2126 1347 2191; x_wconf 87' lang='lat' dir='ltr'>corpus</span> <span class='ocrx_word' id='word_1_131' title='bbox 1375 2118 1453 2174; x_wconf 87' lang='lat' dir='ltr'>aute</span> <span class='ocrx_word' id='word_1_132' title='bbox 1560 2117 1561 2208; x_wconf 63' lang='lat' dir='ltr'>i</span> 
     </span>
     <span class='ocr_line' id='line_1_19' title="bbox 329 2210 1561 2312; baseline 0.001 -38"><span class='ocrx_word' id='word_1_133' title='bbox 329 2213 618 2286; x_wconf 85' lang='lat' dir='ltr'>resurrectionem,</span> <span class='ocrx_word' id='word_1_134' title='bbox 642 2212 732 2275; x_wconf 85' lang='lat' dir='ltr'>nulls</span> <span class='ocrx_word' id='word_1_135' title='bbox 758 2211 894 2274; x_wconf 86' lang='lat' dir='ltr'>admissa</span> <span class='ocrx_word' id='word_1_136' title='bbox 922 2211 1128 2274; x_wconf 87' lang='lat' dir='ltr'>distinctione</span> <span class='ocrx_word' id='word_1_137' title='bbox 1152 2210 1254 2290; x_wconf 88' lang='lat' dir='ltr'>probe</span> <span class='ocrx_word' id='word_1_138' title='bbox 1274 2211 1396 2274; x_wconf 87' lang='lat' dir='ltr'>intents</span> <span class='ocrx_word' id='word_1_139' title='bbox 1419 2213 1452 2276; x_wconf 91' lang='lat' dir='ltr'>iu</span> <span class='ocrx_word' id='word_1_140' title='bbox 1560 2261 1561 2312; x_wconf 80' lang='lat' dir='ltr'>t</span> 
     </span>
     <span class='ocr_line' id='line_1_20' title="bbox 329 2308 1450 2392; baseline 0.001 -16"><span class='ocrx_word' id='word_1_141' title='bbox 329 2308 503 2376; x_wconf 84' lang='lat' dir='ltr'>lustininni</span> <span class='ocrx_word' id='word_1_142' title='bbox 524 2313 631 2378; x_wconf 89' lang='lat' dir='ltr'>edicto</span> <span class='ocrx_word' id='word_1_143' title='bbox 641 2331 655 2392; x_wconf 77' lang='lat'>3</span> <span class='ocrx_word' id='word_1_144' title='bbox 680 2329 739 2376; x_wconf 87' lang='lat' dir='ltr'>nec</span> <span class='ocrx_word' id='word_1_145' title='bbox 764 2313 795 2374; x_wconf 92' lang='lat' dir='ltr'>ln</span> <span class='ocrx_word' id='word_1_146' title='bbox 817 2313 867 2375; x_wconf 89' lang='lat' dir='ltr'>bis</span> <span class='ocrx_word' id='word_1_147' title='bbox 890 2312 983 2376; x_wconf 87' lang='lat' dir='ltr'>nobie</span> <span class='ocrx_word' id='word_1_148' title='bbox 1003 2311 1060 2376; x_wconf 85' lang='lat' dir='ltr'>illc</span> <span class='ocrx_word' id='word_1_149' title='bbox 1079 2313 1247 2378; x_wconf 83' lang='lat' dir='ltr'>satistactt.</span> <span class='ocrx_word' id='word_1_150' title='bbox 1269 2311 1343 2377; x_wconf 88' lang='lat' dir='ltr'>Non</span> <span class='ocrx_word' id='word_1_151' title='bbox 1364 2314 1450 2378; x_wconf 77' lang='lat' dir='ltr'>euin</span> 
     </span>
    </p>
   </div>
   <div class='ocr_carea' id='block_1_8' title="bbox 328 2411 1453 2596">
    <p class='ocr_par' dir='ltr' id='par_1_9' title="bbox 328 2411 1453 2596">
     <span class='ocr_line' id='line_1_21' title="bbox 331 2411 1453 2491; baseline 0.003 -17"><span class='ocrx_word' id='word_1_152' title='bbox 331 2411 409 2476; x_wconf 90' lang='lat' dir='ltr'>talia</span> <span class='ocrx_word' id='word_1_153' title='bbox 432 2413 678 2478; x_wconf 82' lang='lat' dir='ltr'>testimonialia</span> <span class='ocrx_word' id='word_1_154' title='bbox 704 2429 722 2477; x_wconf 87' lang='lat' dir='ltr'>a</span> <span class='ocrx_word' id='word_1_155' title='bbox 747 2411 900 2477; x_wconf 87' lang='lat' dir='ltr'>Patribus</span> <span class='ocrx_word' id='word_1_156' title='bbox 931 2414 1049 2476; x_wconf 88' lang='lat' dir='ltr'>dictata</span> <span class='ocrx_word' id='word_1_157' title='bbox 1079 2423 1167 2491; x_wconf 91' lang='lat' dir='ltr'>suut,</span> <span class='ocrx_word' id='word_1_158' title='bbox 1183 2422 1221 2479; x_wconf 91' lang='lat' dir='ltr'>ut</span> <span class='ocrx_word' id='word_1_159' title='bbox 1240 2415 1453 2482; x_wconf 76' lang='lat' dir='ltr'>excludente</span> 
     </span>
     <span class='ocr_line' id='line_1_22' title="bbox 328 2509 1452 2596; baseline 0.001 -19"><span class='ocrx_word' id='word_1_160' title='bbox 328 2509 409 2577; x_wconf 77' lang='lat' dir='ltr'>Iesu</span> <span class='ocrx_word' id='word_1_161' title='bbox 430 2531 569 2594; x_wconf 86' lang='lat' dir='ltr'>corpore</span> <span class='ocrx_word' id='word_1_162' title='bbox 591 2532 654 2579; x_wconf 87' lang='lat' dir='ltr'>une</span> <span class='ocrx_word' id='word_1_163' title='bbox 676 2532 752 2579; x_wconf 89' lang='lat' dir='ltr'>cum</span> <span class='ocrx_word' id='word_1_164' title='bbox 772 2523 949 2595; x_wconf 88' lang='lat' dir='ltr'>spontanea</span> <span class='ocrx_word' id='word_1_165' title='bbox 970 2514 1182 2595; x_wconf 85' lang='lat' dir='ltr'>passibilitate</span> <span class='ocrx_word' id='word_1_166' title='bbox 1208 2517 1305 2580; x_wconf 87' lang='lat' dir='ltr'>etism</span> <span class='ocrx_word' id='word_1_167' title='bbox 1333 2517 1452 2596; x_wconf 85' lang='lat' dir='ltr'>impes·</span> 
     </span>
    </p>
   </div>
   <div class='ocr_carea' id='block_1_9' title="bbox 327 2613 1561 2797">
    <p class='ocr_par' dir='ltr' id='par_1_10' title="bbox 327 2613 1561 2797">
     <span class='ocr_line' id='line_1_23' title="bbox 327 2613 1561 2710; baseline 0.004 -34"><span class='ocrx_word' id='word_1_168' title='bbox 327 2613 527 2691; x_wconf 77' lang='lat' dir='ltr'>nihilitatem,</span> <span class='ocrx_word' id='word_1_169' title='bbox 548 2634 606 2678; x_wconf 88' lang='lat' dir='ltr'>seu</span> <span class='ocrx_word' id='word_1_170' title='bbox 629 2613 972 2693; x_wconf 76' lang='lat' dir='ltr'>incorruptibilitatem</span> <span class='ocrx_word' id='word_1_171' title='bbox 999 2615 1042 2677; x_wconf 92' lang='lat' dir='ltr'>ob</span> <span class='ocrx_word' id='word_1_172' title='bbox 1062 2617 1214 2679; x_wconf 88' lang='lat' dir='ltr'>unionem</span> <span class='ocrx_word' id='word_1_173' title='bbox 1234 2633 1310 2681; x_wconf 91' lang='lat' dir='ltr'>cum</span> <span class='ocrx_word' id='word_1_174' title='bbox 1340 2613 1450 2680; x_wconf 84' lang='lat' dir='ltr'>Verbo</span> <span class='ocrx_word' id='word_1_175' title='bbox 1560 2679 1561 2710; x_wconf 23' lang='grc' dir='ltr'>ἶ</span> 
     </span>
     <span class='ocr_line' id='line_1_24' title="bbox 329 2714 1561 2797; baseline 0.008 -23"><span class='ocrx_word' id='word_1_176' title='bbox 329 2714 450 2778; x_wconf 85' lang='lat' dir='ltr'>divino.</span> <span class='ocrx_word' id='word_1_177' title='bbox 472 2714 506 2780; x_wconf 86' lang='lat' dir='ltr'>S.</span> <span class='ocrx_word' id='word_1_178' title='bbox 529 2715 739 2797; x_wconf 75' lang='lat' dir='ltr'>Epiphanius,</span> <span class='ocrx_word' id='word_1_179' title='bbox 761 2723 797 2778; x_wconf 89' lang='lat' dir='ltr'>ut</span> <span class='ocrx_word' id='word_1_180' title='bbox 816 2731 930 2796; x_wconf 86' lang='lat' dir='ltr'>supra,</span> <span class='ocrx_word' id='word_1_181' title='bbox 953 2717 1211 2795; x_wconf 85' lang='lat' dir='ltr'>praeclarissime</span> <span class='ocrx_word' id='word_1_182' title='bbox 1230 2718 1325 2783; x_wconf 89' lang='lat' dir='ltr'>docet</span> <span class='ocrx_word' id='word_1_183' title='bbox 1346 2717 1449 2782; x_wconf 87' lang='lat' dir='ltr'>admi·</span> <span class='ocrx_word' id='word_1_184' title='bbox 1560 2719 1561 2784; x_wconf 65' lang='lat' dir='ltr'>f</span> 
     </span>
    </p>
   </div>
   <div class='ocr_carea' id='block_1_10' title="bbox 330 2813 1451 3201">
    <p class='ocr_par' dir='ltr' id='par_1_11' title="bbox 330 2813 1451 3201">
     <span class='ocr_line' id='line_1_25' title="bbox 330 2813 1449 2901; baseline 0.003 -23"><span class='ocrx_word' id='word_1_185' title='bbox 330 2817 426 2880; x_wconf 88' lang='lat' dir='ltr'>rabili</span> <span class='ocrx_word' id='word_1_186' title='bbox 449 2819 573 2882; x_wconf 81' lang='lat' dir='ltr'>ratione</span> <span class='ocrx_word' id='word_1_187' title='bbox 596 2816 761 2882; x_wconf 84' lang='lat' dir='ltr'>Christum</span> <span class='ocrx_word' id='word_1_188' title='bbox 792 2832 934 2895; x_wconf 86' lang='lat' dir='ltr'>possum,</span> <span class='ocrx_word' id='word_1_189' title='bbox 956 2833 1027 2880; x_wconf 83' lang='lat' dir='ltr'>cum</span> <span class='ocrx_word' id='word_1_190' title='bbox 1047 2813 1084 2878; x_wconf 84' lang='lat' dir='ltr'>in</span> <span class='ocrx_word' id='word_1_191' title='bbox 1112 2815 1244 2882; x_wconf 74' lang='lat' dir='ltr'>ueritum</span> <span class='ocrx_word' id='word_1_192' title='bbox 1267 2816 1449 2901; x_wconf 79' lang='lat' dir='ltr'>opussibilis</span> 
     </span>
     <span class='ocr_line' id='line_1_26' title="bbox 330 2915 1451 3000; baseline 0.004 -21"><span class='ocrx_word' id='word_1_193' title='bbox 330 2927 417 2982; x_wconf 87' lang='lat' dir='ltr'>sssst.</span> <span class='ocrx_word' id='word_1_194' title='bbox 439 2917 472 2984; x_wconf 85' lang='lat' dir='ltr'>S.</span> <span class='ocrx_word' id='word_1_195' title='bbox 496 2919 687 2982; x_wconf 76' lang='lat' dir='ltr'>Ambrosius</span> <span class='ocrx_word' id='word_1_196' title='bbox 709 2937 751 2981; x_wconf 82' lang='lat' dir='ltr'>ex</span> <span class='ocrx_word' id='word_1_197' title='bbox 772 2918 860 2983; x_wconf 90' lang='lat' dir='ltr'>libro</span> <span class='ocrx_word' id='word_1_198' title='bbox 886 2917 931 2980; x_wconf 85' lang='lat' dir='ltr'>De</span> <span class='ocrx_word' id='word_1_199' title='bbox 945 2915 1026 2981; x_wconf 83' lang='lat' dir='ltr'>Fide</span> <span class='ocrx_word' id='word_1_200' title='bbox 1043 2915 1205 2984; x_wconf 72' lang='lat' dir='ltr'>Catholicis</span> <span class='ocrx_word' id='word_1_201' title='bbox 1225 2920 1284 3000; x_wconf 77' lang='lat' dir='ltr'>(ex</span> <span class='ocrx_word' id='word_1_202' title='bbox 1304 2917 1451 2986; x_wconf 83' lang='lat' dir='ltr'>Theodo-</span> 
     </span>
     <span class='ocr_line' id='line_1_27' title="bbox 330 3015 1447 3101; baseline 0.002 -20"><span class='ocrx_word' id='word_1_203' title='bbox 330 3019 392 3081; x_wconf 88' lang='lat' dir='ltr'>reti</span> <span class='ocrx_word' id='word_1_204' title='bbox 415 3018 543 3098; x_wconf 75' lang='lat' dir='ltr'>dialogo</span> <span class='ocrx_word' id='word_1_205' title='bbox 557 3018 595 3080; x_wconf 86' lang='lat' dir='ltr'>de</span> <span class='ocrx_word' id='word_1_206' title='bbox 608 3015 855 3100; x_wconf 71' lang='lat' dir='ltr'>impatibilitate)</span> <span class='ocrx_word' id='word_1_207' title='bbox 877 3019 994 3098; x_wconf 81' lang='lat' dir='ltr'>inquit:</span> <span class='ocrx_word' id='word_1_208' title='bbox 1012 3017 1127 3084; x_wconf 74' lang='lat' dir='ltr'>«Caro</span> <span class='ocrx_word' id='word_1_209' title='bbox 1148 3021 1251 3100; x_wconf 85' lang='lat' dir='ltr'>igitur</span> <span class='ocrx_word' id='word_1_210' title='bbox 1270 3027 1321 3085; x_wconf 89' lang='lat' dir='ltr'>est</span> <span class='ocrx_word' id='word_1_211' title='bbox 1339 3037 1447 3101; x_wconf 63' lang='lat' dir='ltr'>passu</span> 
     </span>
     <span class='ocr_line' id='line_1_28' title="bbox 330 3117 1446 3201; baseline 0 -19"><span class='ocrx_word' id='word_1_212' title='bbox 330 3117 479 3182; x_wconf 82' lang='lat' dir='ltr'>divinitas</span> <span class='ocrx_word' id='word_1_213' title='bbox 501 3125 610 3183; x_wconf 85' lang='lat' dir='ltr'>autem</span> <span class='ocrx_word' id='word_1_214' title='bbox 633 3120 746 3182; x_wconf 90' lang='lat' dir='ltr'>mortis</span> <span class='ocrx_word' id='word_1_215' title='bbox 766 3119 889 3182; x_wconf 78' lang='lat' dir='ltr'>liberae</span> <span class='ocrx_word' id='word_1_216' title='bbox 916 3118 1055 3198; x_wconf 89' lang='lat' dir='ltr'>passioni</span> <span class='ocrx_word' id='word_1_217' title='bbox 1076 3137 1197 3200; x_wconf 85' lang='lat' dir='ltr'>corpus</span> <span class='ocrx_word' id='word_1_218' title='bbox 1218 3119 1289 3201; x_wconf 86' lang='lat' dir='ltr'>lege</span> <span class='ocrx_word' id='word_1_219' title='bbox 1310 3127 1446 3184; x_wconf 78' lang='lat' dir='ltr'>ustum</span> 
     </span>
    </p>
   </div>
   <div class='ocr_carea' id='block_1_11' title="bbox 329 3216 1561 3286">
    <p class='ocr_par' dir='ltr' id='par_1_12' title="bbox 329 3216 1561 3286">
     <span class='ocr_line' id='line_1_29' title="bbox 329 3216 1561 3286; baseline 0.002 -5"><span class='ocrx_word' id='word_1_220' title='bbox 329 3218 491 3282; x_wconf 88' lang='lat' dir='ltr'>humanae</span> <span class='ocrx_word' id='word_1_221' title='bbox 505 3217 747 3284; x_wconf 71' lang='lat' dir='ltr'>concessitis·</span> <span class='ocrx_word' id='word_1_222' title='bbox 766 3217 940 3283; x_wconf 78' lang='lat' dir='ltr'>Flavianus</span> <span class='ocrx_word' id='word_1_223' title='bbox 955 3216 991 3284; x_wconf 82' lang='lat' dir='ltr'>in</span> <span class='ocrx_word' id='word_1_224' title='bbox 1006 3217 1203 3284; x_wconf 83' lang='lat' dir='ltr'>Dominicons</span> <span class='ocrx_word' id='word_1_225' title='bbox 1217 3219 1360 3286; x_wconf 81' lang='lat' dir='ltr'>Pusulae</span> <span class='ocrx_word' id='word_1_226' title='bbox 1372 3221 1448 3285; x_wconf 88' lang='lat' dir='ltr'>scri·</span> <span class='ocrx_word' id='word_1_227' title='bbox 1560 3269 1561 3272; x_wconf 63' lang='lat'>,</span> 
     </span>
    </p>
   </div>
   <div class='ocr_carea' id='block_1_12' title="bbox 331 3319 1447 3606">
    <p class='ocr_par' dir='ltr' id='par_1_13' title="bbox 331 3319 1447 3606">
     <span class='ocr_line' id='line_1_30' title="bbox 331 3319 1446 3405; baseline 0.002 -21"><span class='ocrx_word' id='word_1_228' title='bbox 331 3319 391 3385; x_wconf 82' lang='lat' dir='ltr'>bit:</span> <span class='ocrx_word' id='word_1_229' title='bbox 409 3321 523 3385; x_wconf 73' lang='lat' dir='ltr'>«Nem</span> <span class='ocrx_word' id='word_1_230' title='bbox 544 3322 694 3388; x_wconf 82' lang='lat' dir='ltr'>diviuitas</span> <span class='ocrx_word' id='word_1_231' title='bbox 716 3330 764 3385; x_wconf 90' lang='lat' dir='ltr'>est</span> <span class='ocrx_word' id='word_1_232' title='bbox 784 3323 939 3403; x_wconf 87' lang='lat' dir='ltr'>passionis</span> <span class='ocrx_word' id='word_1_233' title='bbox 959 3329 992 3384; x_wconf 90' lang='lat' dir='ltr'>et</span> <span class='ocrx_word' id='word_1_234' title='bbox 1012 3321 1213 3387; x_wconf 86' lang='lat' dir='ltr'>alterationis</span> <span class='ocrx_word' id='word_1_235' title='bbox 1233 3339 1362 3405; x_wconf 82' lang='lat' dir='ltr'>expers.</span> <span class='ocrx_word' id='word_1_236' title='bbox 1382 3321 1446 3386; x_wconf 84' lang='lat' dir='ltr'>lltsi</span> 
     </span>
     <span class='ocr_line' id='line_1_31' title="bbox 331 3419 1446 3504; baseline 0.001 -20"><span class='ocrx_word' id='word_1_237' title='bbox 331 3437 403 3485; x_wconf 90' lang='lat' dir='ltr'>eam</span> <span class='ocrx_word' id='word_1_238' title='bbox 425 3421 623 3502; x_wconf 75' lang='lat' dir='ltr'>praenimia</span> <span class='ocrx_word' id='word_1_239' title='bbox 645 3423 843 3502; x_wconf 75' lang='lat' dir='ltr'>benignitate</span> <span class='ocrx_word' id='word_1_240' title='bbox 866 3421 953 3486; x_wconf 84' lang='lat' dir='ltr'>serui</span> <span class='ocrx_word' id='word_1_241' title='bbox 981 3419 1120 3486; x_wconf 87' lang='lat' dir='ltr'>lormam</span> <span class='ocrx_word' id='word_1_242' title='bbox 1142 3424 1280 3504; x_wconf 84' lang='lat' dir='ltr'>accepit,</span> <span class='ocrx_word' id='word_1_243' title='bbox 1302 3433 1446 3488; x_wconf 82' lang='lat' dir='ltr'>usturam</span> 
     </span>
     <span class='ocr_line' id='line_1_32' title="bbox 331 3524 1447 3606; baseline -0.001 -18"><span class='ocrx_word' id='word_1_244' title='bbox 331 3532 439 3588; x_wconf 82' lang='lat' dir='ltr'>tamen</span> <span class='ocrx_word' id='word_1_245' title='bbox 469 3541 562 3589; x_wconf 90' lang='lat' dir='ltr'>suam</span> <span class='ocrx_word' id='word_1_246' title='bbox 583 3542 647 3589; x_wconf 91' lang='lat' dir='ltr'>nou</span> <span class='ocrx_word' id='word_1_247' title='bbox 668 3524 828 3590; x_wconf 81' lang='lat' dir='ltr'>mutauit:</span> <span class='ocrx_word' id='word_1_248' title='bbox 850 3524 906 3588; x_wconf 89' lang='lat' dir='ltr'>scd</span> <span class='ocrx_word' id='word_1_249' title='bbox 927 3541 1060 3588; x_wconf 86' lang='lat' dir='ltr'>mancus</span> <span class='ocrx_word' id='word_1_250' title='bbox 1079 3524 1166 3604; x_wconf 83' lang='lat' dir='ltr'>qood</span> <span class='ocrx_word' id='word_1_251' title='bbox 1201 3533 1285 3604; x_wconf 87' lang='lat' dir='ltr'>erat,</span> <span class='ocrx_word' id='word_1_252' title='bbox 1308 3527 1447 3606; x_wconf 89' lang='lat' dir='ltr'>permisit</span> 
     </span>
    </p>
   </div>
   <div class='ocr_carea' id='block_1_13' title="bbox 330 3623 1561 3824">
    <p class='ocr_par' dir='ltr' id='par_1_14' title="bbox 330 3623 1561 3824">
     <span class='ocr_line' id='line_1_33' title="bbox 330 3623 1561 3710; baseline 0.001 -23"><span class='ocrx_word' id='word_1_253' title='bbox 330 3624 480 3688; x_wconf 84' lang='lat' dir='ltr'>diviuitas</span> <span class='ocrx_word' id='word_1_254' title='bbox 496 3633 534 3688; x_wconf 90' lang='lat' dir='ltr'>ut</span> <span class='ocrx_word' id='word_1_255' title='bbox 554 3644 675 3708; x_wconf 87' lang='lat' dir='ltr'>corpus</span> <span class='ocrx_word' id='word_1_256' title='bbox 689 3635 827 3702; x_wconf 85' lang='lat' dir='ltr'>mortem</span> <span class='ocrx_word' id='word_1_257' title='bbox 843 3625 1064 3705; x_wconf 83' lang='lat' dir='ltr'>experiretur.</span> <span class='ocrx_word' id='word_1_258' title='bbox 1084 3623 1169 3690; x_wconf 81' lang='lat' dir='ltr'>»Ex</span> <span class='ocrx_word' id='word_1_259' title='bbox 1183 3623 1283 3691; x_wconf 84' lang='lat' dir='ltr'>Libro</span> <span class='ocrx_word' id='word_1_260' title='bbox 1303 3645 1446 3710; x_wconf 86' lang='lat' dir='ltr'>compen·</span> <span class='ocrx_word' id='word_1_261' title='bbox 1560 3637 1561 3660; x_wconf 49' lang='grc' dir='ltr'><strong>ι</strong></span> 
     </span>
     <span class='ocr_line' id='line_1_34' title="bbox 331 3723 1561 3824; baseline 0.002 -36"><span class='ocrx_word' id='word_1_262' title='bbox 331 3725 436 3790; x_wconf 87' lang='lat' dir='ltr'>diario</span> <span class='ocrx_word' id='word_1_263' title='bbox 459 3726 652 3814; x_wconf 72' lang='lat' dir='ltr'>Apollinaril</span> <span class='ocrx_word' id='word_1_264' title='bbox 673 3727 803 3791; x_wconf 76' lang='lat' dir='ltr'>subdite</span> <span class='ocrx_word' id='word_1_265' title='bbox 831 3723 953 3792; x_wconf 75' lang='lat' dir='ltr'>«Caro</span> <span class='ocrx_word' id='word_1_266' title='bbox 974 3734 1024 3790; x_wconf 86' lang='lat' dir='ltr'>est</span> <span class='ocrx_word' id='word_1_267' title='bbox 1045 3725 1131 3790; x_wconf 79' lang='lat' dir='ltr'>uitae</span> <span class='ocrx_word' id='word_1_268' title='bbox 1151 3745 1310 3810; x_wconf 88' lang='lat' dir='ltr'>organum</span> <span class='ocrx_word' id='word_1_269' title='bbox 1332 3731 1444 3812; x_wconf 80' lang='lat' dir='ltr'>passio</span> <span class='ocrx_word' id='word_1_270' title='bbox 1560 3787 1561 3824; x_wconf 48' lang='lat'>,</span> 
     </span>
    </p>
   </div>
   <div class='ocr_carea' id='block_1_14' title="bbox 197 3825 1445 4014">
    <p class='ocr_par' dir='ltr' id='par_1_15' title="bbox 197 3807 1561 4014">
     <span class='ocr_line' id='line_1_35' title="bbox 197 3825 1445 3911; baseline 0.006 -22"><span class='ocrx_word' id='word_1_271' title='bbox 197 3855 200 3860; x_wconf 94' lang='lat'>·</span> <span class='ocrx_word' id='word_1_272' title='bbox 330 3827 426 3891; x_wconf 89' lang='lat' dir='ltr'>nibus</span> <span class='ocrx_word' id='word_1_273' title='bbox 446 3845 627 3909; x_wconf 88' lang='lat' dir='ltr'>congruum</span> <span class='ocrx_word' id='word_1_274' title='bbox 647 3828 743 3911; x_wconf 82' lang='lat' dir='ltr'>juxta</span> <span class='ocrx_word' id='word_1_275' title='bbox 765 3829 898 3894; x_wconf 88' lang='lat' dir='ltr'>consilis</span> <span class='ocrx_word' id='word_1_276' title='bbox 922 3826 992 3891; x_wconf 89' lang='lat' dir='ltr'>llei.</span> <span class='ocrx_word' id='word_1_277' title='bbox 1007 3825 1125 3909; x_wconf 86' lang='lat' dir='ltr'>Neque</span> <span class='ocrx_word' id='word_1_278' title='bbox 1143 3831 1241 3896; x_wconf 79' lang='lat' dir='ltr'>verbe</span> <span class='ocrx_word' id='word_1_279' title='bbox 1256 3835 1360 3898; x_wconf 87' lang='lat' dir='ltr'>earnis</span> <span class='ocrx_word' id='word_1_280' title='bbox 1375 3836 1445 3896; x_wconf 86' lang='lat' dir='ltr'>suut</span> 
     </span>
     <span class='ocr_line' id='line_1_36' title="bbox 331 3928 1445 4014; baseline 0.004 -24"><span class='ocrx_word' id='word_1_281' title='bbox 331 3931 479 4010; x_wconf 88' lang='lat' dir='ltr'>propria,</span> <span class='ocrx_word' id='word_1_282' title='bbox 502 3949 608 4012; x_wconf 85' lang='lat' dir='ltr'>neque</span> <span class='ocrx_word' id='word_1_283' title='bbox 629 3932 781 3994; x_wconf 87' lang='lat' dir='ltr'>actiones.</span> <span class='ocrx_word' id='word_1_284' title='bbox 805 3928 1011 3992; x_wconf 86' lang='lat' dir='ltr'>Passionibus</span> <span class='ocrx_word' id='word_1_285' title='bbox 1032 3936 1144 3994; x_wconf 89' lang='lat' dir='ltr'>autem</span> <span class='ocrx_word' id='word_1_286' title='bbox 1165 3931 1326 4014; x_wconf 78' lang='lat' dir='ltr'>subjecta,</span> <span class='ocrx_word' id='word_1_287' title='bbox 1350 3936 1445 4014; x_wconf 91' lang='lat' dir='ltr'>prout</span> 
     </span>
    </p>
   </div>
   <div class='ocr_carea' id='block_1_15' title="bbox 329 4023 1561 4212">
    <p class='ocr_par' dir='ltr' id='par_1_16' title="bbox 329 4023 1561 4212">
     <span class='ocr_line' id='line_1_37' title="bbox 331 4023 1561 4118; baseline 0.002 -24"><span class='ocrx_word' id='word_1_288' title='bbox 331 4033 421 4094; x_wconf 70' lang='lat' dir='ltr'>arni</span> <span class='ocrx_word' id='word_1_289' title='bbox 443 4033 605 4108; x_wconf 80' lang='lat' dir='ltr'>convenit,</span> <span class='ocrx_word' id='word_1_290' title='bbox 637 4023 931 4102; x_wconf 68' lang='lat' dir='ltr'>lenocinantem</span> <span class='ocrx_word' id='word_1_291' title='bbox 954 4027 1067 4102; x_wconf 73' lang='lat' dir='ltr'>netis</span> <span class='ocrx_word' id='word_1_292' title='bbox 1085 4033 1275 4102; x_wconf 88' lang='lat' dir='ltr'>dominatur</span> <span class='ocrx_word' id='word_1_293' title='bbox 1300 4034 1444 4118; x_wconf 87' lang='lat' dir='ltr'>passioni·</span> <span class='ocrx_word' id='word_1_294' title='bbox 1560 4027 1561 4086; x_wconf 55' lang='lat' dir='ltr'>i</span> 
     </span>
     <span class='ocr_line' id='line_1_38' title="bbox 329 4126 870 4212; baseline 0.006 -19"><span class='ocrx_word' id='word_1_295' title='bbox 329 4126 405 4210; x_wconf 86' lang='lat' dir='ltr'>bus,</span> <span class='ocrx_word' id='word_1_296' title='bbox 427 4149 466 4196; x_wconf 87' lang='lat' dir='ltr'>eo</span> <span class='ocrx_word' id='word_1_297' title='bbox 488 4131 576 4212; x_wconf 83' lang='lat' dir='ltr'>quod</span> <span class='ocrx_word' id='word_1_298' title='bbox 598 4135 640 4200; x_wconf 88' lang='lat' dir='ltr'>sit</span> <span class='ocrx_word' id='word_1_299' title='bbox 663 4133 870 4202; x_wconf 77' lang='lat' dir='ltr'>corotici.»</span> 
     </span>
    </p>
   </div>
   <div class='ocr_carea' id='block_1_16' title="bbox 0 0 1574 4950">
    <p class='ocr_par' dir='ltr' id='par_1_17' title="bbox 0 0 1574 4950">
     <span class='ocr_line' id='line_1_39' title="bbox 0 0 1574 4950; baseline 0 0"><span class='ocrx_word' id='word_1_300' title='bbox 0 0 1574 4950; x_wconf 95' lang='lat' dir='ltr'> </span> 
     </span>
    </p>
   </div>
  </div>
 </body>
</html>
