3042 4940
328 476 472 558 maligno
492 472 612 542 studio'
624 475 734 557 aliqua
748 473 788 539 de
809 473 1027 542 sosinosiros
1045 475 1243 558 integritate,
1263 474 1385 542 diaboli
1408 477 1450 540 in·

325 579 497 660 stipatione
519 577 640 660 tingere
670 582 924 660 praesumpserit
944 587 977 644 et
999 582 1243 661 argumentari5
1266 586 1299 643 et
1318 599 1360 644 es
1383 581 1443 642 boe

324 679 424 744 nestri
449 679 583 744 tortasse
605 679 780 746 videantur
796 682 893 745 animi
914 683 1116 762 perturbari,
1133 679 1448 762 necessarinmjudi·

325 783 470 846 cavimus
501 800 560 862 per
582 793 784 863 praesentem
810 786 979 864 epistolam
1001 791 1169 862 nostram,
1201 795 1234 848 et
1261 784 1302 847 ad
1325 786 1446 850 risecra

326 897 384 948 vos
406 884 516 946 matris
540 881 702 948 Ecclesiae
723 893 760 950 ut
782 889 904 950 reverti
925 885 1068 951 debeatis
1080 931 1180 952 .....

403 1006 420 1044 α
436 983 502 1050 Nos
516 985 600 1050 enim
615 986 704 1050 iilam
723 987 819 1050 tidem
832 988 1031 1068 praedictam
1047 997 1203 1063 tenemus,
1220 995 1346 1053 etcum
1363 988 1447 1051 omui

325 1089 468 1168 puritate
491 1087 706 1152 eonscientiae
728 1106 831 1169 nanae
851 1089 890 1152 ad
911 1090 1074 1169 sangoinis
1094 1089 1283 1153 effosionem
1304 1087 1446 1152 deieutli·

326 1208 419 1264 mus,
443 1207 527 1270 quae
548 1190 590 1251 ab
611 1186 775 1270 Apostolis
798 1191 938 1265 tradita,
967 1198 1001 1254 et
1022 1207 1081 1270 per
1100 1208 1304 1254 successores
1327 1206 1441 1254 eorum

322 1286 554 1354 lneiolabiliter
574 1291 748 1368 custodita,
771 1291 947 1355 reverenda
969 1293 1100 1355 nicaena
1114 1289 1263 1376 Synodus
1283 1287 1356 1356 318.
1378 1291 1442 1370 epi·

323 1409 499 1474 scaporum
519 1393 661 1473 suscepit
681 1403 778 1474 atque
801 1389 923 1473 redegit
944 1393 976 1455 in
997 1389 1200 1477 Symbolum.
1226 1437 1234 1454 .
1254 1437 1262 1454 .
1279 1389 1443 1456 ....Nna

321 1511 401 1575 ergo
423 1495 585 1574 patiamini
608 1491 694 1558 ialsis
708 1492 955 1574 suspicionibus,
978 1501 1035 1558 ant
1053 1494 1240 1558 rumoribus
1254 1493 1363 1558 denno
1379 1495 1444 1573 agi·

255 1580 262 1592 ¹
323 1597 400 1673 tari,
423 1605 455 1660 et
476 1598 506 1659 in
528 1597 683 1660 divisione
707 1593 870 1660 Ecclesiae
887 1594 1048 1660 malornm
1071 1596 1238 1660 bominum
1261 1598 1442 1676 persuasio·

320 1697 416 1762 niens
438 1697 449 1775 l
460 1697 545 1777 qnod
569 1705 695 1760 avertat
718 1695 894 1773 Dominus)
918 1713 1096 1760 remanere.
1131 1694 1216 1773 Quid
1240 1697 1324 1760 enim
1348 1713 1441 1760 rosa

323 1803 453 1862 sanctae
476 1795 641 1861 Ecclesiae
663 1800 787 1862 unitate
808 1797 980 1865 diriditis?
999 1797 1131 1879 qnando
1152 1798 1232 1862 nibil
1252 1799 1341 1876 nori,
1363 1798 1442 1861 nibil

324 1901 334 1978 i
346 1899 432 1981 qnod
449 1897 550 1978 absit)
573 1899 772 1963 contrarium
793 1903 827 1964 in
848 1899 932 1964 dicta
956 1897 1101 1964 Ecclesia
1123 1900 1306 1980 praedicari
1326 1917 1442 1981 eogno-

322 2001 409 2064 scitis
432 1999 482 2063 vei
507 1997 636 2065 teneri?
657 1999 717 2064 Sed
741 2017 837 2063 unam
862 2001 1073 2081 eamdemque
1095 1999 1191 2064 fldem
1212 2009 1311 2064 etc.»

323 2119 327 2126 ’
403 2101 483 2164 ltem
513 2103 544 2164 in
565 2101 706 2164 secunda
728 2101 863 2181 epistola
890 2102 929 2164 ad
951 2101 1079 2165 eoadem
1101 2101 1252 2182 loquitur
1272 2101 1440 2182 Pelagius,

320 2202 494 2266 admodum
517 2209 725 2284 conquestus,
743 2201 831 2284 qnod
852 2203 978 2283 seriptis
1001 2201 1123 2267 lalsatis
1141 2217 1256 2266 aurem
1277 2205 1440 2284 praestite·
1514 2241 1515 2250 κ

325 2303 412 2364 rint:
436 2303 490 2364 obi
515 2304 594 2365 haec
614 2301 899 2366 animadvertenda
919 2311 1018 2366 sunt:
1036 2302 1258 2366 alienaretur
1277 2309 1326 2366 est
1347 2302 1440 2364 dolor
1514 2325 1515 2328 ¹

326 2403 433 2466 cordis
455 2403 583 2479 nostrl,
606 2403 735 2484 quando
757 2403 933 2467 diuturnae
954 2403 1119 2469 divisionis
1139 2403 1328 2468 scandalum
1351 2404 1438 2467 nrioi·

325 2523 377 2567 me
399 2511 487 2568 tanto
517 2505 590 2568 iidei
613 2505 741 2585 tnlgore
772 2513 972 2586 superatur,
997 2507 1137 2570 maxime
1161 2509 1237 2586 qnia
1261 2521 1435 2587 pravorum

322 2603 491 2671 hominnm
512 2609 721 2687 persuasione
743 2607 891 2688 decepti,
913 2607 1032 2690 scripta
1056 2609 1146 2671 nobis
1167 2607 1304 2672 dirersis
1323 2609 1434 2672 iniecta

322 2709 476 2787 contagiis
497 2708 659 2772 direxistis
675 2730 684 2770 r
699 2715 732 2772 et
750 2707 838 2789 qnod
860 2709 891 2770 in
907 2709 1050 2788 epistolis
1066 2705 1202 2773 Patrem
1222 2708 1380 2790 quaeda·
1397 2716 1436 2770 te·

320 2809 468 2872 stimonia
491 2827 554 2872 noo
576 2809 751 2890 incongrua
773 2808 895 2886 solnm,
915 2810 970 2874 sed
991 2809 1105 2874 oecad
1127 2827 1261 2874 cansam
1280 2812 1433 2892 pertinen·

321 2909 364 2973 tia
388 2907 530 2973 tentastis
552 2909 705 2974 inserere:
726 2913 770 2974 ita
794 2919 830 2974 nt
851 2929 910 2989 nec
932 2911 1190 2975 testimoniorum
1202 2911 1364 2986 ordinem,
1383 2909 1432 2990 qni

321 3009 352 3073 in
368 3011 442 3089 ipsis
457 3010 600 3091 epistolis
615 3011 762 3085 Patrem,
776 3013 963 3075 servaretis:
979 3011 1100 3096 qnippe
1116 3019 1167 3088 nt,
1183 3010 1271 3092 qnod
1284 3013 1429 3092 seriptum

320 3113 447 3175 iiomine
469 3113 603 3176 alterins
624 3111 745 3189 luerat,
777 3113 914 3178 alterins
935 3115 1073 3177 nominis
1094 3113 1191 3177 titulo
1220 3121 1428 3194 promeretur.

323 3211 360 3276 ln
382 3230 448 3293 quo
469 3214 637 3278 evidenter
666 3213 788 3277 dictum
812 3213 901 3277 vobis
923 3215 1137 3294 apostolicum
1165 3223 1292 3279 constat
1312 3209 1427 3294 aptari:

319 3313 489 3376 nescientes
508 3331 607 3394 nepae
625 3313 663 3377 dc
682 3313 797 3398 quibus
815 3311 933 3386 dicent,
954 3331 1052 3397 nepae
1072 3317 1108 3378 de
1127 3313 1244 3396 quibus
1263 3318 1418 3397 stimant·

402 3411 528 3489 «Quod
551 3415 682 3496 quidem
704 3431 766 3477 non
790 3423 916 3478 restrae
939 3415 1093 3491 malitiae,
1118 3419 1168 3480 rel
1186 3417 1353 3481 calliditati
1366 3431 1426 3478 crs·

320 3515 426 3581 dimus
447 3515 717 3583 adscribendum:
737 3518 792 3580 sed
816 3535 938 3583 veneno
960 3519 1059 3583 hostis
1083 3520 1301 3600 malignissimi
1320 3513 1426 3598 perspl-

320 3620 424 3682 cimns
446 3617 667 3700 exquisitum,
684 3617 740 3697 qui
762 3617 883 3680 zizania
903 3620 1064 3682 semioare
1077 3605 1145 3700 per'
1158 3635 1232 3681 rasa
1255 3618 1321 3681 irae
1335 3627 1424 3694 usqua

320 3717 353 3782 ln
375 3718 469 3781 finem
491 3717 593 3782 secoli
614 3719 647 3781 in
669 3713 727 3781 Del
750 3715 894 3782 Ecclesia
916 3735 980 3781 non
993 3719 1141 3800 quiescit.
1164 3717 1214 3782 Er
1236 3735 1301 3798 qno
1322 3711 1422 3778 inteili-

324 3820 443 3902 pimns,
467 3819 703 3882 fraternitatem
725 3826 887 3893 vestram,
909 3819 1075 3898 epistolas,
1097 3819 1138 3883 de
1158 3819 1277 3899 quibus
1291 3813 1420 3898 posuistis
1512 3868 1513 3889 ,

323 3919 518 3994 testimonia,
541 3935 602 3980 non
624 3917 763 3999 legisses
780 3933 885 3997 neque
907 3919 1030 3982 enimsi
1045 3920 1263 3984 robiseorum
1278 3919 1417 3995 scriptura
1512 3917 1513 3973 t

323 4029 498 4096 constaret,
521 4019 576 4082 illa
594 4037 677 4100 qnae
699 4018 899 4098 apertissime
920 4036 981 4099 pro
1002 4017 1076 4083 iidai
1098 4020 1320 4084 tantummodo
1337 4027 1416 4078 eausa

323 4129 400 4186 snut
421 4123 538 4204 posita,
560 4120 631 4185 aliis
654 4135 837 4200 congruere
858 4118 1042 4200 fingeretis,
1064 4130 1199 4202 propter
1219 4119 1304 4200 nond
1323 4117 1359 4179 ab
1375 4127 1418 4174 er

317 4240 402 4286 ⁴rnre
423 4221 599 4298 divisionis,
622 4221 653 4284 in
674 4235 772 4301 quem
795 4219 883 4284 laisis
908 4220 1112 4300 opinionibus
1132 4219 1301 4299 incidistis,
1322 4219 1418 4282 bertot·

324 4328 359 4388 et
379 4328 457 4403 opto
480 4339 537 4393 sos
557 4319 698 4389 celerius
718 4320 953 4394 senceum...
