3028 4942
67 521 213 586 maculam
232 527 421 606 suspicionis
440 527 658 608 abstergerem
669 548 680 606 ;
701 527 756 590 sed
773 536 810 592 ut
830 527 967 591 aemulis
989 527 1164 592 advenum

64 642 109 686 me
127 623 207 687 lorte
225 625 482 706 oblatrantibus,
504 629 658 693 beculnm
680 628 851 710 quemdam
875 628 931 692 tibi
952 628 1159 692 conlossionis

66 741 157 798 neae,
177 743 243 806 quo
263 727 484 808 abigerentur,
507 729 670 794 oberrem.

133 824 162 890 2.
188 849 205 886 r
232 827 390 905 Quamvis
414 831 492 894 bles
519 841 628 896 nostra
657 833 891 910 persecutionis
919 833 1160 897 baereticorum

64 935 204 1008 tempore,
220 948 323 1011 quun:
345 933 376 994 in
397 945 505 996 saneta
520 934 731 997 alexandrina
750 933 892 996 Ecclesia
908 935 1112 1012 degeremus,
1128 932 1161 994 in

64 1033 247 1108 curceribns,
263 1042 297 1096 et
311 1035 416 1098 exiliis
430 1051 514 1115 quse
535 1053 595 1114 pro
617 1035 678 1098 noe
696 1036 920 1099 inierebantnr
941 1037 1074 1116 probota
1097 1033 1159 1097 sit:

66 1137 155 1194 tanen
173 1143 204 1196 et
218 1137 346 1198 nuncsi
367 1137 439 1216 quie
459 1145 519 1210 est,
536 1138 593 1217 qui
609 1137 660 1199 rei
683 1145 806 1201 tentare
820 1137 914 1201 tinen:
936 1146 1078 1200 nostram
1100 1152 1156 1196 cn·

66 1233 103 1310 pit
121 1233 309 1312 retrudite,
331 1237 385 1300 rei
399 1237 541 1302 discere:
558 1239 637 1302 scion
657 1238 744 1319 quod
765 1239 805 1302 de
819 1237 975 1302 Triuiteto
989 1239 1033 1300 ita
1055 1235 1158 1300 credi·

67 1350 135 1408 nus,
146 1335 232 1415 quod
248 1340 346 1402 unius
359 1349 495 1404 naturae
507 1341 561 1414 sit,
576 1341 671 1404 unius
681 1340 827 1416 Deitatis,
841 1341 940 1404 unius
951 1339 1162 1421 ejusdemque

68 1433 189 1511 virtutis,
211 1447 314 1518 atque
334 1440 552 1503 snbstnutiae:
576 1458 634 1504 nee
656 1441 740 1504 inter
751 1439 909 1515 Putrem,
932 1437 1105 1504 etlilium
1127 1445 1161 1500 et

70 1532 204 1612 Spiritum
225 1537 380 1604 Sanctum
399 1543 442 1604 sit
462 1559 597 1621 prorsus
617 1543 686 1606 ulla
708 1542 888 1614 diversitas,
912 1540 971 1602 nisi
993 1537 1081 1619 qood
1104 1537 1162 1600 iiie

73 1631 148 1699 later
165 1649 227 1716 est,
250 1651 285 1704 et
305 1643 357 1705 bic
378 1640 493 1717 Filius,
516 1653 548 1707 et
569 1644 624 1707 ille
645 1642 784 1725 Spiritus
804 1641 951 1717 Sanctus,
974 1640 1114 1704 Trinitas
1128 1641 1161 1702 in

73 1735 297 1806 suirbtentibns
317 1747 472 1824 personis,
495 1745 601 1810 unitas
622 1746 654 1808 iu
677 1751 791 1808 nature
813 1751 913 1824 atque
932 1743 1118 1806 substantie.
1207 1785 1213 1799 .

129 1837 157 1904 b.
179 1863 196 1902 r
213 1841 335 1906 Filium
351 1863 484 1927 quoque
504 1843 562 1908 Dei
585 1847 617 1908 in
638 1845 818 1909 novissimis
832 1845 945 1907 diebus
966 1851 1076 1906 naturn
1095 1861 1165 1905 esse

70 1939 247 2007 confitemur
261 1963 303 2008 ex
320 1943 451 2026 Virgine
463 1955 496 2009 et
516 1947 639 2027 Spiritu
654 1944 792 2024 Sancto:
808 1962 938 2010 carnem
953 1954 1090 2007 naturae
1105 1944 1165 2006 bu·

71 2053 178 2120 barae,
192 2051 295 2125 atque
308 2046 447 2108 animem
468 2049 659 2128 suscepisse,
674 2049 706 2110 in
726 2065 791 2128 qua
808 2056 840 2109 et
854 2065 966 2128 passus
987 2055 1048 2120 est,
1063 2054 1097 2108 et
1116 2063 1166 2108 se·

69 2141 175 2221 putus,
197 2155 231 2209 et
252 2149 436 2211 resurrexit
452 2165 469 2208 a
487 2150 643 2212 mortuis:
667 2147 826 2213 inertem
846 2151 912 2230 ipsa
935 2165 1032 2212 earne
1056 2165 1165 2212 maur-

69 2255 149 2319 gens,
169 2265 256 2327 quse
277 2246 420 2328 deposita
443 2249 552 2314 luerat
571 2253 603 2312 in
623 2251 798 2330 repulere:
825 2269 900 2315 cum
921 2268 985 2330 qua
1007 2269 1105 2314 carue
1124 2251 1166 2313 si·

67 2345 235 2429 uniatque
249 2351 354 2413 anima
370 2360 444 2431 post
458 2355 728 2416 resurrectionem
740 2352 882 2416 ascendit
896 2352 928 2413 in
942 2353 1065 2414 coelos:
1081 2350 1167 2415 unde

68 2455 92 2508 el
106 2458 266 2514 venturus
284 2461 478 2534 expectetur
493 2455 531 2515 ad
551 2451 710 2534 iodicium
727 2457 876 2519 rivorum
892 2468 930 2517 nc
944 2464 1164 2518 mortuorum.

131 2549 160 2621 i-
174 2575 190 2612 r
202 2551 268 2616 Sed
284 2564 318 2616 et
328 2555 433 2617 carnis
447 2565 576 2618 nostrae
589 2557 862 2620 resurrectionem
876 2557 1018 2619 latemur
1028 2557 1165 2635 integre,

69 2655 96 2710 et
107 2653 249 2730 perlecto
263 2655 421 2732 laturam,
439 2655 537 2739 bujus
557 2659 658 2737 ipsius
672 2659 775 2720 carnis
800 2667 941 2731 nostroe,
958 2660 989 2720 in
1004 2674 1068 2737 qua
1084 2673 1170 2719 nunc

71 2750 205 2818 risimus.
228 2753 324 2831 Non,
355 2759 541 2838 etquidem
570 2755 833 2834 calumniantur,
867 2758 1003 2823 alteram
1025 2777 1085 2838 pru
1107 2759 1167 2820 bec

70 2865 317 2922 resurrecturam
337 2859 495 2937 elicimus:
526 2859 581 2923 sed
604 2861 685 2923 benc
711 2845 811 2937 ipsum
833 2860 926 2923 nolin
948 2862 1077 2923 omuino
1097 2859 1168 2940 ejus

69 2956 202 3020 nembro
234 2969 424 3040 amputato,
447 2962 498 3024 rei
519 2962 630 3043 alique
660 2967 807 3042 corporis
828 2973 920 3043 purte
951 2963 1090 3037 desecte,
1112 2959 1167 3024 sed

70 3055 114 3116 :ni
133 3059 212 3122 nibil
233 3063 363 3125 omuino
383 3081 425 3125 ex
447 3065 533 3126 omni
556 3073 671 3126 natura
693 3083 750 3126 sua
772 3065 865 3136 desit,
881 3063 940 3126 nisi
960 3063 1030 3125 sola
1052 3079 1170 3125 corru-

70 3157 135 3230 itiio.
159 3159 232 3225 linc
252 3165 335 3225 enin:
356 3166 515 3245 promittit
529 3173 657 3228 sauctus
679 3164 867 3245 Apostolus,
883 3165 969 3245 quod
992 3164 1169 3228 seminetur

71 3273 176 3339 :orpus
196 3265 229 3326 in
250 3267 481 3346 corruptione,
503 3277 536 3329 et
557 3277 705 3346 resurgat
726 3269 757 3328 iu
781 3267 1045 3346 incorruptione:
1069 3273 1101 3328 et
1121 3285 1169 3327 se·

71 3361 199 3426 minetur
219 3366 251 3427 in
272 3366 468 3442 inbrmitnte,
490 3378 603 3448 surget
624 3371 655 3430 in
679 3369 815 3432 virtute:
833 3369 1008 3432 seminetur
1028 3367 1060 3427 iu
1081 3367 1170 3445 igno·

71 3459 167 3540 ninia,
187 3475 302 3546 surgat
316 3467 347 3530 in
361 3469 488 3548 glerio3
518 3477 550 3531 et
571 3472 646 3549 quia
667 3464 845 3532 seminetur
865 3487 983 3548 eorpus
1005 3465 1168 3542 nuimnle,

72 3573 209 3646 resurgat
236 3585 357 3648 cerpus
377 3571 531 3650 spiritale.
560 3569 649 3633 ilaec
669 3571 759 3634 nobis
780 3572 820 3633 de
840 3569 1082 3634 resurrectione
1103 3575 1170 3630 tra·

72 3661 372 3745 linconiensis,
395 3689 412 3733 s
434 3673 552 3752 quibus
572 3681 719 3736 sonetum
750 3673 905 3752 baptisma
927 3671 958 3734 in
979 3667 1170 3750 aquilejensi

72 3759 201 3832 Ecclesia
217 3773 410 3850 consequuti
428 3779 561 3852 sununs:
581 3782 665 3854 qnae
686 3783 765 3853 puto
783 3775 848 3853 ipsa
871 3791 954 3848 esso,
974 3789 1058 3850 quoe
1073 3771 1170 3832 etiarn

73 3861 244 3945 bposteiica
256 3867 364 3934 1Sesies
376 3873 526 3947 trabere,
548 3883 580 3936 et
601 3873 719 3936 docere
741 3873 920 3938 cousuevit.

140 3965 168 4032 5.
191 3969 369 4035 «Dicimus
389 3989 521 4053 quoque
536 3985 568 4036 et
579 3974 738 4054 judicium
759 3974 923 4047 loturum,
940 3975 972 4034 in
993 3991 1059 4052 quo
1078 3971 1165 4052 judi·

74 4068 116 4130 cio
134 4075 354 4154 unusquisque
374 4076 509 4156 recipiat
529 4077 661 4155 propria
679 4077 826 4155 corporis
846 4083 945 4154 prout
967 4075 1074 4154 gessit,
1096 4073 1164 4134 sire

74 4163 155 4248 bone,
174 4176 243 4238 sire
263 4175 360 4238 mala.
377 4173 471 4252 Quod
492 4177 518 4238 si
541 4177 684 4239 homines
698 4179 863 4257 recepturi
884 4183 959 4238 suut
981 4193 1041 4254 pro
1062 4174 1169 4252 operi·

74 4263 123 4335 bus
140 4277 220 4356 suis:
240 4286 364 4358 quanto
385 4280 483 4358 magis
504 4287 538 4342 et
557 4278 717 4354 dioboles,
733 4279 789 4357 qui
810 4276 958 4340 omnibns
980 4274 1089 4340 existit
1110 4291 1162 4336 ea·
