3028 4942
353 353 415 421 tta

782 453 921 522 CAPUT
943 452 1028 520 llVl.

352 653 488 738 Booprii
502 655 625 736 pontici
643 655 727 720 ieter
740 657 910 722 momoriae
928 653 1054 722 Nitriae
1077 653 1226 736 Oripeair
1245 666 1401 736 petrones
1418 654 1450 720 ir·

387 755 563 838 vertipotur
576 757 723 820 doctrino
741 755 924 838 praesertim
946 758 985 822 de
1003 753 1235 837 dpatibilitat'e:
1253 756 1289 818 ιιι
1305 775 1372 836 prro
1387 754 1449 818 otri·

388 879 485 941 resque
509 858 641 941 Eooprii
661 870 689 923 et
711 859 858 941 Oripertis
879 860 1071 924 ortmdmem
1089 859 1247 939 probator
1267 877 1389 922 remur.

353 1099 530 1224 ¹Attamen
546 1178 607 1224 non
630 1161 685 1225 btc
699 1169 824 1225 ιιιιιιιι
844 1159 1034 1244 Hieronymi
1049 1158 1155 1226 studia
1178 1163 1208 1224 in
1227 1157 1276 1222 Ιιιι
1291 1159 1449 1240 corripim-

353 1261 415 1340 dis,
438 1263 495 1341 qni
517 1279 576 1342 pro
597 1263 738 1342 Origene
758 1270 790 1325 et
806 1279 865 1342 pro
887 1262 1051 1324 monacbis
1072 1263 1215 1352 ejusdem
1239 1265 1384 1342 petronis
1403 1269 1448 1321 rte

353 1369 472 1425 terunt.
494 1361 673 1442 Evagrium
695 1380 848 1442 namque,
868 1362 963 1426 sicuti
985 1371 1018 1426 et
1043 1359 1224 1426 Palladium
1247 1379 1308 1424 ceu
1329 1357 1450 1438 origeni·

350 1470 433 1525 atam
453 1463 522 1526 sire
542 1463 742 1526 haereticum
774 1464 884 1543 arguit
903 1481 929 1524 ι.
953 1460 1075 1526 ιιοιιοι
1096 1463 1138 1524 ob
1159 1479 1209 1534 ιι,
1233 1479 1318 1540 quae
1338 1459 1448 1538 scripsit
1492 1497 1493 1510 ι

350 1561 391 1625 de
412 1562 575 1628 monacbis
591 1564 810 1628 nitriensibus.
827 1562 999 1643 Speciatim
1017 1580 1094 1626 vero
1116 1563 1157 1644 ab
1174 1561 1376 1642 Hieronymo
1392 1576 1449 1621 cor·

350 1663 470 1742 ripitur
490 1661 664 1743 Euagrius,
685 1666 823 1728 sentiens
842 1682 932 1744 porse
947 1662 1119 1726 bumomm
1148 1659 1449 1739 eororomodperp·

347 1761 501 1838 ctionem,
521 1771 549 1826 rt
570 1781 634 1828 aaa
654 1763 761 1828 dicam
780 1765 825 1826 od
844 1761 1085 1826 similitudimem
1106 1764 1160 1826 aed
1180 1763 1223 1826 od
1242 1761 1449 1842 aequalitatem

348 1861 409 1928 Dei
422 1874 450 1926 et
463 1862 627 1928 seientiam
636 1863 809 1944 pervenire.
822 1861 911 1928 llaec
923 1883 951 1926 s.
965 1861 1087 1927 Ductor
1104 1865 1134 1924 iu
1153 1862 1293 1942 Dialogo
1307 1863 1446 1924 adversat

351 1964 540 2045 Pelagianos
560 1984 590 2027 n.
616 1962 644 2029 l.
668 1966 875 2046 reprehendit
895 1967 926 2026 iu
948 1963 1100 2044 Evagrio.
1117 1963 1160 2026 Et
1175 1965 1206 2026 in
1229 1963 1371 2043 Epistola
1390 1959 1446 2026 tbi

347 2067 386 2130 ad
409 2067 647 2147 Ctesiphontem
668 2085 699 2128 n.
716 2064 746 2131 3.
769 2066 809 2130 de
823 2066 936 2130 eodem
958 2069 1022 2128 ait:
1047 2087 1064 2124 ιι
1087 2063 1247 2145 Boagrius
1270 2066 1412 2144 ponticus
1429 2062 1446 2120 i·

346 2167 462 2242 berlir,
478 2167 534 2246 qui
547 2167 675 2247 scripsit
688 2167 728 2228 ad
745 2164 904 2246 Virgines,
922 2167 1034 2228 scribit
1049 2167 1088 2226 nd
1105 2183 1177 2228 erm
1192 2163 1387 2243 (blelaniam)
1402 2179 1447 2226 ct·
1493 2163 1494 2224 ι

345 2265 400 2346 jus
422 2285 537 2329 nornen
568 2267 740 2347 nigredinis
771 2276 909 2330 testatur
930 2265 1085 2346 perfidiae
1119 2267 1276 2330 tenebras.
1299 2265 1401 2330 Edidit
1420 2263 1448 2324 li·

348 2368 444 2430 brum
466 2375 498 2430 et
518 2369 688 2432 sententias
702 2361 771 2468 περὶ
794 2362 1079 2447 meristaeorum
1102 2385 1159 2428 nos
1180 2363 1448 2447 impossibilitatem

346 2585 417 2630 mus
440 2567 531 2632 nullo
554 2570 806 2648 perturbationis
828 2570 907 2634 ritio
928 2575 1156 2632 commoretur
1166 2586 1178 2646 3
1200 2576 1234 2631 et
1254 2576 1292 2632 ut
1311 2565 1446 2646 simplici

347 2467 398 2530 rel
410 2465 721 2547 imperturbationem
736 2473 843 2533 dicere
859 2485 1051 2550 passumus:
1068 2466 1198 2544 quando
1214 2485 1377 2548 nunquam
1389 2467 1446 2526 ani·

346 2673 396 2728 ter
417 2666 533 2742 dicam,
558 2668 610 2730 vel
632 2687 763 2748 saxum,
786 2667 1061 2734 vellicaret.»
1102 2687 1107 2695 ·

424 2763 555 2860 Interim
579 2784 656 2830 vero
679 2778 715 2856 nt
737 2770 870 2849 propius
891 2769 990 2849 buius
1011 2769 1246 2848 discrepantiae
1270 2765 1445 2832 concaede
1494 2823 1495 2852 p

288 2875 292 2886 '
343 2875 541 2941 cernantur,
564 2869 777 2949 investigetur
796 2870 875 2949 qnid
897 2871 941 2932 ibi
966 2869 1095 2945 voluit,
1124 2871 1254 2949 egitque
1280 2868 1444 2949 Evagriusr
1494 2867 1495 2880 ¹

345 2966 384 3030 dc
404 2964 614 3044 opotibiir'tcte
638 2969 811 3045 disserens,
833 2987 873 3031 ac
895 2969 949 3032 nbi
977 2971 1168 3049 praesertim
1198 2971 1238 3032 ab
1264 2967 1445 3048 Hieronymo

346 3067 605 3144 reprehenditur.
639 3067 799 3149 Evagrins
830 3072 921 3149 quasi
947 3069 1043 3134 liores
1073 3091 1114 3134 ex
1145 3071 1279 3134 Patrem
1301 3070 1443 3134 dictisse·

343 3167 457 3247 ligem,
481 3169 684 3246 perteettonte
709 3171 791 3232 riam
815 3171 987 3245 instruxit,
1010 3189 1150 3252 eamque
1175 3173 1324 3236 ttaettbus
1344 3185 1444 3251 propo·

344 3270 430 3344 snit,
452 3277 501 3343 ut,
524 3269 632 3348 quoad
648 3270 717 3332 lieri
733 3277 841 3349 posset
860 3271 943 3334 iniis
965 3271 1187 3350 compleretur
1204 3273 1443 3338 Salvatorisser

346 3387 399 3430 mo
420 3369 460 3430 ad
482 3369 658 3449 discipulae
678 3389 779 3434 snos.-
799 3368 858 3451 ptri
878 3372 948 3434 arrii
979 3371 1087 3434 croire
1101 3384 1176 3453 port
1199 3373 1393 3453 meminepet
1409 3385 1444 3430 rt·

344 3467 524 3547 metipsum,
545 3470 637 3532 rottae
658 3489 784 3533 croeem
806 3489 897 3534 strom
917 3489 956 3534 oc
977 3483 1130 3551 aequetur
1142 3492 1200 3536 me.
1218 3475 1285 3537 but
1299 3472 1443 3536 similiter:

344 3571 372 3632 ri
386 3570 602 3651 disperserim
617 3589 694 3646 eme,
715 3571 806 3648 oeae,
822 3572 919 3634 orode
939 3589 1018 3651 quoe
1038 3572 1144 3647 bobes,
1158 3583 1185 3636 et
1200 3575 1243 3636 do
1256 3569 1441 3654 paoperibus.

346 3670 394 3732 dc
416 3671 617 3748 potissimum
639 3670 679 3734 ad
703 3672 877 3734 monachos
899 3671 1044 3748 locutus,
1067 3691 1104 3736 ea
1125 3675 1240 3739 statuit
1255 3667 1441 3754 perficiendr;

343 3773 437 3834 sicuti
460 3783 492 3834 ct
511 3773 577 3852 ipse
593 3772 766 3851 profitetur
780 3791 798 3834 a
812 3772 941 3835 senibus
962 3772 1137 3850 audivisse,
1154 3775 1314 3851 didicisse,
1335 3792 1371 3836 ae
1389 3785 1440 3832 arn·

346 3874 430 3952 ptius
445 3875 476 3934 in
490 3883 566 3936 actu
586 3873 712 3936 vidisse.
731 3871 771 3935 Et
787 3873 860 3936 binc
881 3872 1011 3953 ajebat:
1029 3895 1046 3934 ιι
1063 3872 1168 3938 Verba
1186 3895 1264 3940 rero
1280 3876 1357 3938 brec
1369 3875 1438 3938 aaut

346 3992 430 4053 quae
445 3974 483 4035 nd
508 3975 681 4038 monachos
696 3973 869 4053 proterunt
887 3973 1021 4036 Patres:
1044 3973 1189 4050 lidem,o
1211 3975 1269 4050 lili,
1292 3971 1439 4038 contirmtl

343 4077 441 4138 timor
460 4074 535 4155 Dei3
551 4076 636 4140 bunc
658 4093 773 4138 rursus
794 4075 1003 4164 continentia,
1018 4091 1116 4155 quarn
1139 4077 1307 4140 immotam
1322 4071 1438 4136 reddtttl

346 4177 527 4240 tollerantia
550 4184 582 4241 et
602 4195 696 4257 spes:
721 4195 762 4240 ex
793 4175 912 4254 quibus
935 4169 1078 4246 ἀπάθεια
1101 4175 1341 4257 impatibiliter,
1360 4167 1436 4248 cuitu
