3048 4946
171 461 275 528 Porro
299 463 332 528 tu
362 459 474 526 odiam
506 461 695 543 praesertim
728 456 891 524 Theodori
917 455 1094 524 musena
1122 455 1203 538 cap-

96 563 254 646 padociae,
271 566 370 629 trium
392 562 618 644 Capituloram
633 562 834 634 defensores,
854 561 911 639 qui
933 567 1047 623 cuncta
1070 575 1203 638 perser-

97 673 197 728 teruut
226 665 324 747 hujus
345 665 465 748 synodi
487 665 629 740 decreta,
645 664 733 726 hunc
750 660 939 726 Tractatum
971 659 1202 739 interpolatum

93 765 266 830 lustinlauo
290 767 485 846 inscripsisse
506 766 665 845 probatur
680 765 720 826 ab
738 765 837 844 isaias
852 762 1002 826 exordio:
1019 762 1114 844 cajus
1130 777 1203 824 rer-

94 865 129 929 ba
149 868 187 929 ad
207 868 350 932 litteram
371 869 538 947 desumpta
559 868 628 931 tere
649 865 761 931 cedens
782 874 871 938 sant,
893 881 979 945 qaae
998 862 1202 927 lastinianus

92 963 126 1028 in
145 966 263 1030 Forma
293 968 458 1032 recitanda
481 969 567 1030 misit
598 985 709 1030 coram
732 967 882 1031 Patribus
910 967 942 1026 ia
972 962 1153 1028 Collatinus
1178 963 1200 1026 Ι.

92 1087 238 1150 querque
253 1071 295 1133 ita
310 1078 436 1133 sonante
449 1089 466 1130 a
480 1067 514 1131 ln
533 1070 660 1132 nomine
675 1065 802 1129 Domini
828 1065 884 1130 liei
898 1066 1000 1128 nostri
1017 1063 1096 1128 lesu
1111 1063 1204 1128 Chri·

91 1171 141 1245 sti,
169 1171 353 1253 Imperator
373 1169 492 1236 Caesar
515 1169 645 1234 Flavius
674 1167 875 1233 lastinianus
895 1177 957 1232 etc.
981 1164 1117 1246 Semper
1134 1175 1203 1228 stu·

91 1269 177 1332 dium
199 1269 263 1336 luit
282 1271 487 1348 orthodoxis,
509 1280 541 1334 et
556 1272 614 1349 piis
635 1271 886 1350 imperatoribus
906 1269 1052 1348 patribus
1072 1269 1202 1340 nostris,

92 1385 148 1449 pro
171 1379 315 1452 tempore
336 1380 468 1436 exortas
488 1371 638 1434 haereses
654 1387 713 1450 per
733 1369 1012 1450 congregationem
1033 1369 1205 1447 religiosis·

90 1471 246 1534 simorum
268 1474 495 1552 episcoporum
516 1481 699 1550 amputare,
721 1484 753 1537 et
775 1480 861 1534 recta
885 1471 946 1534 tide
965 1471 1088 1534 sincera
1111 1487 1203 1548 prae·

90 1570 204 1646 dicata,
229 1573 260 1634 io
282 1590 360 1652 pace
380 1581 521 1638 sanctam
545 1572 602 1637 llei
627 1573 801 1638 Ecclesiam
826 1572 1000 1635 custodire.
1017 1591 1033 1630 s
1048 1569 1204 1635 Similiter

91 1670 120 1734 iu
141 1667 314 1736 Tractatns
341 1672 497 1737 adversus
528 1672 699 1754 Origenena
729 1675 819 1736 initio
848 1674 952 1752 iuquit
979 1670 1201 1736 lastinianuss

91 1770 222 1852 silonis
241 1791 370 1852 semper
388 1774 497 1838 studio
519 1774 592 1850 luit,
608 1785 706 1856 atque
727 1776 823 1838 etiam
845 1793 930 1838 nunc
951 1783 1011 1848 cst,
1028 1783 1148 1836 rectam
1171 1777 1204 1833 et

91 1873 406 1954 irreprehensibilem
428 1874 685 1942 Christianorum
706 1876 815 1950 iidem,
843 1887 1030 1956 statumque
1047 1872 1207 1937 sanctissi-

91 1990 160 2036 mae
192 1974 253 2038 liei
288 1974 476 2041 Catholicae
505 1985 538 2040 et
572 1977 779 2058 Apostolicae
803 1975 967 2042 Ecclesiae
988 1974 1206 2056 perturbatio·

90 2091 164 2136 num
186 2085 358 2156 expertem
380 2097 616 2159 usquequaque
638 2079 835 2143 custodiri.»
860 2077 953 2144 Circe
975 2085 1085 2142 antem
1107 2075 1206 2156 hujus

89 2177 213 2252 generis
235 2176 420 2244 falsationes
433 2198 493 2260 per
514 2181 612 2244 trium
634 2178 861 2268 capitulorum
882 2179 1068 2242 defensores
1096 2175 1207 2254 qenai·

91 2275 136 2338 uis
157 2277 274 2343 inlatas
298 2280 427 2359 scriptis
451 2283 643 2362 praesertim
666 2279 838 2346 lastiniani
860 2289 892 2344 et
913 2278 1032 2360 vigilii,
1055 2277 1151 2358 plura
1172 2281 1207 2340 et

88 2378 287 2457 amplissime
307 2381 339 2443 in
359 2383 566 2462 sequentibus
588 2383 798 2463 proferentur
818 2381 984 2462 exempla.

168 2478 265 2557 Quae
287 2463 366 2544 sero
381 2481 550 2562 hocusque
571 2482 654 2546 dicia
669 2490 756 2557 suat,
770 2489 886 2546 cuneta
909 2501 948 2546 eo
962 2481 1145 2557 intendunt,
1164 2499 1205 2544 ne

88 2587 226 2660 putetur
238 2579 456 2646 lastinianum
472 2584 570 2665 buius
591 2582 756 2663 Epistulae
770 2589 937 2647 auctorem
951 2583 1020 2646 sire
1043 2581 1204 2646 lautorcns

87 2681 211 2746 haberis
228 2701 334 2762 neque
350 2684 507 2765 hocopus
529 2686 733 2750 concinnasse
755 2683 922 2765 Pelagium
936 2683 1106 2747 diaconum
1129 2701 1204 2747 cum

88 2789 171 2846 essct
190 2783 422 2862 apocrisiarius
436 2785 521 2865 apud
540 2783 790 2865 imperatorems
807 2803 865 2849 nec
877 2792 1112 2866 cousequenter
1127 2786 1204 2850 buin

86 2881 314 2964 subscripsisse
339 2883 503 2965 Epistulae
527 2887 740 2966 patriarchas,
768 2887 933 2967 episcopos
958 2893 991 2948 et
1015 2889 1204 2965 praesertim

86 2977 242 3064 Viqilium
271 2983 414 3065 Papam
441 2993 541 3068 atque
571 2987 644 3052 ideo
670 2987 887 3052 concludatur
916 2987 1036 3050 trustra
1063 2985 1208 3050 laboras·

85 3100 118 3146 se
139 3087 353 3163 recentiores,
375 3105 487 3169 magua
518 3088 581 3153 hoc
600 3090 758 3169 scriptum
778 3089 981 3153 cumulantes
1010 3089 1206 3153 auctoritate

86 3184 188 3249 setosi
212 3195 337 3266 partem
358 3191 554 3254 constituens
574 3187 693 3273 Synodi
716 3188 754 3252 V.

162 3286 225 3352 llis
247 3291 370 3354 exactis
390 3291 430 3356 de
450 3299 556 3356 aetate
576 3298 609 3356 et
629 3297 765 3356 auctore
785 3289 885 3371 lanios
911 3288 1088 3370 Epistulae,
1111 3294 1143 3351 et
1164 3287 1203 3350 ad

85 3391 299 3454 novissimum
329 3392 616 3472 caputmandatis,
637 3390 782 3472 quande
804 3391 992 3470 quaestione
1022 3389 1205 3467 origeniana

83 3489 264 3554 instaurata
288 3489 455 3570 dicuntur,
470 3512 545 3558 cnm
563 3503 768 3575 superessent
781 3493 964 3572 singillatim
987 3491 1207 3556 discutiendae

84 3589 184 3673 hujus
206 3589 380 3658 Tractatus
401 3603 520 3674 partes,
543 3614 643 3676 super
663 3613 744 3676 qaas
765 3594 851 3658 eadit
870 3593 1019 3672 Origenis
1042 3591 1208 3655 insimula-

85 3692 143 3768 tio,
164 3693 235 3774 jam
258 3693 288 3756 in
322 3697 504 3775 praemissis
523 3697 641 3777 prima,
672 3695 812 3760 secunda
833 3701 867 3758 et
886 3694 981 3757 tertia
1013 3691 1111 3756 Parte
1129 3691 1206 3755 satis

84 3791 289 3868 disputatum
304 3805 365 3876 est;
381 3798 423 3861 ita
447 3805 482 3860 nt
505 3798 566 3862 hoc
587 3800 620 3862 in
639 3798 714 3862 loco
728 3797 769 3860 de
790 3798 839 3860 lais
861 3796 1000 3860 ulterius
1013 3792 1208 3858 contendere

85 3894 189 3958 inanis
212 3904 296 3961 esset
315 3897 421 3960 labor.
446 3897 661 3964 Sotommoto
681 3899 766 3964 istud
798 3906 911 3961 antara
932 3903 1085 3977 praestet,
1108 3894 1207 3977 hujus

43 4029 48 4040 ·
86 3992 259 4074 Epistulae
279 4000 538 4064 concinnatorem
553 4001 672 4076 omnia,
688 4018 773 4080 quae
786 3998 898 4064 scribit
916 3997 956 4061 de
970 3995 1122 4075 Origene,
1139 4013 1210 4062 mu·

85 4101 219 4162 tastum
242 4117 341 4165 esses
358 4098 538 4182 Theophila
553 4101 765 4166 alexandrino
778 4122 787 4164 s
802 4101 835 4162 iu
850 4100 968 4181 quibus
981 4096 1065 4161 illud
1080 4097 1217 4161 lalslssi*

84 4213 190 4278 tuum,
206 4200 295 4280 qnod
316 4202 362 4267 ait
375 4199 548 4282 Origencsu
565 4200 782 4268 Alexandriae
797 4199 981 4282 itasptscms
997 4195 1119 4280 populo
1133 4212 1208 4260 con·
