3048 4946
332 359 392 428 178

763 456 904 528 caede
926 456 1014 526 xvi.

334 663 497 748 Praelatio
515 659 666 730 iconibus
685 661 835 730 Faciendi
853 658 1087 728 immioaeacir
1105 657 1357 726 discussionibus
1377 675 1442 722 oon·

378 777 526 832 conteneo
547 764 763 848 expediuntur
783 775 812 830 st
831 766 1032 848 resoluatur,
1053 780 1134 846 poue
1153 760 1265 825 deiude
1284 757 1353 840 ipss
1371 756 1441 822 scri·

375 869 434 946 hit,
447 869 653 936 orthodocoat
668 885 879 952 propiaquant
893 865 1073 932 doctrinam
1096 861 1256 946 Epistoioe
1268 863 1313 928 od
1326 856 1440 928 diesin

320 981 322 988 ⁴
375 969 510 1037 Persam
523 967 597 1034 lias
617 967 804 1051 inscriptos,
817 966 912 1051 idolis
932 984 973 1032 ec
994 962 1115 1048 synod
1127 959 1381 1032 chalcedonensis
1398 958 1441 1024 dr·

374 1080 457 1138 creto
472 1087 690 1154 praesumem.

336 1309 457 1463 Quod
472 1376 582 1438 aniam
596 1386 804 1453 summopore
819 1374 965 1436 nostram
984 1368 1103 1452 repetit
1114 1385 1230 1434 eneam
1245 1368 1278 1433 in
1293 1361 1391 1429 libro
1402 1357 1435 1424 l.

336 1495 366 1544 o.
391 1473 416 1538 l.
438 1472 667 1540 collocandum
687 1479 758 1554 est;
781 1471 838 1538 obl
862 1469 1036 1536 Facundus
1057 1473 1185 1551 putarit
1203 1488 1302 1535 snum
1323 1467 1436 1547 eripere

336 1575 526 1644 delectionis
549 1573 708 1640 vexillum
738 1573 896 1641 advorsos
918 1570 1028 1654 vigilii
1058 1569 1258 1638 indicatum.
1282 1569 1344 1634 lile
1364 1571 1436 1632 enin

336 1677 378 1742 ad
400 1675 619 1742 lastinianum
638 1676 771 1743 locnins
792 1693 853 1757 pro
879 1675 978 1740 trium
999 1671 1229 1756 Capitnlorucn
1249 1671 1434 1744 neemiam,

337 1778 524 1861 diligentem
543 1783 650 1842 ‘uasat
671 1793 818 1857 operam,
841 1782 879 1842 nt
910 1775 1108 1857 praedictam
1128 1775 1191 1839 snb
1220 1773 1297 1840 lbos
1321 1773 1435 1837 nonina

337 1877 518 1960 Epistolam
549 1876 698 1943 ostendat
726 1876 864 1942 inissea
892 1875 1044 1942 Patribus
1070 1874 1378 1942 chalcedonensibus
1394 1888 1438 1936 ca·

342 1980 497 2046 tholicam
511 1972 694 2062 susceptam
716 1986 749 2042 et
762 1977 945 2060 probatam.
962 1975 1018 2043 hit
1038 1977 1146 2043 enim:
1164 1974 1331 2040 «intende
1350 1991 1435 2046 nnnc,

338 2080 501 2162 Anguste,
516 2098 614 2164 qnam
637 2078 804 2145 manilesta
818 2085 853 2144 et
872 2078 1044 2160 multiplici
1059 2079 1183 2144 radone
1202 2077 1267 2141 hoe
1279 2079 1377 2141 etiam
1393 2075 1438 2139 de

343 2189 558 2256 monstratur,
580 2178 668 2262 qnod
688 2185 863 2259 sequenter
884 2197 935 2244 me
955 2178 1257 2244 demonstraturum
1281 2195 1351 2241 ease
1374 2193 1438 2257 pro·

340 2283 425 2359 misi,
448 2281 601 2364 qnoniam
630 2281 874 2347 haereticorum
896 2279 1040 2346 lautores
1071 2286 1186 2362 aperto
1207 2279 1374 2344 mendacio
1391 2295 1438 2340 nos

340 2383 492 2464 decipere
516 2382 704 2459 voluerunt,
734 2386 774 2446 nt
794 2381 940 2446 dicerent
968 2379 1148 2463 Epistulam
1170 2378 1247 2445 lhae
1266 2397 1294 2444 a.
1308 2377 1439 2446 Concilio

339 2483 585 2549 calchedonensi
614 2502 678 2548 non
707 2483 806 2549 inisse
825 2489 1020 2566 susceptam.
1050 2481 1111 2549 Uhi
1132 2467 1210 2549 dnm
1240 2483 1439 2554 recitaretur,

338 2604 381 2651 ex
403 2583 668 2666 praecedentibus
699 2584 795 2665 pestis
821 2584 907 2666 apud
938 2585 1214 2650 reverentissimos
1237 2583 1387 2649 Photinm
1408 2587 1442 2673 ¹et

341 2685 571 2764 Eustachium,
593 2694 691 2766 atquo
712 2682 870 2752 Uranium
891 2688 1058 2769 episcopos
1083 2686 1212 2760 habitis,
1233 2701 1322 2766 qnae
1340 2693 1442 2750 contra

339 2793 557 2858 memoratum
588 2787 776 2868 episcopum
800 2785 889 2852 iham
911 2787 1097 2868 protulerat
1125 2785 1328 2869 Theophilus
1347 2787 1443 2850 diaco·

337 2905 413 2967 nne,
435 2889 492 2969 qni
514 2887 585 2971 ejus
606 2888 814 2953 adversarius
837 2889 1007 2966 existebat,
1023 2889 1263 2954 considentibus
1283 2888 1442 2970 episcopiis

343 2990 417 3055 talis
437 2997 487 3056 eet
505 2989 579 3055 data
600 2991 781 3058 sententiae
809 2989 1020 3073 Goonooiosos
1041 3009 1082 3054 soe
1100 2989 1255 3055 sermio
1274 2989 1443 3055 remeatio-

339 3089 492 3156 simorom
512 3091 737 3176 cpiscoporum,
753 3091 844 3158 Iboos
864 3091 1146 3158 reverentissimum
1164 3093 1346 3176 episcopans
1363 3091 1443 3158 iano

340 3189 433 3256 cium
448 3194 703 3260 demonstratum.
720 3191 815 3258 Lecto
828 3193 913 3259 coins
922 3192 989 3276 ejus
1003 3193 1160 3276 Epistola,
1174 3195 1375 3277 copnooisnosc
1384 3211 1442 3256 ean

341 3311 403 3357 scae
421 3293 649 3360 orthodoxum:
676 3303 706 3360 et
725 3293 761 3358 ol
780 3293 838 3358 boc
857 3292 1054 3360 decernimur
1074 3304 1104 3360 et
1129 3296 1276 3360 docorem
1295 3296 1326 3360 ci
1343 3294 1443 3378 epioe·

336 3403 448 3476 potum
463 3403 491 3459 et
504 3393 678 3476 ecclesiam,
699 3395 735 3461 dc
755 3413 821 3478 pou
841 3391 961 3481 iniusto
981 3405 1010 3462 et
1029 3397 1138 3464 ὠιοπι
1158 3397 1312 3480 ceperim
1329 3405 1384 3476 est,
1401 3393 1443 3458 ia·

343 3494 498 3560 moerori.

428 3593 555 3660 «Vides
575 3595 740 3678 quomodo
760 3596 851 3664 nobis
872 3599 1026 3664 haeretici
1049 3617 1109 3682 per
1127 3618 1205 3668 snos
1224 3600 1380 3666 satellites
1399 3613 1445 3658 so

344 3692 480 3760 luerunt
508 3695 662 3776 illudere,
699 3705 738 3763 nt
767 3700 850 3766 hanc
877 3699 1056 3781 Epistulam
1084 3699 1248 3784 jactarent
1273 3705 1443 3780 suceptae·

346 3793 527 3863 aConcilio
554 3815 617 3862 non
640 3797 764 3864 inisse:
786 3819 860 3865 cnm
875 3801 982 3883 palam
1002 3801 1055 3878 sit,
1077 3802 1165 3884 qnod
1191 3821 1235 3866 ex
1255 3801 1327 3883 eins
1344 3796 1443 3864 lectio

345 3912 386 3960 ne
407 3899 609 3981 conscriptor
623 3900 695 3983 eins
715 3900 788 3967 lhos
814 3901 965 3968 innoxius
979 3909 1012 3967 et
1037 3903 1242 3968 orthodoxus
1261 3903 1303 3967 ab
1325 3919 1361 3966 aa
1382 3899 1443 3962 inc·

344 3998 388 4062 rit
407 3999 587 4080 judicatus,
602 4009 636 4067 et
655 4001 697 4065 oh
719 4003 782 4067 hoo
803 4020 879 4068 anm
900 4008 933 4068 et
947 4003 1103 4069 honorem
1126 4005 1331 4086 episcopatos
1349 4009 1379 4066 ct
1396 4015 1440 4060 cc·

344 4098 476 4164 clesiam
497 4102 645 4184 recipere
664 4103 886 4183 decreverint,
906 4103 947 4170 de
968 4123 1033 4187 qna
1054 4105 1173 4188 injusta
1203 4105 1267 4170 init
1285 4101 1435 4183 expulsus

345 4193 495 4266 Sciernnt
511 4201 611 4284 igitur
633 4204 788 4272 eeclesiae
798 4203 954 4302 pietatem
976 4204 1065 4273 locro
1087 4223 1150 4272 oon
1171 4206 1316 4288 possusi
1335 4195 1433 4268 conio
