3042 4940
1159 337 1202 408 95

97 464 175 528 qnae
193 445 326 523 andirit,
348 463 433 529 qnae
457 444 536 536 egit,
557 451 590 510 et
610 443 728 526 qnibns
745 448 915 522 consensit,
938 443 1058 510 oblitus
1079 451 1139 519 est,
1161 444 1203 506 si·

95 548 152 612 init
166 555 221 612 ant
234 549 374 629 negarit,
386 547 474 628 qnod
489 563 553 610 non
567 555 616 611 eet
627 545 916 628 ,praesumendum
930 545 998 610 bnt
1012 543 1108 610 aliter
1118 562 1204 625 quoe

93 651 131 714 dc
148 651 349 731 origenianae
373 649 538 714 doctrinae
557 650 793 728 anathemate,
815 649 1005 714 instantibus
1021 647 1203 714 lostinicno

94 761 125 815 et
138 751 333 816 Palaestinae
356 751 520 815 monacbis
535 768 609 816 cnm
633 749 777 832 Pelagio,
793 760 826 816 et
844 750 1127 831 comprobantibus
1148 748 1202 811 vt·

93 853 164 933 gilio
177 853 262 934 Papa
288 854 470 934 ceterisque
485 851 649 918 Ecclesiae
674 855 855 930 antistibus,
879 871 940 918 cen
962 861 1096 916 narrent
1111 851 1203 916 Libe·

94 952 364 1034 nicosienses
385 955 519 1034 sitione,
534 955 620 1020 inter
639 956 872 1022 commentitias
893 956 1093 1018 narrationes
1113 973 1201 1018 com·

95 1055 239 1120 mittenda
261 1064 346 1121 anot.

166 1155 207 1220 Et
221 1155 306 1220 istnd
322 1173 398 1220 sane
413 1157 529 1222 rationi
551 1165 716 1232 consonat,
732 1155 818 1237 qnod
841 1155 970 1221 indnbie
983 1156 1097 1219 statnit
1112 1153 1203 1220 Pela·

91 1257 156 1337 gins
183 1255 208 1320 l.
235 1256 384 1338 inquiens
409 1275 428 1320 a
454 1256 644 1322 Theodorae
664 1265 822 1339 angustae
846 1257 938 1320 obitn
959 1254 999 1319 ab
1024 1273 1108 1320 anno
1127 1251 1200 1332 5s8,

91 1357 209 1422 nnllam
229 1357 345 1423 deinde
372 1359 405 1422 in
426 1357 570 1424 Ecclesia
591 1359 742 1423 orientali
772 1358 961 1422 convulsam
982 1373 1051 1420 eoae
1072 1355 1112 1420 de
1138 1356 1202 1420 dds

89 1461 324 1540 quaestionem
339 1478 414 1524 cnm
428 1469 500 1526 acta
515 1461 613 1544 buius
627 1463 760 1543 quintae
779 1459 898 1546 synodi
913 1460 1049 1536 sincera,
1065 1476 1125 1539 oca·
1144 1477 1203 1523 oa·

90 1561 209 1642 elicitas
225 1578 431 1627 anmrcornrn
442 1560 664 1641 praelatorum
678 1560 871 1625 Pontificum
884 1559 1117 1624 declarationes
1128 1577 1204 1640 oro·

90 1663 173 1741 dant,
193 1664 341 1744 exceptis
356 1663 459 1728 tribas
472 1663 643 1746 Capitulis,
664 1663 761 1727 aliam
783 1663 933 1745 quamvis
953 1662 1203 1744 disputationem

90 1770 224 1829 anemos
249 1763 349 1828 icisse
376 1764 418 1826 ab
437 1763 560 1828 eadem
585 1761 660 1830 Sive
689 1771 725 1826 nt
753 1761 1089 1839 incolentiosdicam,
1111 1761 1203 1826 inea

91 1862 128 1928 de
146 1864 294 1946 muccis
314 1865 447 1944 proprie
467 1866 500 1928 in
520 1860 665 1928 Concilio
686 1863 930 1928 chalcedonensi
951 1863 1137 1928 memoratis
1157 1861 1205 1926 di·

89 1971 252 2045 sonutam
270 1963 344 2030 init.
360 1961 476 2045 quue
489 1965 590 2044 magis
604 1963 668 2028 boo
680 1963 910 2028 asseverabant
930 1960 1113 2040 Pontifices,
1129 1979 1206 2026 con·

89 2065 142 2128 acii
157 2064 368 2145 amplissime,
390 2063 478 2145 qnod
494 2073 566 2145 post
584 2061 709 2130 zoarae
729 2074 762 2130 et
774 2065 939 2130 sociorum
954 2063 1204 2143 damnationem,

88 2164 151 2246 iam
171 2167 213 2229 ab
233 2183 320 2232 anno
332 2163 405 2232 536.
420 2166 483 2230 snb
503 2165 649 2249 Anepsia
670 2165 770 2249 Papa,
785 2185 824 2232 ac
837 2165 951 2232 deinde
971 2183 989 2230 a
1010 2162 1129 2246 vigilio
1150 2163 1206 2227 dr·

92 2277 231 2346 matam,
249 2269 408 2334 neminem
429 2267 471 2332 de
490 2265 631 2332 Orientis
652 2268 838 2350 regionibns
859 2267 1092 2343 insurrexisse,
1113 2265 1207 2346 qnid·

91 2385 187 2448 qnam
208 2370 444 2436 innovatorum
470 2368 647 2436 adrersnm
668 2370 863 2438 catholicam
885 2369 991 2437 iidem.
1013 2368 1075 2438 seo
1096 2366 1208 2436 deb'a

92 2469 300 2549 praeclarius
320 2469 397 2538 alibi
417 2468 606 2538 disaerctnr.
