3138 4950
375 515 452 562 rum
467 515 487 562 e
501 495 687 564 Juuliuisuu
698 497 920 579 subscriptum
934 499 975 564 tle
989 499 1102 566 mlum
1115 502 1306 581 quuustiuue
1320 524 1331 566 e
1346 521 1481 585 quocuu
1555 487 1556 580 i

376 601 539 664 lubnrurit
553 597 702 666 Jmttnm
722 601 836 666 subrue
857 602 1025 682 epiecopus
1039 603 1080 667 usl
1101 619 1295 672 consensum
1317 607 1480 680 reducere,
1555 607 1556 700 l

372 699 620 766 difficultatibus
641 701 822 782 expleustie
842 703 930 766 circu
950 703 1070 770 Christi
1091 707 1239 786 corporis
1260 707 1481 787 iuenrruptibi·
1555 759 1556 792 1

372 800 500 866 litutcm
520 810 594 868 unte
624 801 912 881 resurrectionem,
941 802 1070 870 sinubus
1098 806 1129 869 iu
1150 825 1190 872 eo
1218 809 1483 874 concurrentibus

372 904 499 968 usturis
513 901 621 968 dirius
642 911 676 968 et
689 904 845 980 humens,
867 906 1054 985 impossibili
1070 915 1104 972 et
1118 908 1283 988 passibili:
1298 917 1331 976 et
1354 917 1483 990 propter

372 1003 461 1083 quud
488 1000 617 1070 retus
637 1001 698 1068 nn·
716 1003 874 1071 sissessllc
892 1005 1093 1072 recensione
1106 1007 1202 1072 bosso
1219 1009 1343 1092 [cosm
1363 1020 1483 1092 eposio

372 1123 462 1170 rimu
479 1104 661 1186 porriccuss
680 1126 721 1172 nc
739 1115 867 1172 snorum
886 1107 925 1172 iss
944 1127 1040 1173 cum
1056 1128 1117 1191 pro
1137 1109 1227 1176 nubis
1245 1109 1354 1176 esbiit.

454 1205 498 1273 Et
518 1208 580 1274 lsuu
600 1211 678 1274 item
699 1208 848 1276 duruisse
870 1209 1217 1276 stuesmtnestntenm
1238 1215 1272 1278 iu
1291 1213 1482 1294 praecedeu-

371 1313 398 1375 ti
419 1309 546 1374 cslietn=
564 1310 649 1376 unde
671 1299 1011 1392 pluree'scruduliseti
1032 1321 1110 1378 suut
1124 1313 1280 1394 episcopi,
1302 1317 1482 1380 exietinru·

373 1420 422 1476 tes
443 1409 689 1491 (quoireseru
711 1427 775 1476 uuu
789 1409 981 1489 ctlmieurut)
1005 1412 1324 1493 cpistburtiorctcrssns
1348 1417 1422 1482 sire
1438 1415 1482 1480 iss·

370 1511 628 1593 eosrnptilsilinss
649 1513 768 1594 pluoits
789 1514 1017 1594 comprobasse
1038 1515 1287 1597 imperatorem
1309 1525 1344 1582 et
1364 1518 1399 1583 iu
1424 1519 1487 1584 lur··

373 1622 456 1678 tueec
477 1633 519 1678 ex
539 1614 718 1678 ‹llctiuuum
741 1614 955 1692 obscnrttste,
971 1615 1260 1699 selumbiguitutn
1275 1615 1334 1683 sist
1356 1637 1424 1684 nun
1441 1637 1483 1683 ss·
1555 1663 1556 1678 ,

369 1717 412 1780 tis
431 1718 586 1797 expositis
605 1715 798 1782 concisionis
819 1705 973 1782 terminis.
992 1717 1043 1784 Ac
1063 1719 1149 1796 istun,
1171 1721 1319 1801 inunum,
1340 1721 1479 1803 eiusdem

372 1816 551 1881 susemurii
566 1815 725 1898 putuiuut
743 1817 785 1882 usl
807 1818 965 1884 bseresim
989 1818 1284 1902 incorruptibilium
1308 1825 1416 1904 ipsu·
1436 1841 1482 1886 ec·

370 1919 524 1982 cennsee
558 1919 660 1984 selmi
679 1921 727 1982 sit
748 1918 941 1986 Eurtstlsius
969 1939 1001 1985 u.
1017 1918 1070 1986 nti.
1091 1923 1277 1988 summatim
1299 1927 1481 2005 exprimens

370 2017 544 2095 Justinicui
564 2021 768 2098 sententium,
789 2021 873 2086 lueet
892 2021 981 2100 quod
1003 2019 1133 2086 Domini
1153 2039 1270 2104 corpsss
1292 2043 1335 2088 cc
1353 2027 1480 2110 conjus-

370 2118 472 2184 ctiosss
491 2141 563 2185 enen
583 2130 706 2188 encra
724 2121 839 2187 tiniec
857 2120 1100 2203 incorruptibile
1117 2123 1215 2205 [ertit
1226 2145 1239 2205 3
1250 2139 1404 2208 'eumque
1424 2135 1481 2192 trs·

372 2223 451 2288 bene
472 2224 621 2289 absolute
650 2223 692 2289 uti
712 2225 912 2292 haereticum
935 2225 1190 2305 occumicuem,
1212 2244 1232 2293 s
1254 2247 1323 2311 qus
1342 2231 1480 2297 sectoris

369 2343 461 2390 meus
482 2326 692 2391 sbnorrcbst.

451 2426 493 2490 ln
509 2427 571 2492 lsuc
590 2434 700 2492 nutem
717 2427 808 2494 uulsie
827 2426 984 2494 sulluiscit
1004 2425 1158 2494 Leontius
1172 2427 1407 2507 Solsulsstiuus,
1428 2431 1479 2514 qui

368 2526 503 2608 uslslens
525 2530 665 2607 pulchre
683 2549 719 2594 se
739 2530 862 2596 cultore
881 2529 1022 2595 ostendit
1035 2529 1135 2612 lsnjus
1156 2532 1355 2611 quaestionib
1377 2533 1479 2596 terni·

370 2646 428 2694 nos
449 2631 480 2693 iu
501 2628 599 2694 libro
631 2629 673 2694 ll.
695 2630 854 2698 strenus
883 2629 1158 2711 opistbnrtiocctcs,
1190 2633 1247 2698 ubi
1266 2633 1329 2698 sub
1360 2631 1477 2713 liislopi

367 2730 476 2811 specio
495 2749 610 2796 eurum
640 2732 768 2798 stutluit
788 2733 960 2798 cnuluturu
990 2739 1181 2814 urpunseuts
1203 2733 1474 2811 orthodoxorum,

370 2834 614 2914 questuquttse
629 2835 706 2900 huic
729 2844 906 2916 corruptae
928 2835 1072 2916 opinioni
1093 2835 1254 2916 junxisse,
1278 2835 1475 2902 slelcusleutes

367 2933 489 3003 Gbrirti
511 2948 631 3017 corpus
651 2945 726 3002 unte
747 2938 1021 3002 resurrectionem
1043 2936 1143 3004 tuine
1164 2939 1425 3018 incorruptibile:
1444 2943 1474 3002 et

368 3039 401 3100 in
421 3055 490 3118 qun
511 3037 599 3118 petet
614 3039 719 3118 lpnum
741 3036 913 3102 Leontium
933 3047 1044 3119 purten
1058 3039 1151 3119 reum
1171 3037 1329 3122 Eutychti
1350 3049 1383 3105 et
1400 3039 1471 3104 siin

371 3157 448 3205 rum
455 3161 468 3221 3
490 3141 523 3204 in
542 3158 625 3221 quos
639 3139 843 3206 luetiuiuuue
863 3158 923 3221 per
941 3159 1039 3209 suum
1063 3141 1206 3207 eslictnm
1228 3143 1396 3221 pugnusit.
1415 3139 1471 3206 iu·

309 3291 312 3298 .
370 3250 423 3307 tea
444 3259 524 3307 sero
544 3243 671 3306 norisne
690 3243 839 3318 inierunt,
869 3257 954 3321 quur
975 3258 1090 3321 respue
1109 3240 1270 3310 docebunt
1290 3243 1389 3324 buius
1406 3258 1469 3323 prs·

368 3351 465 3408 setun
484 3345 644 3426 opinionis
659 3343 803 3424 magistri
819 3341 979 3425 pujuuitue
998 3351 1033 3408 et
1054 3342 1262 3423 istumistun
1288 3345 1406 3422 quibus
1423 3341 1468 3405 si·
1555 3415 1556 3438 χ

370 3445 510 3512 boecium
523 3453 720 3526 reputentur
730 3444 933 3511 iustluiunue
946 3451 979 3508 et
993 3445 1132 3511 mcximu
1148 3462 1225 3523 pure
1239 3447 1466 3526 cpiscoporum:

369 3548 500 3612 ut'iuie
519 3556 644 3612 cnuetet
664 3564 741 3612 uum
763 3547 814 3610 ieti
836 3547 918 3611 benc
938 3544 1126 3613 udmiserint
1154 3545 1268 3611 isicem
1290 3547 1466 3612 ductriusu.

449 3647 640 3714 Timotheus
668 3650 840 3734 presbyter
872 3647 915 3712 tle
938 3645 1123 3730 Receptiossr
1152 3646 1391 3724 imminerunt,
1410 3663 1469 3714 seu

371 3749 547 3831 pbslorurn
567 3762 670 3816 sectus
691 3767 866 3816 numerous
886 3768 917 3815 u.
938 3748 970 3816 7.
993 3750 1085 3814 uite«
1105 3747 1157 3816 Ex
1177 3748 1227 3814 bis
1247 3749 1403 3831 psiuuitm
1418 3763 1467 3811 scu

366 3850 563 3934 julianistas,
580 3853 637 3933 qui
654 3853 840 3918 existiment
858 3869 880 3916 s
900 3859 1063 3917 momento
1084 3849 1210 3915 unionis
1230 3867 1353 3931 eorpus
1372 3846 1467 3914 nont·

370 3955 403 4017 ni
423 3952 607 4018 omnimode
621 3969 690 4018 esee
705 3951 963 4033 incorruptibile.
981 3950 1017 4015 ln
1032 3969 1064 4016 u.
1078 3948 1109 4017 8.
1125 3951 1284 4035 psjsuitse
1303 3970 1364 4016 seu
1384 3949 1466 4033 iulis·

369 4057 473 4120 nistue
492 4054 561 4130 ulii,
583 4055 640 4135 qui
661 4072 782 4134 corpus
797 4052 925 4119 Domini
947 4069 1011 4118 nou
1031 4051 1216 4118 omnimode
1231 4047 1464 4132 incorruptibile

367 4159 518 4222 cruceni:
534 4156 589 4222 suri
609 4155 810 4238 eiuntpusse
831 4154 961 4236 quidem
983 4153 1173 4235 corrumpis
1196 4153 1383 4218 nullatenus
1398 4165 1462 4214 seru

365 4268 564 4342 corruptum
584 4257 684 4325 luisse
705 4259 746 4322 cb
762 4254 861 4324 Verbi
882 4257 1070 4339 putentium.
1095 4255 1130 4323 lu
1145 4274 1175 4322 n.
1190 4253 1220 4322 il.
1237 4255 1395 4338 gejcuitre
1411 4263 1461 4318 sen
