3186 4946
118 540 179 588 essa
201 536 309 582 reram
332 517 441 593 fidem,
462 535 547 597 quau
568 518 599 580 in
621 519 752 582 nicaena
774 515 904 598 Synodo
924 518 1088 582 declarata
1111 411 1219 586 asisii

113 622 229 687 Etenim
251 621 330 682 licet
344 619 481 681 arbitrio
500 637 564 683 auo
577 637 612 682 se
631 637 665 681 sa
680 635 740 698 per
755 619 924 698 epistolam
946 622 1127 696 excusavit,
1146 639 1218 685 ver·

114 725 148 786 ba
169 731 271 786 tamen
293 737 358 783 non
381 721 530 798 negavit,
559 719 613 782 sed
635 721 802 783 accusavit
822 719 949 784 arianos
969 720 1131 786 dicentes:
1154 741 1220 785 non

113 833 171 886 erut
186 820 381 902 prinsquam
396 819 579 900 gigneretur
599 818 707 883 Filius
710 839 727 893 ;
749 838 855 901 neque
876 830 949 886 aute
964 821 1102 886 Mariam
1124 825 1221 888 illum

116 925 255 988 solebant
277 941 348 986 esse
369 932 432 985 etc.
455 941 472 980 n

183 1022 304 1087 Verum
327 1042 391 1086 non
414 1033 463 1087 est
484 1025 539 1087 btc
561 1024 824 1089 immorandum:
860 1022 966 1088 adbuc
989 1023 1118 1090 Eusebii
1141 1026 1219 1090 fides

118 1125 200 1189 raldo
232 1125 462 1188 manifestatur
494 1127 525 1187 in
551 1123 773 1204 confutatione
803 1123 953 1189 Marcelli
983 1135 1155 1206 anagrates
1175 1129 1220 1190 ob

117 1226 223 1289 multas
244 1227 440 1306 impietates,
461 1243 542 1305 quas
564 1225 603 1287 da
625 1225 752 1288 divinae
773 1224 938 1289 Trinitatis
967 1229 1120 1311 mysterio
1147 1246 1221 1290 cou-

115 1326 185 1390 ixit.
206 1325 241 1388 ln
262 1343 329 1407 qua
352 1343 452 1406 porro
473 1327 691 1406 disputatione
712 1343 775 1390 non
796 1324 926 1390 Eusebii
950 1335 1073 1389 tautum
1104 1327 1221 1408 proba·

114 1435 160 1488 tur
178 1427 254 1490 tides
274 1427 421 1502 siucera;
443 1427 497 1488 sed
521 1435 553 1489 et
573 1427 728 1504 Origenes
749 1429 871 1490 citatur
892 1444 954 1488 non
972 1435 1006 1490 ut
1022 1427 1219 1506 haereticus,

114 1526 159 1588 aad
179 1535 214 1590 ut
234 1527 461 1590 orthodoxus:
483 1525 565 1588 adeo
588 1535 623 1588 ut
645 1528 675 1586 tn
697 1526 807 1604 primis
831 1525 989 1589 Eusebius
1011 1535 1043 1590 et
1064 1527 1220 1609 Origenes

115 1635 245 1690 mutuam
269 1644 408 1708 operam
430 1625 615 1705 impendant
636 1642 696 1705 pro
716 1643 795 1688 suae
815 1624 888 1688 fidei
910 1629 1093 1706 integritate
1119 1647 1157 1693 ac
1178 1631 1221 1692 si-

115 1726 173 1786 mul
192 1743 250 1805 per
270 1727 394 1805 scripta
416 1741 474 1788 sua
499 1733 641 1805 pugnent
663 1733 775 1788 contra
798 1721 992 1788 Marcellum
1009 1729 1220 1792 haereticum.

117 1823 170 1901 Qui
191 1835 367 1906 propterea
388 1826 546 1888 adsersus
567 1826 716 1905 Origauis
738 1827 886 1904 dogmata
914 1829 1034 1907 qnippe
1064 1845 1143 1892 suae
1164 1829 1220 1892 do-

116 1931 224 1992 etrinae
245 1929 402 2009 pravitati
424 1929 585 1992 contraria
606 1927 749 1990 studiose
770 1927 866 2019 instat
886 1928 1086 1991 convellendi
1110 1947 1219 1992 cansa.

116 2027 198 2103 Quod
220 2031 355 2111 quidem
377 2029 543 2109 proposito
565 2037 675 2090 nostro
697 2027 790 2090 valde
813 2027 961 2107 prolicit;
984 2047 1089 2108 eoque
1120 2032 1220 2111 magis

116 2151 180 2196 cum
201 2131 382 2195 blarcallns
405 2133 470 2207 ipsa
492 2130 589 2202 dieat,
612 2147 645 2192 se
667 2128 811 2210 ejusdem
834 2130 1015 2192 adamantii
1038 2131 1152 2209 legisse
1169 2130 1221 2195 tt·

116 2234 181 2296 bros
202 2231 245 2294 lie
270 2227 462 2308 Principiis.
486 2227 547 2293 Ubi
569 2230 627 2292 etsi
651 2231 730 2292 varii
753 2232 877 2309 generis
898 2230 1037 2292 absurda
1058 2230 1098 2293 de
1118 2228 1223 2294 Triui-

119 2345 198 2408 tate,
218 2332 371 2412 Origenis
393 2330 539 2394 hostibus
562 2331 666 2394 risum
688 2333 729 2394 sit
752 2341 901 2409 congesta
934 2330 1053 2405 luisse,
1081 2339 1222 2396 attamen

116 2433 295 2510 Marcellus,
312 2435 461 2514 quamvis
478 2432 654 2496 falsitatum
669 2433 832 2495 studiosus
846 2440 956 2494 contra
973 2431 1129 2495 sinceram
1145 2451 1222 2513 apo·

115 2537 264 2600 stolorum
288 2533 505 2609 traditionem,
528 2535 655 2596 nullum
672 2551 713 2598 ex
727 2534 818 2595 libris
833 2532 1034 2611 Origeniuuis
1049 2551 1153 2613 neque
1169 2536 1223 2596 de-

117 2638 195 2718 legit,
217 2657 277 2703 uec
300 2638 412 2699 citarit
433 2636 568 2711 dietum,
590 2637 678 2716 quod
701 2636 914 2698 assertionum
940 2651 1074 2697 suarum
1092 2634 1222 2697 lalsitati

117 2741 271 2818 prodesset
293 2759 305 2817 5
329 2739 411 2810 etsi,
435 2738 578 2816 iuquam,
604 2736 714 2814 plures
741 2735 797 2796 ille
819 2731 996 2798 Marcellus
1027 2735 1224 2798 concinuerit

117 2839 261 2905 ialsitates
281 2841 322 2902 de
345 2839 427 2911 Deo,
448 2840 553 2918 deque
575 2839 674 2918 ipsius
696 2834 825 2900 Verbo:
846 2837 965 2916 quibus
986 2854 1061 2900 saue
1077 2837 1223 2900 falsitati·

116 2941 166 3004 bus
186 2943 322 3022 praelati
346 2938 539 3004 Perimelen
566 2939 639 3001 libri
661 2939 825 3002 munimen
851 2938 1081 3011 eontulissent,
1103 2937 1146 2998 ibi
1168 2938 1222 2999 ad·

118 3042 205 3106 missis
227 3041 444 3123 praesumptis
460 3040 641 3102 erroribus.
655 3036 865 3118 Quapropter
879 3056 952 3102 eum
970 3036 1149 3100 Mareellus
1160 3055 1223 3101 non

115 3143 209 3206 solum
240 3144 282 3204 de
313 3139 487 3219 suppositis
513 3137 661 3218 Origcuis
689 3138 895 3218 blasphemiis
920 3138 998 3200 nibil
1028 3143 1058 3202 iu
1082 3156 1159 3201 suos
1185 3139 1223 3200 li·

118 3241 183 3304 bros
205 3242 403 3314 traduxerit,
419 3240 598 3319 quinimmo
620 3249 651 3302 et
672 3239 730 3319 ipsi
745 3237 876 3318 Origeui
897 3239 1117 3318 exprobrarit,
1134 3239 1222 3318 quod

117 3352 218 3405 contra
239 3359 276 3404 se
298 3340 452 3415 venisset,
474 3340 648 3402 secundam
670 3340 864 3422 hypostasim
890 3337 986 3402 Verbi
1010 3341 1221 3414 constituens,

119 3441 366 3506 concludendum
388 3449 449 3516 est,
472 3439 503 3502 in
521 3440 667 3519 genuinis
693 3441 741 3502 bis
765 3441 892 3520 scriptis
908 3441 993 3503 baud
1010 3457 1046 3503 ea
1063 3438 1222 3519 sphalma·

120 3551 144 3603 ta
163 3545 279 3607 inserta
296 3543 406 3615 luisse,
423 3541 596 3620 dequibus
613 3549 720 3620 postea
737 3538 908 3604 decusatos
922 3540 983 3602 luit
998 3537 1220 3603 Adamantius.

121 3643 170 3706 brt
189 3646 226 3706 ad
249 3643 407 3724 majorem
430 3643 477 3705 rei
499 3641 787 3722 perspicuitatem,
810 3648 843 3703 et
858 3638 1005 3704 Marcelli
1034 3649 1067 3702 et
1087 3637 1220 3702 Eusebii

121 3761 220 3809 sensus
242 3743 399 3824 peculiari
420 3743 529 3806 studio
551 3741 787 3822 expendantur.

190 3843 347 3908 Eusebius
362 3842 488 3904 interim
505 3843 536 3904 in
556 3834 652 3904 Libro
665 3838 689 3904 l.
708 3859 735 3902 c.
753 3837 808 3903 tv.
824 3838 979 3902 adversus
996 3837 1146 3902 eumdem
1163 3839 1225 3901 dis·

121 3960 230 4018 aereos,
253 3943 392 4008 convitia
413 3941 512 4021 ipsius
533 3949 641 4005 censet
661 3949 773 4006 contra
795 3938 999 4020 Unigenitum
1021 3949 1052 4002 et
1067 3939 1223 4002 dilectum

125 4041 172 4106 bet
195 4043 320 4108 Filium.
356 4042 397 4106 Et
416 4043 458 4106 ob
490 4042 551 4106 boe
582 4041 638 4117 ait,
660 4042 765 4120 ipsum
786 4049 912 4104 sanctos
935 4037 1097 4102 Ecclesiae
1115 4037 1227 4101 Patres

125 4141 238 4222 injuriis
259 4151 433 4223 oppetere,
456 4141 607 4202 nimirum
640 4138 811 4204 Paulinum
839 4143 1026 4221 episcopum
1055 4139 1228 4200 dutiocbe·

126 4259 215 4306 numa
238 4242 385 4308 «indicit
405 4242 527 4306 ballum
548 4240 691 4320 Origeni,
713 4250 862 4307 armatur
883 4243 913 4304 in
942 4239 1149 4315 Narcissum
1171 4236 1227 4298 ad·
