3048 4946
1118 348 1177 418 167

94 465 144 536 est,
158 458 187 522 in
199 475 261 540 qno
277 457 403 524 lallitur
418 456 603 533 Facundus,
617 455 763 538 inquiens
777 456 946 520 anathema
969 454 1069 520 trium
1084 450 1177 534 Capi·

90 560 221 624 tutorum
236 577 330 622 serae
345 558 417 624 lidei
429 558 631 639 praedicatae
643 557 673 622 in
685 555 814 640 Synodo
826 555 1070 622 chalcedonensi
1084 571 1177 636 prae·

13 719 14 724 ,
88 658 231 740 judicium
252 659 382 724 interro.
413 657 486 724 Hoc
508 667 618 724 autem
649 657 742 739 pluam
764 657 971 722 salsissimum
993 674 1062 720 esse
1081 673 1178 736 snpe-

13 819 15 854 }
89 761 150 822 rius
168 760 369 824 ostendimus.
393 759 429 826 ln
458 759 612 824 Iudicate
633 761 717 823 euim
740 756 849 840 Vigilii
878 756 1181 836 aucmentando

90 863 118 925 iu
131 861 191 940 ipsa
205 860 332 952 spendo
347 859 387 924 V.
401 861 559 926 damnatis
575 861 677 926 tribus
694 861 864 943 Capitulis,
880 860 1026 926 distincte
1041 867 1073 924 et
1087 875 1180 939 prae·

90 961 252 1026 clarissime
273 963 440 1028 delinitum
465 970 526 1039 est,
549 962 609 1028 hac
628 968 733 1028 sunta
753 961 970 1039 damnatione,
986 963 1016 1024 in
1032 959 1122 1024 nulla
1146 977 1182 1025 ro

13 1107 14 1114 ,
88 1063 219 1128 imminui
240 1064 336 1127 iidem
351 1071 383 1130 ct
396 1073 516 1130 statuta
540 1063 673 1128 Petrum
696 1062 1020 1127 chalcedonensium:
1043 1064 1181 1141 quinim-

86 1183 133 1230 mo
153 1165 269 1230 lirmari
283 1167 422 1249 emplius
440 1166 584 1249 patefiet,
600 1166 688 1248 qnod
704 1165 787 1234 iulra
801 1184 820 1231 a
833 1165 924 1232 nobis
945 1165 1105 1248 prolixius
1125 1183 1182 1232 ex·

86 1267 261 1332 satiendam
283 1276 342 1336 est.

155 1367 314 1446 Secundo,
332 1367 425 1434 raldo
450 1371 569 1436 mirum
591 1368 680 1451 qnod
706 1375 817 1432 narrat
831 1365 1005 1432 Facundus
1035 1368 1067 1431 in
1081 1365 1181 1431 Libro

89 1464 138 1530 lv.
152 1467 191 1532 de
205 1471 373 1552 episcopis,
388 1472 459 1552 qui,
473 1479 647 1552 autequam
660 1468 797 1550 vigilius
808 1468 1116 1550 Constantinopolim
1132 1486 1186 1532 ae·

85 1567 173 1646 niret,
185 1571 616 1642 etsiconseiidamnationem
630 1568 959 1651 triumCapitulnrum
968 1566 1097 1654 Synodo
1107 1586 1183 1633 con·

84 1669 177 1732 traice
195 1672 455 1748 chalcedonensi,
473 1672 680 1736 nihilominus
694 1670 863 1736 anathema
878 1667 1060 1736 firmarunt.
1082 1667 1126 1734 Et
1138 1687 1182 1734 ex

83 1766 128 1832 his
140 1766 313 1837 Facundus
327 1773 368 1836 ab
383 1773 474 1837 initio
493 1773 694 1855 patriarchas
708 1770 871 1848 hionnam,
884 1768 1024 1848 Zoilum,
1038 1768 1184 1852 Ephrae·

81 1869 174 1934 mium
196 1883 228 1938 et
251 1873 383 1939 Petrum
411 1875 532 1956 seipsos
563 1882 656 1938 antea
685 1873 862 1938 obtestatus
883 1873 1005 1940 inducit
1027 1873 1185 1941 adsersus

80 1967 261 2052 hujusmodi
284 1975 595 2064 condemnationem,
615 1992 655 2042 ac
675 1972 789 2038 deinde
818 1976 1041 2040 exactionibus
1061 1981 1095 2040 et
1116 1975 1186 2040 sio·

79 2069 181 2140 tentiis
202 2077 348 2154 cessisse,
373 2079 433 2142 tria
454 2075 603 2158 capitula
635 2076 951 2144 anathematizantes.
985 2073 1100 2142 Nouus
1121 2076 1185 2142 hoc

78 2170 256 2240 inauditum
278 2178 310 2241 in
332 2177 463 2241 historin
493 2175 722 2253 ecclesiastica,
744 2183 889 2256 quatuor
908 2175 1109 2256 patriarchas
1130 2176 1141 2254 (
1153 2174 1185 2240 in

78 2273 192 2353 quibas
207 2275 441 2361 Ephraemium
464 2267 608 2342 doctrina
630 2283 663 2340 et
682 2277 850 2342 sanctitate
864 2275 1095 2357 conspicuum)
1121 2282 1186 2340 tem

78 2375 221 2453 panidos,
238 2386 303 2442 tam
326 2379 357 2441 in
378 2377 439 2442 sade
461 2378 679 2458 pusillanimes
702 2395 740 2442 ac
763 2383 827 2441 tam
849 2376 1001 2441 socordes
1022 2377 1064 2442 cb
1081 2375 1190 2458 jactu·

73 2491 143 2542 ram
165 2478 397 2562 temporalium
420 2480 579 2543 honorum
601 2477 696 2542 fldem
717 2496 808 2542 suam
831 2477 1021 2559 prodidisse,
1043 2485 1076 2542 et
1096 2476 1185 2559 quod

77 2576 188 2644 intima
208 2588 244 2644 et
264 2580 493 2646 conscienticse
515 2581 683 2655 sentirent,
706 2577 976 2660 repudiasseisst
996 2597 1059 2644 non
1079 2578 1187 2645 solum

76 2679 242 2758 praelatos
270 2682 470 2763 patriarchas
499 2682 544 2747 ait
567 2681 750 2758 Facundus,
774 2681 829 2746 sed
852 2687 885 2746 et
914 2680 1054 2748 aliarum
1076 2683 1189 2748 civita·

73 2786 143 2842 tum
165 2784 339 2864 episcopos
361 2783 544 2862 compulsos
574 2783 769 2851 anathemati
793 2782 1032 2862 subscripsisse,
1062 2797 1100 2846 ac
1121 2798 1186 2846 nna

75 2880 182 2960 palam
207 2883 403 2948 reclamasse
419 2884 482 2950 hnc
505 2883 575 2949 iicri
597 2891 708 2950 contra
730 2883 859 2950 decreta
878 2881 998 2969 Spncdi
1017 2881 1189 2947 chalcedo·

76 2982 192 3058 tterssis.¹
221 2983 414 3050 incredibile
434 3002 510 3050 sanc
541 2991 600 3062 cst,
623 2992 757 3050 cunctos
787 2983 886 3049 simul
906 2983 1075 3064 episcopos
1097 2999 1186 3046 man·

75 3078 150 3152 date
170 3085 244 3153 sive
267 3082 423 3165 Principis
442 3085 512 3150 sire
531 3085 762 3165 acephalorum
785 3081 1055 3165 obtemperantes,
1088 3100 1191 3172 quan·

70 3185 165 3249 ‚toris
191 3185 380 3252 discrimine
400 3185 548 3262 instante,
579 3195 691 3250 contra
721 3185 891 3267 propriam
922 3203 1050 3250 sensum
1079 3191 1192 3249 euntes

74 3299 111 3344 ea
126 3282 284 3366 capitula
306 3285 484 3363 damnasse,
500 3304 635 3352 munere
655 3279 828 3368 episcopali
847 3293 971 3368 spreto,
986 3302 1113 3367 suoque
1134 3301 1192 3366 po-

74 3383 221 3450 sthabito
243 3386 372 3452 decore.

119 3483 126 3491 ’
152 3485 284 3564 Tertio,
306 3494 338 3552 et
362 3488 425 3554 hoc
448 3486 542 3554 valde
566 3487 658 3552 valde
690 3485 876 3565 mirificum,
898 3485 1052 3569 qnodque
1073 3485 1191 3551 iutelli-

75 3586 220 3664 seutiam
244 3595 386 3652 nostram
407 3594 553 3670 superat,
578 3585 696 3668 Vigilic
716 3606 780 3653 non
800 3587 906 3653 multo
927 3595 1012 3667 post,
1034 3586 1089 3650 ubi
1111 3583 1194 3649 Con·

73 3689 326 3770 stanlinopclim
356 3690 456 3766 venit,
481 3691 648 3771 episcopos
677 3689 840 3770 praelatus
861 3691 1092 3768 interrogante,
1114 3686 1192 3767 quid

74 3785 115 3850 de
144 3789 198 3854 hia
222 3791 377 3854 sentirent
404 3789 700 3873 Capitoliumque
728 3807 820 3854 suam
841 3790 964 3869 scriptu
993 3791 1194 3866 exponerent

71 3891 285 3970 sententiam,
302 3890 431 3957 eosdem
453 3894 602 3973 quamvis
622 3891 755 3957 internis
775 3891 988 3958 conscientiae
1007 3887 1146 3954 stimolis
1160 3903 1194 3950 a·

71 3994 199 4072 gitatus
221 3993 266 4058 ch
287 3993 530 4074 praecedentem
552 3992 822 4073 subscriptionem
844 3999 955 4054 contra
979 3991 1039 4050 tria
1062 3985 1194 4067 Capitu-
1295 4067 1303 4094 Ι

70 4090 118 4168 la,
136 4093 254 4158 denuc
270 4101 389 4173 tamen,
407 4102 444 4160 nt
459 4097 526 4176 ipse
540 4094 586 4158 ait
600 4091 786 4168 Facundus,
801 4094 995 4156 instaurasse
1008 4088 1192 4164 anathema,

66 4191 300 4278 septuaginta,
317 4194 402 4274 dieo,
417 4195 584 4278 episcopos
603 4192 713 4272 simul,
730 4193 822 4260 nullu
836 4198 986 4273 excepto,
1002 4188 1195 4284 temporalia
1305 4201 1314 4218 ·
