3138 4950
351 387 413 460 bill

350 490 502 555 llistorici
529 507 606 553 sero
629 488 736 568 graeci
766 485 980 566 Theophanes
1005 484 1232 557 oldomarus,
1260 501 1344 548 nnus
1365 479 1460 548 ‘llaec
1545 527 1546 600 p

347 591 460 656 doram
481 607 553 652 cum
572 589 697 669 pictate,
715 589 800 651 alter
820 585 873 666 pic
896 586 1081 650 teloneum
1101 603 1171 650 esse
1191 585 1353 666 inquiunt.

427 689 488 756 Sed
512 691 590 772 qnid
612 691 701 756 ultra
723 707 806 770 opus
828 691 1014 753 insumatur
1035 689 1066 752 in
1087 686 1289 752 conterendis
1320 684 1462 766 Procopii

349 790 519 856 Arrccdotr'r
541 810 616 856 cum
639 791 714 854 allis
734 789 827 853 libris
853 788 899 853 Dc
923 789 1022 853 Bellis
1038 797 1071 854 et
1087 787 1133 854 Dc
1153 781 1350 869 Aedificiis?
1371 786 1466 850 Acen·

350 899 459 956 ratum
474 891 611 956 Eicbelii
627 891 786 967 studium,
804 890 889 954 nude
903 889 1066 972 praelatas
1090 890 1206 970 collegi
1222 888 1465 954 animadrersio·

304 1005 313 1014 “
350 1012 418 1068 nos,
440 995 568 1060 conctis
591 1001 722 1074 praesto
742 1002 808 1058 est:
832 1010 899 1072 qno
921 993 1062 1074 quisque
1078 993 1271 1066 recurrerit,
1286 1000 1325 1055 nt
1343 991 1463 1071 plenam

349 1102 544 1174 assequatur
557 1096 741 1175 argumenti
757 1094 933 1157 notionem.
950 1092 996 1156 lle
1013 1094 1155 1174 reliquo,
1176 1095 1283 1157 nereio
1298 1109 1364 1174 qna
1389 1108 1466 1154 men·

352 1203 385 1260 te
398 1193 581 1259 llistoricns
601 1197 633 1259 in
647 1194 850 1274 praefatione
868 1195 1031 1259 librorum
1048 1192 1093 1257 Dr
1108 1192 1271 1276 Aedificiis
1284 1193 1465 1272 scripserit:

353 1317 370 1358 s
391 1296 435 1360 ht
455 1313 581 1359 mecum
603 1296 732 1375 saepius
754 1295 895 1375 cogitavi
916 1296 1199 1376 quantaqoabona
1220 1295 1409 1358 civitatibus
1427 1311 1463 1358 ex

353 1395 486 1460 historia
506 1396 593 1458 nasci
613 1396 752 1460 soleant:
776 1412 862 1476 quae
883 1395 1046 1476 majorum
1070 1395 1260 1459 memoriam
1289 1394 1464 1475 posteritati

354 1498 552 1575 transmittit,
574 1498 652 1562 dum
675 1499 811 1578 tempori
834 1505 1131 1577 rerumgestarum
1154 1496 1272 1561 lamam
1292 1499 1466 1579 supprime·

354 1614 391 1660 re
410 1597 627 1674 contendenti,
644 1598 739 1662 enixe
759 1597 877 1662 obstat.
892 1617 909 1656 a
924 1596 968 1662 Et
982 1599 1057 1662 binc
1071 1597 1210 1662 fideliter
1226 1599 1294 1679 ipsa
1309 1598 1387 1662 hnic
1402 1616 1466 1679 pro·

353 1699 428 1780 logo
450 1699 581 1776 instans,
605 1701 713 1764 nescio
734 1717 800 1781 uua
833 1709 940 1762 menta
971 1699 1132 1762 mirabilia
1152 1697 1326 1762 iustiniani
1358 1718 1462 1780 opert,

354 1804 490 1866 virtutes
510 1803 657 1877 eximias,
674 1805 826 1882 pietatem
841 1801 1053 1882 singularem,
1073 1803 1201 1881 imperii
1224 1804 1463 1882 prosperitatem
1549 1879 1550 1882 Ἴ

354 1905 516 1982 usquead
538 1905 671 1967 aethera
692 1904 864 1980 extulerit,
888 1904 991 1984 probe
1016 1911 1121 1966 umen
1142 1904 1259 1980 sciens,
1273 1922 1307 1968 se
1323 1904 1463 1984 alianu·
1549 1893 1550 1896 '

352 2003 527 2068 decontra
548 2021 677 2068 sensnm
698 2023 809 2081 sunm,
832 2012 946 2068 contra
967 2022 1104 2084 scopum
1128 2005 1158 2068 in
1180 2004 1229 2068 bis
1249 2005 1342 2070 libris
1372 2006 1464 2070 inten-

353 2112 588 2179 tumauutem,
612 2105 818 2170 haecomnia
845 2105 907 2170 snb
937 2103 1085 2170 falsitatis
1112 2106 1208 2170 titnlo
1237 2107 1464 2188 inscriptorum

354 2205 464 2272 tuisse:
481 2206 562 2270 idest
577 2206 734 2270 adsersus
749 2224 786 2270 aa
809 2225 956 2288 surgens,
975 2225 1059 2288 quae
1080 2214 1174 2272 antea
1189 2209 1400 2288 probaverat,
1413 2208 1465 2272 ln·
1550 2275 1551 2280 ,

350 2309 478 2374 'atiniani
509 2310 620 2373 virtuti
652 2310 763 2374 titium
791 2310 1001 2386 substituens,
1030 2310 1185 2390 probitati
1215 2309 1464 2390 improbitatem,
1550 2293 1551 2306 ¹

352 2412 527 2490 sapientiae
547 2409 746 2474 substituens
776 2412 1003 2490 ignorantiam,
1027 2411 1149 2492 gloriae
1177 2409 1331 2486 dedecus,
1351 2411 1465 2476 libera·

351 2510 436 2576 litati
462 2513 644 2586 avaritiam,
672 2513 808 2576 castitati
830 2513 1075 2594 impudicitiam,
1102 2514 1355 2594 magnanimitati
1383 2515 1465 2592 igno·

354 2614 495 2688 minium,
518 2613 727 2678 abstinentiae
750 2613 862 2693 insigni
892 2630 1032 2692 perenna
1059 2615 1184 2678 seueris
1204 2611 1363 2689 studium,
1386 2629 1466 2676 narn·
1551 2683 1552 2690 χ

353 2715 515 2779 suetudini
537 2715 749 2791 iracundiam,
774 2716 972 2778 constantiae
1002 2715 1251 2792 volubilitatem,
1274 2714 1464 2778 humanitati

354 2814 519 2890 duritiem,
538 2815 782 2894 elargitiouibus
803 2816 1012 2895 direptiones,
1034 2816 1248 2880 incolumitati
1270 2816 1465 2896 populorum

357 2915 542 2995 perniciem,
573 2913 756 2980 celsitudini
778 2916 903 2995 imperii
925 2917 1065 2989 ruinam,
1088 2916 1176 2978 orbis
1196 2915 1294 2978 saluti
1316 2915 1466 2996 perditio·

354 3030 439 3088 nem,
458 3015 585 3078 dotibus
606 3014 677 3095 ejus
698 3015 874 3096 praeclaris
896 3013 1120 3078 nefandissima
1142 3013 1301 3088 facinora,
1324 3017 1417 3094 genio
1433 3014 1466 3076 il·

345 3109 417 3180 lius
431 3117 561 3188 coelesti
577 3117 766 3180 daemonem
782 3119 945 3196 nequitiae
958 3119 1168 3182 substituens·
1188 3113 1229 3178 Et
1244 3115 1318 3196 quis
1332 3116 1373 3178 ad
1390 3118 1467 3180 banc

355 3216 548 3296 palinodiam
571 3221 677 3298 coegit
700 3216 928 3299 Procopium?

445 3317 599 3400 ldeoqne,
616 3339 692 3384 cnm
708 3323 737 3384 in
751 3320 949 3400 praelatione
963 3319 1126 3386 Historiae
1141 3319 1290 3386 Arcanos
1304 3322 1364 3398 ait,
1377 3339 1412 3384 so
1426 3319 1468 3380 ia·

354 3438 440 3486 mam
462 3421 654 3486 fabulatoris
677 3426 796 3497 vereri,
819 3430 948 3486 etcum
973 3423 1201 3487 recitatoribus
1227 3423 1465 3502 rugoedtsron

354 3526 561 3587 annumerari
594 3525 711 3587 similia
743 3524 951 3600 scribentem,
979 3522 1051 3587 talis
1078 3533 1113 3588 et
1136 3541 1200 3587 non
1224 3524 1322 3588 aliter
1348 3538 1468 3588 nuncu·

355 3625 478 3706 pandus
499 3634 558 3689 est.
581 3625 624 3692 Et
644 3643 721 3690 sane
751 3624 882 3706 quando
904 3626 1023 3690 ibidem
1045 3623 1101 3688 ille
1128 3625 1251 3700 subdit,
1275 3643 1313 3688 se
1337 3643 1391 3688 res
1417 3639 1467 3686 an·

354 3735 405 3790 tea
427 3726 555 3790 silentio
577 3743 764 3807 suppressas
793 3735 870 3790 tnnc
883 3726 994 3803 edere,
1016 3740 1080 3790 noo
1099 3727 1199 3790 sensit
1212 3745 1246 3790 se
1265 3729 1297 3790 tn
1312 3735 1465 3807 perpetua

354 3827 424 3906 cogi
439 3827 704 3892 contradictione.
719 3827 750 3894 Si
774 3845 878 3908 nsque
893 3845 932 3892 eo
948 3835 1080 3891 narrata
1098 3823 1140 3890 De
1157 3825 1257 3890 Bellis
1273 3834 1306 3890 et
1321 3825 1366 3890 lis
1378 3823 1467 3890 Ardi-

352 3926 435 4007 ficiis
454 3947 519 3994 nou
540 3936 627 3994 rocta
648 3929 884 3994 contendissent
909 3946 983 3992 cum
1006 3930 1057 4005 iis,
1079 3945 1164 4007 quae
1185 3927 1299 3992 delude
1313 3925 1464 4008 prodidit,

354 4030 560 4095 tolerandum
579 4032 710 4111 quidam
731 4039 826 4107 erret,
844 4029 930 4110 quod
953 4031 1021 4110 ipse
1041 4029 1130 4104 dicit,
1152 4030 1327 4094 silentium.
1343 4027 1464 4094 Vernn

353 4147 428 4194 cnm
448 4132 518 4196 acle
531 4132 782 4213 splendidiorem
804 4133 835 4196 in
849 4151 885 4195 so
899 4138 1046 4198 mutuam
1061 4131 1207 4194 referant
1219 4132 1462 4212 oppositionem.

350 4239 385 4326 at
403 4231 562 4298 Amodata
591 4235 772 4317 posteriora
807 4234 1018 4299 antenorem
1037 4232 1167 4298 omuino
1197 4231 1365 4298 destruant
1387 4247 1458 4296 nar·
