2994 4938
515 495 655 566 catur
679 499 702 564 l.
1154 397 1172 468 1

54 693 245 762 &concentu
263 697 508 781 perquiruntur,
529 701 615 764 unde
635 699 766 764 inicium
784 698 969 765 instituitur
989 700 1087 762 trium
1111 699 1172 764 Ca·

83 796 265 877 pileatorum
278 799 473 882 quaestionis
486 823 494 864 ι
511 799 590 883 quid
602 802 640 864 dr
653 801 704 865 lic
717 799 885 865 damnarit
906 798 1045 880 ¹l'ipilinr
1063 799 1166 881 Popu,

83 896 275 980 priusquam
299 899 604 984 mmccccieopotin
617 902 739 978 coine
753 923 794 968 oc
814 921 893 969 nem
911 900 1028 968 sindona
1049 902 1170 968 incerto

87 998 127 1062 rit
147 998 300 1083 Oriqcair
320 1021 429 1068 cuum.

54 1240 154 1368 Gom
174 1303 208 1369 ln
230 1304 433 1387 praelatione
446 1313 563 1384 cuncta
584 1305 730 1372 breviter
748 1307 952 1388 perthlmus,
966 1303 1065 1372 modu
1086 1321 1169 1389 opus

52 1408 200 1486 aggressi,
223 1408 380 1491 ampliori
401 1407 637 1490 expediendum
657 1425 824 1485 sermone,
847 1407 920 1472 inde
938 1406 1165 1484 exordiamur,

53 1525 114 1586 quo
133 1508 352 1590 pedetentim,
374 1513 523 1593 quamvis
543 1527 603 1593 per
623 1509 743 1573 arduas
766 1510 850 1586 vias,
876 1507 917 1572 ad
938 1509 1167 1573 oecumenicae

53 1606 164 1692 Spuodl
185 1611 415 1677 devenerimus
435 1613 711 1678 convocationem.
736 1609 771 1673 ln
786 1627 852 1690 qua
873 1611 1013 1690 primum
1034 1627 1168 1691 conspe·

52 1711 132 1774 aeris
145 1709 298 1794 origenis
312 1715 534 1795 quaestionem
549 1720 690 1777 amotam
713 1711 812 1775 luisse
833 1712 962 1775 omniuo
977 1713 1018 1775 cli
1034 1713 1093 1776 llac
1107 1710 1169 1798 sy·

55 1811 142 1888 nodo,
156 1815 256 1879 sicuti
271 1816 304 1879 iu
325 1815 592 1896 praecedentibus
611 1813 652 1878 da
672 1814 737 1878 lllis
757 1811 915 1894 Capltulls
936 1814 1076 1891 privetis.
1088 1831 1166 1878 oon·

54 1915 205 1991 gressibus
216 1936 228 1996 ς
252 1915 397 1998 nihilque
413 1917 456 1980 ibi
478 1919 694 1997 propositum,
710 1933 769 1980 nec
789 1913 1009 1995 disquisitum,
1031 1933 1092 1980 uec
1111 1915 1168 1980 de·

53 2024 170 2078 melem
191 2017 327 2098 aliqaod
350 2017 506 2082 adversus
526 2017 701 2099 Origeucm
729 2017 931 2098 obsignatum
954 2025 1031 2081 tuuc
1058 2033 1168 2082 essen

57 2112 206 2180 Patribus.
224 2117 307 2182 ltem
328 2121 437 2201 quoad
455 2121 516 2185 tria
532 2117 696 2200 Capltula,
713 2117 821 2200 vigilii
838 2115 944 2199 Papae
957 2119 1168 2199 coloprcla'eu·

55 2213 131 2280 derls
145 2217 434 2298 longanimitatem,
448 2218 665 2301 prudentiam,
678 2221 841 2301 animique
851 2219 950 2283 simul
965 2219 1176 2298 firmitatem,

56 2333 288 2402 supernumque
308 2323 520 2403 sapientiam,
546 2323 625 2402 quin
645 2339 706 2386 nec
725 2321 765 2385 ad
795 2321 964 2386 dexteram
986 2338 1047 2386 uec
1065 2319 1106 2383 ad
1126 2321 1168 2385 sl·

56 2419 177 2484 elstmm
209 2421 376 2487 incederet
396 2424 428 2486 iu
458 2424 600 2488 muneris
622 2423 776 2504 pontificii
796 2421 974 2486 ministerio
997 2439 1016 2485 n
1038 2419 1168 2486 ennete

55 2531 186 2602 acceptu
199 2522 251 2588 lle
265 2525 450 2607 hujusmodi
463 2543 564 2604 porro
576 2543 725 2590 sermone
739 2543 779 2586 ne
792 2525 930 2588 miretur
943 2523 1058 2588 lector.
1073 2521 1168 2587 Prius

55 2615 142 2701 legat,
164 2632 278 2704 postea
296 2625 432 2706 judicet.
466 2624 581 2706 Legat,
613 2627 763 2707 lnquam,
790 2643 984 2706 mecumque
1005 2625 1168 2690 discernat

56 2723 179 2798 qenins
200 2744 219 2787 a
242 2727 374 2804 spuriis,
396 2727 597 2814 urttqodosos
614 2727 770 2790 testesab
792 2727 1000 2791 heterodoxis
1012 2745 1023 2806 3
1045 2743 1169 2790 sermn-

56 2838 104 2886 ues
121 2827 307 2892 elaboratos
321 2845 340 2890 a
356 2827 502 2909 pericia,
517 2829 558 2891 ab
579 2829 651 2892 allis
665 2829 772 2894 cordis
791 2831 996 2911 simplicitate
1016 2827 1144 2892 dietatis
1153 2843 1166 2906 ;

56 2923 154 2990 lidelcs
171 2927 336 2994 Ecclesiae
352 2929 517 2994 llumanae
531 2931 706 3012 discipulos
720 2933 761 2994 alr
772 2933 864 2995 istius
879 2929 1165 2995 conviciatoribusr

57 3019 237 3094 Pontificum
257 3029 477 3114 Romanorum
492 3032 684 3113 probitatem
700 3041 733 3097 et
753 3033 848 3096 tidem
869 3031 1166 3096 cohaereticorum

57 3133 85 3188 et
100 3131 377 3196 schismaticorum
399 3134 617 3214 improbitate,
639 3142 672 3198 el
694 3134 834 3198 valrltie.

124 3228 353 3308 Quaestlonem
375 3235 485 3314 itaque
507 3235 606 3298 trium
628 3233 856 3316 capitulorum
876 3233 918 3297 an
938 3232 1043 3298 altera
1065 3231 1105 3298 de
1120 3231 1165 3297 0-

57 3327 153 3408 riqrne
170 3343 387 3416 segregatam,
405 3353 570 3417 nunquam
589 3355 665 3400 cum
680 3338 739 3400 iata
755 3336 935 3413 coulusam,
957 3352 1015 3399 uec
1028 3353 1046 3399 a
1060 3335 1165 3399 Patri·

57 3424 109 3492 bur
121 3449 188 3497 esse
198 3436 232 3498 in
250 3435 410 3517 iudicium
424 3437 579 3522 synodale
592 3445 751 3514 secatam,
773 3445 898 3502 cunstat
911 3437 952 3500 alt
971 3437 1063 3512 actis,
1078 3453 1164 3518 quaa

57 3528 245 3617 lpsiSpncdo
259 3547 516 3617 praecesseruntr
539 3539 570 3602 in
592 3539 712 3621 quibus
732 3547 765 3602 et
786 3539 990 3618 origenianae
1003 3537 1166 3618 quaestio·

58 3631 99 3694 nis
111 3637 256 3702 exclusio
270 3641 397 3720 penltus
411 3640 657 3721 comprobatur,
669 3641 765 3705 sicuti
781 3636 1019 3719 praeliminaria
1033 3637 1166 3703 manile·

57 3739 182 3816 stsntur,
195 3741 282 3805 uude
298 3749 428 3805 reulum
444 3750 492 3805 est
506 3742 545 3805 ad
562 3743 661 3806 talum
672 3739 899 3821 capitulorum
913 3739 1162 3803 damnationem.

59 3831 102 3898 Er
114 3838 160 3903 lais
173 3859 250 3906 saue
266 3843 361 3907 valde
375 3853 484 3907 nostru
500 3846 645 3918 interest,
660 3850 694 3906 et
711 3859 809 3924 quam
824 3841 965 3906 maxime
983 3839 1090 3922 vigilii
1106 3840 1162 3904 de·

58 3939 143 4016 curis,
158 3943 299 4022 primum
314 3941 471 4024 originem
493 3944 669 4009 decernere
683 3942 884 4025 quaestionis·
898 3945 938 4006 de
960 3943 1007 4004 liis
1029 3941 1162 4021 Capitu-

57 4031 110 4116 lla3
137 4044 279 4132 secundo
306 4043 436 4125 quaudo
456 4043 659 4108 lustinlauus
683 4043 827 4108 emiserit
848 4043 1015 4106 decretum
1037 4044 1067 4106 in
1090 4043 1162 4106 illo·

59 4153 124 4202 run
148 4145 457 4224 condemnationem,
489 4145 659 4210 universae
689 4141 855 4210 Ecclesiae
879 4143 1163 4218 committendum,

62 4235 317 4326 inmundumque.

170 4342 231 4414 tot.
256 4345 315 4412 lt'.
1024 4343 1043 4411 1
1152 4385 1156 4394 ·
