3066 4950
80 511 182 576 snper
202 493 265 558 hnc
285 506 382 573 opas,
403 490 581 570 instructu
603 496 636 556 et
664 489 854 572 praesertim
876 489 1046 556 anathema
1068 488 1140 554 ideo
1161 492 1193 554 in

78 595 254 676 origenem
274 596 465 660 sancitum
481 591 611 678 synoda
629 591 817 658 dioecesana
838 591 900 656 suh
915 589 1113 672 Ephrasmio
1129 593 1194 672 epi·

78 713 182 778 scopo
203 695 403 760 Antiochino.
431 692 527 772 Quod
551 699 658 756 tumen
688 693 859 756 anaihema
881 710 956 756 cum
974 691 1052 772 jure
1081 691 1113 757 ln
1135 691 1196 756 hu·

74 796 219 879 jusmodi
240 813 370 862 errores
388 795 513 876 jactum
537 794 649 871 tuerit,
684 792 793 876 quoad
814 798 925 858 autem
951 792 1100 874 Origenir
1123 810 1196 873 per·

74 915 204 973 sonam,
225 897 279 960 coi
301 896 536 971 inscribuntur,
559 895 779 960 revocandum
801 905 851 960 est
871 892 990 962 Gelssii
1012 895 1119 976 Papae
1140 895 1195 960 de·

76 1007 206 1062 cretum
230 997 274 1062 De
298 996 508 1066 anathematis
527 995 668 1062 macule.
690 995 763 1062 Noa
783 995 907 1060 erranti
927 1005 1030 1062 aulem
1049 1017 1106 1062 nec
1123 1016 1197 1078 por·

76 1117 122 1164 na
139 1108 240 1178 potest
260 1118 334 1176 esse,
356 1117 436 1181 pune
456 1115 519 1162 anm
540 1096 665 1164 manti
694 1116 760 1162 aon
781 1090 906 1162 deletur
926 1097 1061 1179 inferri:
1082 1117 1196 1180 qnem-

76 1201 253 1266 admodum
276 1203 307 1264 in
327 1201 481 1282 praelatis
502 1200 754 1264 discussionibus
773 1202 882 1282 ample
900 1201 1126 1268 satistecimns.

175 1299 370 1380 Nouissime,
395 1321 436 1366 ea
460 1301 508 1366 luis
538 1301 789 1366 discussionibus
817 1302 904 1368 circa
928 1302 1078 1382 Oripeois
1106 1320 1197 1368 erro·

80 1421 134 1468 res
156 1405 187 1466 ln
212 1401 411 1468 Palaestinae
434 1407 637 1468 monasteriis
661 1405 842 1480 innovatos,
864 1421 903 1466 sc
924 1404 1075 1484 pluribus
1095 1404 1196 1468 inten-

78 1507 121 1568 tis
138 1505 414 1570 testificationibus
436 1505 521 1568 inter
543 1505 718 1570 monochos
738 1505 780 1568 oh
797 1505 943 1568 eamdem
966 1521 1097 1572 csnmm
1118 1523 1197 1572 exa·

80 1607 155 1681 ctis,
176 1614 209 1670 ei
231 1608 419 1686 praesertim
448 1624 533 1688 quae
562 1607 607 1670 ait
638 1605 798 1686 Evagrins
820 1607 995 1672 historiens
1027 1608 1067 1671 ds
1091 1606 1196 1672 Theo·

79 1707 165 1770 doro
185 1705 364 1772 Caesareae
385 1706 583 1769 damnationi
616 1707 783 1772 resistente
810 1724 940 1782 eornm,
962 1708 1019 1788 nui
1036 1708 1115 1789 jore
1135 1725 1196 1790 pro

79 1806 224 1888 Origene
245 1807 443 1889 pugnabant,
466 1808 544 1872 mihi
562 1807 741 1884 rideretur,
759 1807 946 1890 hujusmodi
967 1809 1109 1874 haeresis
1130 1811 1198 1874 ori·

80 1909 215 1990 geomar
229 1917 314 1996 'tuno
336 1909 546 1984 invalescens,
568 1907 607 1970 ad
630 1906 775 1972 eamdem
803 1909 1019 1974 conditionem
1042 1927 1197 1974 rerocsn·

80 2010 145 2090 da;
167 2009 198 2072 in
218 2028 283 2090 qna
304 2029 321 2070 a
344 2008 517 2090 Theophili
549 2009 752 2072 alexandrini
774 2018 881 2076 aetate
901 2011 1089 2088 statuimus,
1110 2011 1197 2076 scili·

79 2119 134 2176 cct
155 2111 194 2174 ad
216 2112 449 2174 calumniosam
480 2111 753 2176 insimulationem
774 2111 932 2178 adversus
953 2131 1021 2189 eos,
1042 2114 1099 2194 qui
1121 2112 1196 2176 Ori·

82 2231 198 2296 genem
219 2214 441 2282 orthodoxum
469 2213 685 2278 vindicarunt.
710 2211 889 2280 hlonachos
917 2214 1086 2282 nitrienses
1109 2214 1194 2291 dico,

78 2335 107 2380 s.
128 2313 288 2382 Jmnnem
315 2313 597 2398 chrysostomum,
618 2334 645 2378 s.
667 2313 887 2392 Theotimum,
909 2314 1067 2380 loannem
1089 2316 1203 2384 hiero.

79 2417 325 2502 solymitaauor,
342 2416 521 2496 Bullinum,
544 2417 671 2482 elalius
690 2419 760 2500 pios
783 2417 1007 2496 stanconam
1028 2419 1195 2484 insimula-

82 2521 203 2582 tionem
225 2526 257 2582 et
280 2517 411 2598 quidem
433 2519 577 2600 iniquam
597 2518 682 2601 passi
701 2525 779 2582 sont
797 2527 923 2598 postea,
945 2521 1082 2584 instante
1095 2515 1198 2604 Syno-

85 2621 130 2686 do
152 2619 192 2686 V.
216 2620 383 2701 praelatus
404 2618 598 2686 Theodorus
626 2629 720 2686 antes
742 2623 919 2686 monachus
939 2621 1054 2688 deinde
1073 2623 1196 2702 episco·

81 2741 145 2804 pus
166 2721 344 2788 Caesareae
374 2721 610 2802 Cappadociae,
642 2717 844 2788 Domitianas
865 2741 1062 2809 ancyranus,
1087 2723 1196 2790 Maca·

81 2827 164 2901 rius,
177 2823 353 2901 'Leontina
370 2823 519 2901 Nonous,
538 2823 710 2903 Eusebius,
726 2825 848 2910 aliique
858 2845 870 2905 3
885 2845 1029 2908 unorum
1050 2829 1195 2892 omnium

79 2926 176 2992 tidem
198 2925 416 2992 orthodoxam
437 2926 646 2992 ostendimus.

163 3027 204 3094 lit
220 3028 306 3106 idco,
322 3028 597 3108 quemadmodum
609 3028 651 3092 uh
665 3027 757 3094 obitu
770 3029 875 3096 seculi
901 3027 957 3094 ll'.
970 3029 1194 3111 patefecimus,

80 3139 152 3197 tum
172 3129 321 3212 Oripeols
343 3131 502 3196 haeresim
523 3138 558 3196 et
586 3131 822 3196 monachorum
851 3131 1053 3196 nitriensium
1074 3133 1194 3198 instru-

77 3240 164 3298 ctam
187 3231 286 3298 inisse
304 3247 406 3313 super
426 3231 593 3314 perddiam
615 3239 648 3296 el
668 3231 871 3296 illasionemr
894 3233 937 3296 ita
960 3241 1005 3308 et,
1035 3233 1196 3299 mediante

76 3334 194 3400 secolo
213 3342 320 3411 sexto,
340 3333 403 3398 snb
422 3333 543 3400 eisdem
564 3331 712 3398 infaustis
730 3333 884 3415 auspiciis
906 3340 1095 3398 renovatam
1118 3334 1196 3399 luis·

77 3451 114 3502 se
131 3435 304 3502 tenendum
317 3443 376 3502 est.
394 3435 501 3518 Super
516 3433 686 3516 perfidiam
701 3434 797 3511 insto,
810 3453 851 3500 ex
867 3452 983 3500 eorum
997 3453 1073 3500 sane
1088 3444 1193 3518 parte,
1299 3417 1315 3444 ’

79 3540 152 3618 qui,
175 3538 378 3619 interpolatis
393 3536 542 3620 Origenis
563 3536 669 3615 libris,
685 3537 736 3602 rel
753 3537 858 3631 impiis
877 3536 1006 3618 scriptis
1025 3537 1088 3604 suh
1108 3539 1195 3620 ejus·

79 3638 154 3702 dem
176 3641 306 3704 nomino
327 3639 480 3719 vulgatis,
496 3655 675 3721 pratorum
696 3637 884 3720 dogmatum
906 3640 1096 3720 magistrum
1118 3657 1194 3719 pro·

77 3741 235 3824 palaruot
250 3739 377 3806 lldelem
393 3741 512 3805 sirum.
534 3739 731 3821 ltemsnper
751 3741 935 3806 illusionem
951 3741 1031 3819 dixi,
1054 3761 1095 3808 ex
1117 3743 1191 3807 illo·

79 3861 154 3908 rum
176 3851 282 3923 parto,
297 3844 353 3922 qui
376 3848 548 3923 putarunt,
562 3859 676 3925 reapse
690 3842 864 3924 Origenem
887 3843 1004 3924 impiae
1025 3843 1192 3908 doctrinas

79 3943 180 4010 inisse
201 3952 383 4019 auctorem,
405 3951 439 4008 et
459 3943 516 4024 qni
537 3944 643 4025 ipsam
664 3943 894 4023 deiendebsot,
917 3943 986 4025 pari
1018 3944 1192 4024 impietatis

77 4045 215 4112 erimine
231 4065 317 4112 reos:
329 4063 403 4110 cnm
421 4053 527 4110 tumeo
544 4063 603 4109 nec
613 4045 770 4128 Origenes
783 4047 957 4125 errororil,
970 4065 1030 4112 noo
1044 4048 1100 4128 qni
1115 4065 1192 4112 enm

79 4147 306 4213 orihodoaum
330 4149 550 4226 vindicarunt,
563 4148 752 4228 hujusmodi
773 4149 1051 4224 communicarent
1070 4151 1194 4212 errori·

78 4249 153 4316 hus.
177 4247 274 4328 Quod
294 4249 445 4316 similiter
466 4249 505 4316 de
528 4249 681 4332 praelatis
704 4249 781 4318 siris
802 4235 978 4314 Theodoro
998 4247 1188 4323 Caesareae,
