2982 4934
251 492 263 518 ·.
339 469 377 517 re
391 451 463 517 zelo
475 454 617 532 animati,
640 453 729 518 nnlla
746 465 837 518 mora
852 450 1060 535 prosiliebant
1072 448 1228 515 adsersus
1242 448 1367 514 natae.
1386 445 1427 510 ln-

340 563 391 618 ιιι
412 557 471 620 bns
491 556 591 636 ipltor
610 557 710 620 sectio
741 557 855 620 oborta
877 563 947 620 est:
974 571 1073 634 acque
1094 553 1229 615 invicem
1250 550 1428 615 insecteban

340 666 396 721 tur
406 677 419 737 3
441 663 473 720 et
495 659 615 720 mntnia
636 657 922 722 obtrectationibus
946 655 1192 738 concerpebant,
1214 653 1306 733 qnasi
1327 652 1364 715 ad
1382 653 1429 713 in·

338 760 489 838 pietatem
513 759 691 840 prolapsos.
726 757 789 836 Qui
813 777 891 822 reru
912 777 1009 824 aures
1029 756 1314 822 accommodabant
1343 752 1427 816 Theo

339 860 441 939 pbiio,
464 861 538 924 illos
552 861 741 941 origenistas
762 870 794 924 et
813 863 927 942 impios
943 863 1127 924 nominatim
1151 859 1360 922 traducebant
1378 855 1429 920 irt-

341 967 417 1022 tres.
439 961 504 1023 atti
534 981 576 1025 ex
597 963 726 1040 diverso
757 971 880 1042 partem
903 963 1105 1043 oppositam,
1127 979 1181 1024 eos
1202 960 1365 1034 nimirum,
1384 956 1428 1037 qai

339 1059 509 1143 Theophili
530 1063 736 1126 malesuadae
751 1064 892 1144 opinioni
913 1063 1170 1146 acquiescebant,
1187 1061 1431 1125 dicebantorna·

340 1160 640 1244 thropnanorplritoc‚
661 1165 722 1228 boc
742 1162 865 1244 estqui
888 1163 984 1226 Deam
1004 1160 1292 1227 circumscriberent
1306 1161 1430 1222 ἠιιιιιιιιιι

337 1263 451 1342 [ornan
483 1263 535 1328 Ex
557 1283 623 1330 uuo
645 1265 707 1329 boc
728 1265 816 1328 ionte
837 1283 899 1329 nou
921 1265 1091 1330 mediocris
1112 1264 1264 1330 momenti
1285 1261 1431 1326 condicta·

339 1366 440 1428 tiones
456 1367 630 1430 verborum
653 1375 685 1430 et
699 1369 939 1456 controversiae
961 1368 1125 1432 derivatae
1145 1373 1219 1430 sunt
1228 1383 1240 1445 3
1256 1376 1289 1428 et
1309 1364 1379 1428 hine
1395 1363 1431 1424 in

341 1475 391 1529 ter
411 1468 584 1532 monachos
605 1468 728 1531 bellum
750 1470 903 1548 processit
924 1468 1169 1532 inconciliabile.

419 1587 436 1626 a
451 1565 649 1647 Theophilus
669 1578 792 1644 antero,
810 1578 844 1633 ιιι
859 1568 1018 1632 intellexit
1032 1572 1172 1649 primum
1193 1584 1285 1630 auam
1300 1565 1431 1628 intentio

339 1683 410 1729 nem
433 1687 579 1750 eousque
600 1673 821 1750 promovisse,
848 1671 972 1734 litteras
992 1673 1179 1734 transmittit
1199 1671 1237 1732 ad
1259 1669 1319 1733 ribi
1340 1667 1431 1732 couri-

339 1769 426 1832 cinea
447 1773 626 1850 episcopos,
648 1772 766 1854 quibua
779 1771 875 1853 jubet
896 1787 954 1852 per
974 1792 1029 1835 eos
1044 1772 1199 1851 quosdam
1214 1792 1232 1834 e
1250 1770 1430 1853 primoribus

339 1870 424 1949 exigi
446 1872 465 1932 ι’
492 1881 600 1936 monto
621 1883 653 1936 et
674 1873 818 1937 interiori
841 1891 963 1949 eremo,
985 1891 1052 1949 eos,
1069 1876 1124 1954 qni
1146 1881 1318 1953 praeerant
1338 1887 1431 1935 moue

340 1967 420 2043 clais,
438 1971 536 2052 idque
557 1974 673 2037 indicta
688 1992 796 2038 cansa.
820 1971 945 2038 Horum
962 1974 1092 2055 qnidam
1110 1993 1170 2038 una
1186 1991 1260 2038 cunt
1283 1973 1430 2056 presbyte

338 2072 384 2133 ris
404 2073 540 2151 proiecti
556 2075 807 2153 Alexandriam,
830 2077 986 2155 rogabant
1007 2073 1236 2155 Theophilum,
1257 2091 1384 2138 caueam
1403 2079 1431 2134 nt

337 2174 547 2252 exprimeret,
569 2177 663 2257 cnjus
678 2179 779 2256 gratia
802 2170 886 2258 ipsos
905 2194 963 2240 sua
986 2177 1166 2242 eliminaret
1185 2177 1367 2240 solitudine.
1383 2171 1429 2234 llle

338 2291 418 2338 vero
432 2277 536 2341 oculis
555 2281 708 2358 sanguine
723 2280 935 2360 interspersis,
953 2280 982 2342 in
998 2279 1071 2343 illos
1092 2279 1233 2360 pressius
1253 2277 1365 2340 defixis
1379 2284 1430 2338 tor·

338 2390 415 2440 rnna
437 2380 651 2459 respectabat,
675 2399 902 2462 nonnunquam
924 2383 1054 2462 quidem
1075 2380 1244 2455 livescens,
1269 2375 1427 2458 aliqnando

339 2487 448 2542 autem
470 2480 645 2561 psalladus,
663 2483 821 2545 interdurn
839 2501 917 2546 rero
938 2483 1141 2546 amarulente
1162 2481 1231 2544 nau
1250 2479 1430 2544 subsannans

339 2599 398 2663 per
413 2582 614 2648 immodicam
630 2587 721 2648 iram.
744 2584 837 2649 Collo
853 2585 1024 2660 hermonii,
1042 2584 1167 2664 virique
1182 2583 1296 2662 utique
1313 2582 1370 2646 sibi
1388 2598 1429 2644 ce

340 2687 476 2761 aetnaei,
499 2687 635 2750 involvit
657 2688 797 2752 medinm
819 2688 921 2768 pallii,
945 2678 1012 2750 sire
1031 2686 1173 2750 extimae
1196 2685 1292 2748 restis
1312 2686 1429 2748 suismet

340 2787 498 2863 manibus,
516 2797 548 2852 at
568 2789 599 2851 iu
614 2789 684 2871 eina
705 2789 854 2852 maxillas
875 2790 1007 2852 incussis
1027 2789 1140 2869 plagia,
1161 2795 1194 2852 et
1212 2787 1382 2851 contractis
1393 2785 1429 2846 di·

338 2887 410 2968 gitis
430 2889 631 2970 subegitabat
662 2875 775 2954 manns
797 2889 977 2966 tlmmouii,
1009 2889 1227 2969 obstreperam
1250 2888 1332 2950 banc
1351 2887 1430 2950 ιιιιι

341 3007 473 3056 vocem:
495 2991 665 3069 boncticc,
699 2991 793 3076 serite
825 2989 990 3072 Oripcncm
1010 2992 1212 3055 onothernota.
1235 2988 1276 3054 Et
1299 2992 1356 3054 boc
1375 2987 1432 3069 qni·

341 3091 413 3154 dem
429 3102 562 3173 propter
583 3093 699 3158 iratres
710 3113 722 3174 ;
744 3093 824 3157 illud
848 3101 956 3156 antem
971 3091 1046 3158 odio
1072 3090 1196 3170 isidori,
1212 3091 1267 3172 qul
1289 3093 1321 3154 ln
1341 3088 1429 3155 liltria

341 3201 433 3269 crat,
457 3195 617 3276 hospitum
646 3202 679 3258 et
699 3196 945 3275 peregrinorum
974 3204 1140 3275 exceptor.
1165 3192 1211 3258 dd
1240 3195 1328 3257 hunc
1348 3192 1430 3271 igitur

340 3294 472 3360 modum
492 3296 739 3376 sanguinolenti,
762 3314 820 3360 uec
841 3295 911 3359 ullo
932 3312 1084 3374 responso
1098 3294 1182 3374 digni
1197 3293 1309 3370 babiti,
1326 3295 1355 3355 ln
1368 3305 1429 3356 antt

339 3393 482 3477 quisque
497 3397 676 3458 mansiones
697 3398 838 3470 reversi,
859 3397 917 3459 ribi
940 3395 1123 3476 propositae
1143 3395 1361 3459 exercitationi
1376 3409 1431 3454 me

340 3498 480 3562 nauticae
501 3497 747 3578 acquiescebant
767 3497 883 3571 haina,
905 3497 1068 3578 disciplina
1091 3495 1332 3578 scripturarum
1349 3508 1429 3558 anun

341 3607 536 3679 exacuentes
566 3600 726 3679 ingenium
749 3601 913 3681 (quarum
944 3599 1149 3664 meditatione
1177 3596 1212 3660 dt
1235 3598 1322 3660 baud
1346 3609 1429 3678 parta
1481 3635 1482 3638 =

341 3701 482 3765 accessio
501 3699 638 3778 salutis)
668 3701 708 3765 de
731 3700 879 3782 Episcopi
902 3703 1027 3766 vesania
1050 3700 1154 3764 minas
1174 3698 1330 3774 solliciti,
1349 3691 1428 3760 mode

342 3801 461 3866 nasibi
484 3802 558 3864 mali
579 3802 680 3867 ulllna
701 3804 820 3867 conscii
840 3812 953 3866 essent.
1481 3799 1482 3888 ]

422 3902 617 3969 «Adversus
631 3905 689 3975 hos
703 3923 765 3970 non
780 3905 1007 3986 conquiescens
1027 3902 1241 3984 Theophilus,
1261 3917 1371 3967 rurant
1386 3895 1428 3959 it·
1481 3891 1482 3978 i

341 4003 438 4069 atinat
458 4022 476 4067 e
499 4005 607 4070 ricinis
627 4005 707 4070 locls
724 4005 911 4087 episcopua3
933 4013 965 4070 at
985 4013 1097 4094 contra
1119 4007 1291 4070 monachos
1311 4001 1427 4066 adorati
1481 4011 1482 4086 J

339 4113 373 4169 et
391 4106 477 4186 cogit
497 4107 691 4187 concilium,
707 4107 772 4171 illis
792 4108 923 4188 quidem
945 4107 1074 4171 minime
1091 4108 1268 4185 accerdtia,
1284 4113 1384 4186 utpre
1400 4111 1427 4160 tt
1481 4095 1482 4174 ἶ

341 4206 572 4289 responderent
592 4218 625 4274 et
644 4215 885 4290 expurgarent,
901 4225 960 4274 uec
982 4208 1050 4273 ulla
1073 4209 1196 4274 rationo
1218 4207 1351 4284 reddite,
1370 4197 1425 4267 cti·
1481 4199 1482 4202 ’
