2982 4934
326 361 386 432 tal
412 440 486 510 Pon
507 443 586 508 hm
600 442 706 524 quoad
728 439 942 525 Theophilum
958 446 1057 530 hujus
1080 444 1241 528 Epistolae
1256 457 1430 526 auctorem,
1484 401 1485 420 ἢ

331 561 371 608 ac
391 547 490 624 ipsius
510 563 610 627 praru
631 545 785 621 eousilia,
817 547 1016 633 hypocritiea
1038 550 1155 626 pictate
1177 549 1279 614 relata
1312 551 1351 614 ad
1372 553 1434 614 aui·

332 665 460 710 morum
481 645 672 728 simplicium
694 647 899 726 captionem,
932 651 1203 729 quemadmodum
1226 650 1339 714 ibidem
1361 651 1436 732 legi·

333 756 401 826 tur,
425 757 515 812 antea
537 767 562 810 a.
585 747 771 830 Hieronymi
794 751 995 831 compellabo
1016 751 1226 832 suffragium
1248 754 1303 833 qui
1324 753 1437 816 adrer-

332 867 387 913 sus
407 848 561 914 loannem
584 849 912 934 Hierosolymilanutn
933 853 1096 926 scribens,
1119 853 1247 934 ajebat:
1270 851 1372 916 «Scio
1392 873 1437 914 aaa

329 949 423 1014 aliter
435 950 542 1014 bahem
562 952 730 1032 apostolas,
743 952 838 1016 aliter
858 953 997 1034 reliquae
1009 963 1210 1028 tractatuum
1230 955 1304 1018 illos
1322 974 1438 1036 semper
1486 967 1487 980 ¹

331 1067 406 1114 caro
418 1049 530 1127 dicare,
545 1049 620 1114 istos
635 1052 671 1116 in
683 1049 868 1133 quibusdum
880 1064 917 1120 ut
928 1053 1067 1118 homines
1077 1073 1192 1120 errare.
1204 1077 1222 1116 a
1234 1055 1360 1132 Quibus
1370 1074 1439 1118 rer·

334 1152 381 1218 bis
401 1153 503 1217 altera
522 1153 656 1234 praelati
679 1152 847 1236 Theophili
868 1159 1022 1220 sententia
1042 1157 1132 1230 mibi,
1145 1155 1185 1219 ad
1207 1157 1354 1222 eumdem
1370 1177 1439 1220 sco·

334 1272 410 1336 pum
432 1265 519 1334 apta,
542 1257 756 1322 connectenda
773 1259 870 1321 veuita
890 1275 987 1338 quam
1010 1259 1036 1322 is
1058 1260 1087 1322 in
1104 1259 1247 1326 Concilio
1268 1261 1440 1323 coustanti-

333 1356 521 1436 nopolitano
543 1374 626 1420 anne
645 1352 716 1424 ael.
737 1358 902 1422 decrevit:
927 1381 944 1420 o
966 1359 1121 1442 Aduersus
1142 1374 1216 1434 eos,
1236 1359 1293 1442 qui
1311 1379 1443 1424 wassa-
1487 1373 1488 1390 ¹

333 1467 410 1520 runt
429 1455 499 1538 ficri
518 1475 583 1522 non
599 1466 722 1539 polest,
751 1468 785 1524 tit
804 1457 1035 1541 indipnota'onia
1056 1461 1177 1526 sanctio
1196 1463 1319 1542 [octar
1327 1482 1343 1536 ,·
1365 1483 1443 1544 qao·

331 1556 420 1622 nium
429 1569 602 1639 praesentes
622 1577 685 1622 noo
702 1561 834 1640 sucrum
854 1561 1063 1629 condamnati.
1084 1563 1253 1628 Praeterea
1275 1564 1337 1626 buc
1358 1581 1442 1644 quo·

333 1677 398 1740 que
419 1660 597 1724 reuocanda
620 1670 668 1724 eal
689 1665 860 1742 praemissa
881 1664 1041 1728 distinctio
1062 1667 1307 1744 origenistarum
1328 1667 1442 1728 ortho-

334 1762 496 1826 doxorum
523 1767 564 1829 ab
586 1767 790 1832 heterodoxis
822 1765 950 1846 (quiris
972 1765 1021 1828 isti
1044 1765 1182 1842 luerint)
1214 1774 1249 1828 ul
1280 1767 1441 1828 nemiuem

251 1935 254 1940 ¹
333 1863 444 1941 lateat,
462 1885 512 1932 me
527 1887 656 1934 causam
677 1876 903 1949 suscepturum
921 1865 1033 1932 isidori
1055 1884 1093 1930 ac
1107 1867 1246 1930 aliorum
1269 1867 1441 1930 monacho·

335 1983 420 2043 rum,
443 1969 497 2047 qui
518 1988 536 2031 a
558 1967 737 2048 Theophila
758 1967 896 2032 damuati
919 1977 951 2030 et
968 1986 985 2030 a
1001 1965 1124 2030 Nitriae
1146 1967 1342 2032 monasteriis
1366 1987 1440 2048 pro·

334 2061 432 2144 bigati
454 2065 760 2149 Constantinopolim
782 2070 820 2131 ad
841 2088 866 2130 s.
889 2069 1074 2145 episcopum
1102 2063 1257 2130 loannem
1285 2066 1439 2146 conluge-

333 2176 418 2241 raut,
440 2186 502 2230 non
525 2179 687 2250 tamquam
710 2172 877 2234 haereseos
899 2169 1090 2244 lautorum,
1122 2169 1216 2249 cujus
1236 2178 1352 2232 auctor
1376 2169 1441 2231 iru-

333 2277 399 2332 stra
422 2270 571 2350 culpatus
592 2281 661 2334 aral
682 2271 848 2351 Origenes,
868 2271 922 2334 sed
945 2288 1004 2332 cen
1027 2271 1182 2347 dogmatis
1204 2268 1352 2332 catholici
1377 2271 1439 2348 pio·
1489 2267 1490 2280 ¹

336 2387 407 2434 rum
430 2370 645 2435 adsertorum.
669 2370 733 2448 Qui
755 2372 827 2436 ideo
850 2380 1027 2436 renuerunt
1047 2370 1239 2433 anathemati
1261 2369 1439 2432 subscribe·

334 2487 371 2532 rc
391 2468 537 2549 Origenie
558 2471 722 2552 ciusdem,
744 2471 860 2536 conscii
882 2471 957 2534 salis
979 2471 1081 2548 ipsum
1104 2471 1135 2532 in
1156 2471 1222 2534 sula
1242 2469 1332 2534 libris
1353 2479 1439 2534 recta

334 2577 366 2634 et
387 2572 568 2637 orthodoxa
589 2573 761 2651 docuisee3
785 2572 983 2653 proindeque
1003 2571 1093 2636 nulla
1115 2572 1284 2634 haereseos
1306 2588 1364 2634 uec
1386 2572 1439 2633 im

333 2673 458 2753 pietatis
480 2683 552 2738 uota
574 2692 642 2738 esse
665 2673 897 2738 mulctandam.

418 2772 552 2854 lnsuper
574 2773 658 2837 baud
689 2782 738 2839 cal
769 2771 1001 2854 ignorandum,
1033 2768 1248 2852 Theophilum
1269 2769 1437 2834 autistileu

337 2871 565 2951 Alexandriae,
588 2877 727 2956 primum
750 2875 860 2940 baberi
882 2893 919 2939 ac
940 2875 1113 2955 principem
1135 2891 1267 2948 eorum,
1288 2874 1343 2952 qui
1368 2879 1438 2934 lunc

337 2975 493 3038 adversus
508 2977 679 3056 origenem
694 2995 783 3040 arma
798 2976 959 3054 suscepit3
975 2976 1031 3056 qui
1047 2992 1146 3055 super
1161 2973 1436 3051 nonnullosque

337 3083 425 3137 aetas
446 3077 638 3154 praecedens
667 3084 835 3140 notaverat
864 3073 1011 3154 Origeuis
1033 3075 1160 3149 hostes,
1181 3082 1296 3154 aperto
1317 3081 1434 3142 marte,

338 3181 406 3238 toto
419 3177 537 3250 auimo,
561 3177 698 3257 lotisque
715 3177 836 3238 viribus
857 3177 887 3236 in
909 3173 996 3238 illius
1013 3175 1125 3238 institit
1144 3193 1181 3238 ac
1201 3192 1336 3238 snorum
1355 3169 1436 3252 Ope·

337 3292 410 3338 rum
426 3273 658 3340 damnationem
681 3277 789 3339 tamin
808 3273 967 3359 Aegypto,
984 3282 1047 3338 ianr
1063 3276 1094 3338 iu
1112 3273 1301 3350 Palaestina,
1325 3283 1384 3336 tam
1406 3271 1433 3332 iu

338 3373 485 3452 Graecia,
510 3382 573 3440 tam
588 3378 619 3440 in
641 3377 745 3450 ltalia,
764 3375 822 3439 sihi
837 3392 933 3455 quam
955 3375 1093 3438 maxime
1109 3376 1192 3438 inter
1212 3382 1336 3438 ceteros
1348 3371 1434 3450 adju·

340 3477 483 3539 rantibus
503 3471 701 3562 Hieronymo
722 3484 754 3540 cl
775 3473 976 3555 Epiphanio:
1009 3476 1065 3554 qui
1086 3475 1195 3552 nescii,
1219 3475 1372 3553 innitique
1391 3471 1433 3533 iu·

338 3585 516 3640 strumenta
539 3578 614 3642 iacti
635 3587 709 3642 snut
730 3579 761 3640 iu
781 3593 877 3638 mauu
899 3573 1070 3656 Theophili
1092 3576 1131 3637 ad
1144 3574 1291 3654 Origeuia
1312 3591 1347 3636 ac
1366 3585 1431 3634 saa·

339 3687 465 3740 ctorem
488 3679 634 3742 virorum
656 3678 941 3742 conculcationem.
967 3675 1006 3738 Et
1027 3676 1173 3754 quamvis
1193 3683 1267 3738 anie
1288 3671 1362 3736 iilud
1383 3685 1429 3730 ae·

341 3797 415 3842 tum
439 3780 545 3844 sobrie
565 3801 598 3844 se
620 3781 765 3860 gessisset
791 3779 821 3840 iu
843 3778 931 3842 illius
953 3775 1116 3840 Ecclesiae
1145 3775 1310 3854 regimine,
1330 3791 1365 3836 ac
1383 3787 1431 3830 ze·

329 3881 370 3952 ‚io
388 3901 446 3960 pro
461 3879 577 3944 Christi
600 3882 725 3944 nomine
741 3883 770 3942 iu
786 3879 973 3942 idololatras
994 3877 1173 3942 dimicarit:
1197 3861 1391 3942 nihilomiuus
1401 3868 1427 3928 si

338 3982 436 4060 ipsius
451 3991 535 4061 gesta
559 3981 598 4045 ab
612 3982 710 4063 hujus
727 3982 921 4061 quaestionis
936 3980 1025 4044 initio
1045 3978 1224 4042 aderitum
1249 3995 1346 4057 usque
1357 3987 1426 4034 cou-

336 4080 478 4144 siderare
500 4083 648 4157 velimus,
670 4081 712 4146 ob
732 4083 874 4161 privatas
894 4079 1093 4156 simultates,
1116 4099 1155 4144 ae
1175 4080 1298 4148 dissitas
1315 4075 1351 4139 ab
1370 4073 1425 4134 bac

335 4183 521 4264 quaestione
548 4185 800 4248 circumstantias
821 4183 926 4262 potius
956 4199 1054 4264 quam
1075 4200 1115 4247 ex
1137 4183 1258 4264 integra
1280 4173 1425 4246 cauteiae·
