2982 4934
322 459 378 522 dui
398 462 431 523 et
451 454 598 538 Oriponla
619 455 755 539 injuria,
783 454 1048 537 eomprehenditz
1075 468 1217 534 qnorum
1238 449 1415 516 additamen-

321 565 430 622 torum
451 573 562 621 sensus
584 573 699 620 resera
718 549 809 634 fidam
829 552 1031 634 apostolicum
1051 547 1260 618 dissolvebant
1278 561 1306 614 ct
1324 549 1416 614 Bacla-

321 655 402 742 n’cm
423 657 634 720 maculabunt.
657 654 811 737 Quasque
832 650 1009 718 additiones
1030 654 1061 717 in
1082 654 1204 734 graecis
1217 653 1417 733 origenism-

320 759 444 824 dicibus
465 759 504 821 ad
527 775 639 821 manus
656 756 780 821 'habitis
802 774 864 820 non
893 757 1017 839 legerat
1037 756 1184 822 llullinns
1196 776 1208 834 3
1231 771 1290 818 neo
1309 755 1415 818 idcirco

319 875 380 941 per
398 878 433 923 se
454 877 558 939 neque
580 859 612 920 in
632 855 773 938 Origene
794 857 947 938 probare,
969 866 1026 922 ant
1047 858 1224 938 reprobare
1244 857 1355 937 potnit.

399 958 514 1037 Quoad
537 968 645 1023 autem
671 957 830 1022 Pontificio
851 959 891 1022 dc
907 959 1037 1024 lluffino
1054 960 1215 1040 judicium
1236 960 1268 1022 in
1288 959 1344 1021 bac
1361 957 1418 1036 epi·

320 1061 402 1123 stola
425 1061 599 1136 omissum,
624 1060 708 1122 undo
731 1059 861 1136 quidam
883 1060 1030 1123 arbitrati
1050 1069 1147 1132 sunt,
1169 1060 1324 1124 adversus
1344 1059 1418 1121 bunc

319 1160 504 1225 absolutum
519 1178 577 1223 neo
593 1159 835 1245 hypotheticum
852 1161 1022 1224 anatbstna
1036 1159 1215 1224 decrevisse
1229 1158 1417 1222 Anastasiunt

318 1260 360 1324 ob
382 1261 463 1325 bunc
485 1259 680 1322 Perinrcbon
703 1259 943 1322 translationum
976 1258 1082 1340 (qnod
1104 1259 1246 1323 alterum
1267 1258 1417 1322 comtituit

321 1361 501 1425 calumniae
523 1379 622 1440 genus
645 1359 772 1424 llulltno
794 1359 942 1437 inllictne)
964 1361 1208 1444 hypotheticum
1230 1359 1311 1424 illud
1333 1359 1418 1420 luisse

321 1461 373 1524 rol
393 1461 510 1524 leviter
529 1471 704 1526 erueretur
717 1465 757 1525 ab
779 1463 878 1542 ipsius
894 1462 1055 1526 Pontinus
1074 1464 1177 1537 dictis,
1194 1463 1252 1525 nisi
1274 1461 1417 1542 quaedam

322 1561 400 1626 hnic
420 1562 574 1642 epistolae
595 1564 829 1644 subrepsissent
849 1564 1019 1627 varietates
1029 1584 1041 1642 3
1063 1564 1181 1644 quibus
1199 1564 1286 1625 risus
1305 1569 1349 1624 cst
1370 1561 1417 1622 l’a·

319 1678 359 1744 pa
375 1663 522 1748 absolute
537 1664 702 1728 damnasse
720 1663 894 1728 Bullinum.
908 1663 1079 1748 Attamen,
1091 1665 1139 1728 bis
1153 1681 1217 1726 non
1230 1661 1417 1726 obstantibus

321 1766 531 1829 varietatibus
552 1766 583 1828 in
604 1765 769 1830 codicibus
792 1767 842 1830 vel
865 1765 1079 1843 editionibus,
1109 1767 1151 1828 ab
1171 1767 1233 1830 boc
1255 1764 1358 1842 Papae
1377 1779 1417 1824 re

317 1882 434 1946 sponso
455 1865 584 1928 excludi
608 1873 695 1943 patet
714 1865 896 1929 absolutam
918 1866 1154 1928 damnationem
1165 1885 1176 1944 3
1191 1865 1378 1946 praesertim
1395 1859 1416 1923 ai

319 1966 543 2030 consideretur
556 1967 643 2046 quod
659 1968 690 2028 in
706 1984 735 2028 n.
749 1965 781 2030 2.
797 1967 938 2046 iegitur:
956 1987 972 2026 ιι
989 1965 1148 2041 Rudinus,
1161 1966 1220 2041 ait,
1237 1965 1277 2028 de
1291 1983 1356 2044 quo
1375 1979 1416 2024 ne

319 2067 490 2130 consulere
504 2066 654 2146 dignatus
675 2085 721 2143 es,
744 2069 956 2132 conscientiae
972 2085 1050 2132 suae
1071 2067 1210 2130 divinam
1232 2067 1330 2129 babet
1346 2063 1435 2126 arbi·-

318 2174 401 2230 tram
425 2166 645 2247 majestatum:
677 2167 761 2245 apud
784 2185 882 2246 quam
903 2187 937 2231 se
957 2170 1083 2248 integro
1104 2167 1282 2231 dovotionis
1315 2165 1416 2238 olbcio,

318 2268 386 2347 ipse
407 2267 533 2342 viderit,
556 2266 699 2346 qualiter
718 2267 834 2329 debeat
855 2269 1046 2348 approbare.
1071 2287 1088 2326 u
1113 2267 1180 2332 Nec
1201 2267 1299 2330 aliter
1319 2271 1417 2347 putans

317 2368 529 2441 Anastasius,
552 2369 651 2447 paulo
673 2374 745 2447 pust
766 2375 977 2432 consentaneo
998 2367 1128 2432 subdit:
1148 2366 1212 2433 cSi
1237 2385 1316 2432 vcro
1336 2369 1417 2428 inter·

317 2483 391 2548 pres
407 2475 570 2531 tantorum
591 2469 752 2532 malorum
775 2489 964 2534 consensum
981 2476 1132 2548 praestat,
1153 2475 1185 2532 ct
1203 2467 1341 2548 legenda
1358 2483 1418 2546 pro

318 2566 366 2630 dit
386 2568 417 2628 in
438 2567 589 2648 populos,
613 2568 691 2631 nibil
711 2569 799 2632 aliud
822 2579 884 2633 otc.
911 2591 928 2628 ιι
953 2569 1014 2635 Ubi
1036 2571 1158 2650 pariter
1177 2577 1304 2632 constat
1324 2583 1415 2631 sermo

316 2668 557 2749 hypotheticus.
581 2667 707 2746 Quibus
729 2672 923 2749 praemissis,
946 2671 1157 2750 consequitur
1184 2669 1299 2734 illusos
1321 2669 1415 2737 luisse,

316 2767 425 2847 quiin
447 2785 478 2830 n.
499 2765 529 2833 6.
552 2768 675 2848 abjecta
698 2769 860 2847 particula
882 2769 1088 2833 conditionali
1116 2767 1157 2844 si,
1172 2771 1326 2850 legerunt
1345 2764 1415 2848 pand

316 2883 464 2929 erroneos
483 2887 499 2926 c
516 2865 642 2947 ltaque,
657 2868 715 2942 ait,
732 2869 834 2932 lrator
848 2869 1024 2944 carissime,
1041 2870 1126 2932 omni
1142 2871 1327 2949 suspicione
1340 2883 1416 2946 sepu-

317 2965 392 3042 aita,
416 2965 581 3030 Bullinum
603 2968 743 3048 propria
757 2977 862 3032 mente
885 2970 1057 3049 perpendo,
1080 2972 1105 3032 si
1121 2969 1131 3046 (
1142 2985 1205 3031 non
1224 2971 1336 3051 quod)
1355 2965 1415 3030 Ori·

320 3067 407 3146 genis
429 3067 511 3131 dicta
534 3069 566 3130 in
587 3067 722 3130 latinum
746 3071 921 3144 transtulit,
944 3088 982 3132 ac
1004 3069 1168 3150 probavit,
1190 3088 1250 3133 nec
1271 3067 1416 3134 dissimilis

317 3182 337 3229 a
358 3182 415 3231 reu
436 3175 495 3243 est,
518 3167 574 3248 qui
596 3168 707 3234 alicnis
730 3170 814 3233 vitiis
836 3177 978 3249 praestat
999 3186 1240 3233 assensum...
1260 3167 1415 3249 .lpsoda·

316 3266 415 3348 nique
438 3268 572 3345 viderit,
598 3269 655 3332 ubi
676 3271 774 3348 possit
795 3269 1042 3336 absolvissem
1064 3269 1193 3334 lectioni
1214 3270 1281 3334 duo
1304 3271 1414 3335 codices

316 3366 538 3446 suffragantur
551 3386 657 3449 nuper
677 3370 765 3434 citati
780 3389 832 3432 nn.
847 3365 919 3437 360.
941 3377 973 3434 et
987 3366 1067 3440 asts
1091 3381 1123 3437 et
1137 3389 1235 3452 quam
1250 3370 1414 3436 Vallarsiua

316 3478 489 3533 accuratus
511 3469 618 3532 editor
637 3472 760 3550 accepit
781 3469 1006 3551 probavitque.

269 3629 273 3634 .
395 3566 447 3631 Ex
469 3569 529 3632 hac
550 3587 650 3649 porro
669 3569 817 3634 lectionis
833 3572 999 3649 varietate,
1022 3574 1116 3637 sicuti
1138 3591 1180 3636 ex
1202 3573 1274 3636 aliis
1289 3575 1412 3654 ejusne

178 3727 182 3738 ,
316 3663 348 3728 di
371 3666 472 3730 relate
493 3667 532 3730 ad
557 3667 721 3732 lluffinum
747 3667 978 3749 interpretem,
1002 3679 1034 3734 et
1058 3671 1098 3734 ad
1126 3671 1299 3752 Origoncm
1321 3679 1413 3734 auctu·

313 3783 396 3843 rem,
419 3784 482 3831 uon
503 3767 582 3830 latet
601 3763 736 3832 illorum
756 3771 912 3842 studium,
929 3790 1071 3852 quocum
1092 3773 1316 3849 elaborarunt,
1335 3781 1368 3835 ιιι
1386 3785 1413 3830 n·

315 3879 433 3948 terque
447 3877 539 3934 extra
555 3868 731 3934 Ecclesiam
746 3871 849 3936 lieret.
872 3872 1056 3949 Quinimmo
1071 3874 1111 3938 de
1131 3875 1193 3938 boc
1213 3876 1333 3953 posteri
1354 3887 1411 3951 per·

315 3970 416 4046 suasi,
432 3977 468 4035 ut
489 3971 588 4050 magis
603 3970 815 4036 invalesceret
835 3973 1059 4036 damnatorum
1082 3973 1177 4053 culpa
1199 3981 1231 4036 et
1245 3975 1409 4042 anathema,

315 4070 379 4133 alid
402 4070 442 4136 de
462 4089 522 4136 sno
536 4089 669 4154 qnoque
683 4073 874 4137 addiderunt
889 4076 1004 4138 citatae
1015 4066 1182 4137 'anastasii
1203 4075 1354 4154 epistolae
1367 4088 1409 4150 pe·

314 4169 401 4238 attus
423 4177 610 4240 acoutoatu
625 4179 689 4242 ota
705 4181 808 4240 mento
823 4177 922 4258 ipsius
939 4173 1099 4242 Pontificio
1114 4175 1230 4240 alieno.
1247 4173 1338 4252 Quae
1354 4167 1410 4252 qui·
