3028 4942
135 491 356 560 Verumtamen
376 495 461 560 circa
487 496 568 560 hane
589 495 708 560 Ruihni
729 495 982 561 emendationem
1006 496 1038 558 iu
1067 495 1154 559 eodi-

64 595 144 660 cibns
156 597 275 677 graecis
286 593 478 662 Periurcboo
492 597 713 677 (quibusdam,
729 605 766 662 ut
780 600 837 674 ait,
854 597 996 674 mutatis)
1011 598 1078 662 sive
1099 615 1155 660 re·

64 698 287 762 rihaberentnr
305 715 446 774 errores,
460 705 518 762 aut
531 701 773 764 amanuensium
793 699 939 763 incuriae
959 705 1017 762 ant
1042 698 1155 762 dictio·

65 817 111 862 nes
129 799 315 880 ambiguae,
338 799 387 864 nti
407 797 522 879 conjici
546 798 623 862 licet
642 818 683 863 ex
713 799 813 880 ipsine
837 815 1006 873 sermone,
1033 807 1154 877 quanto

64 899 127 980 jnre
146 901 221 964 baec
242 901 444 980 providisset,
466 910 503 964 nt
524 903 647 981 integra
667 901 815 980 Origeuis
835 901 875 964 de
896 898 1051 962 Trinitnte
1075 898 1153 962 tides

66 1007 184 1078 pateret,
207 1001 297 1064 nobis
316 1002 421 1066 adstet
442 1002 528 1064 testis
547 1002 675 1081 saepius
696 1010 894 1066 memoratus
911 1021 938 1063 s.
953 999 1150 1078 Pamphilus.

67 1098 90 1162 ls
107 1102 181 1164 enim
202 1102 379 1167 calumnias
400 1102 612 1181 dissipaturus
633 1111 743 1167 contra
768 1102 953 1183 Origenem,
969 1102 1061 1182 quasi
1088 1118 1155 1164 ma·

68 1199 93 1262 le
109 1201 248 1266 sensismt
267 1201 308 1266 de
328 1202 435 1266 divina
456 1200 631 1277 Trinitate‚
653 1203 748 1266 sicuti
769 1205 802 1265 in
822 1203 949 1278 ceteris,
970 1203 1010 1266 do
1034 1202 1153 1282 quibus

66 1309 168 1380 pmice,
188 1321 354 1383 nunqnam
375 1323 410 1368 se
430 1306 463 1366 in
482 1303 595 1368 eodem
614 1303 744 1383 Opere,
765 1321 824 1367 sen
850 1305 956 1384 potius
984 1305 1016 1366 in
1037 1301 1154 1365 codici·

67 1401 113 1464 bns
129 1407 268 1482 graecis,
291 1405 426 1469 tornes
446 1407 545 1486 ipsius
565 1404 690 1469 calnmo
709 1405 857 1484 origenis
876 1405 1031 1480 exaratis,
1058 1401 1153 1482 quid·

67 1521 144 1584 quem
156 1515 302 1571 erratum
317 1507 473 1587 reperisse
486 1506 686 1588 significarim
698 1525 756 1570 uec
768 1507 898 1570 lolsntos
912 1506 1039 1570 eosdem
1054 1505 1152 1568 luisse

70 1604 223 1685 dubitarit,
247 1627 354 1688 nenne
372 1609 552 1688 suspicatus
574 1617 632 1672 ost.
655 1609 715 1673 Sed
737 1609 827 1672 uliud
856 1607 919 1671 init
941 1627 967 1670 s.
997 1606 1153 1690 Martyris

72 1705 197 1784 studium,
215 1710 364 1772 molentis
376 1709 449 1772 inde
462 1709 625 1772 infamiam
646 1708 819 1772 sustollere
836 1715 912 1772 tunc
925 1709 958 1771 in
974 1709 1093 1771 mundo
1107 1709 1154 1771 in·

72 1807 258 1874 relucentem
280 1813 348 1874 sive
369 1829 427 1891 per
445 1829 639 1885 sermonem,
660 1831 719 1875 sen
741 1829 800 1890 per
819 1811 959 1886 libellos,
981 1813 1074 1890 quasi
1095 1813 1154 1873 im·

69 1907 107 1986 pia
123 1909 247 1976 locutus
274 1911 386 1978 inisset
404 1912 582 1994 Origenes,
604 1913 652 1976 his
673 1913 745 1976 ideo
767 1918 799 1974 et
819 1912 882 1974 illis
914 1911 1006 1973 vario
1037 1927 1155 1989 genere

69 2009 185 2090 vulgatis
205 2015 386 2078 erroribus.
408 2015 437 2077 Α
456 2015 575 2094 quibos
592 2015 667 2078 totis
681 2013 804 2076 viribus
822 2013 990 2075 ostendens
1007 2011 1155 2093 Pamphi·

66 2107 107 2172 lus
123 2113 326 2179 abhorruisse
347 2115 532 2196 origenem,
554 2116 613 2180 sibi
634 2113 808 2178 admodum
829 2113 1078 2193 suffragantibus
1101 2131 1155 2192 ge·

67 2212 153 2276 nninis
172 2214 328 2280 ductoris
348 2217 461 2292 libris,
483 2233 565 2298 quos
586 2216 717 2296 propria
743 2231 841 2277 mann
868 2214 1014 2278 devolvit
1038 2211 1154 2277 sedulo

67 2314 240 2394 meditatus,
264 2335 329 2381 nou
349 2319 431 2382 adeo
450 2318 650 2391 elaboravit,
673 2323 711 2382 ut
737 2333 866 2380 errores
898 2322 1074 2395 argueret,
1095 2331 1155 2377 sen

66 2419 241 2495 emendaret,
269 2439 353 2501 qnos
373 2420 552 2484 admisisset
564 2419 786 2492 Adamantius,
802 2427 860 2482 aut
874 2417 995 2480 furtive
1009 2417 1155 2498 ejusdem

66 2513 181 2582 insertos
203 2520 310 2584 libris.
340 2519 401 2585 Sed
423 2519 502 2583 nibil
526 2519 683 2601 ejusmodi
711 2520 851 2582 indicens
873 2517 1083 2600 Pamphilus,
1105 2534 1158 2580 so·

65 2612 211 2684 lnnmodo
223 2621 364 2696 studuit,
379 2621 594 2701 ignominiosis
610 2621 897 2684 obtrectationibus
911 2619 1097 2693 confutatis,
1107 2620 1155 2680 in-

66 2721 217 2796 tcgarimae
237 2723 384 2806 ejusdem
399 2721 471 2786 tidei
486 2739 619 2787 serrare
633 2723 743 2786 decus.
766 2719 924 2798 Hominis,
940 2724 1083 2802 inquam,
1096 2719 1154 2801 qui

66 2823 152 2886 totum
169 2826 313 2904 seipsum
334 2821 499 2888 Ecclesiae
521 2821 578 2886 ilci
599 2822 730 2898 dicavit,
751 2824 868 2902 spiritu
889 2829 922 2886 ct
935 2839 1086 2902 corpore,
1103 2819 1155 2882 die

64 2930 206 3004 noctuque
226 2926 269 2990 ad
285 2927 485 3006 septuaginta
502 2924 570 2988 iere
583 2941 682 2988 annos
697 2925 905 2988 christianum
923 2941 1037 2987 nomeu
1056 2921 1097 2986 ah
1108 2921 1157 2982 in·

68 3019 195 3092 fidelibus
214 3027 389 3092 mendaciis
411 3026 601 3090 vindicarit:
624 3027 841 3104 irrumpentes
862 3027 1017 3104 repressit
1044 3025 1166 3110 haere-¹

67 3137 116 3194 scs,
135 3125 240 3192 desios
263 3146 282 3192 a
303 3127 440 3192 veritate
461 3128 612 3204 retraxit,
633 3135 666 3190 et
685 3127 726 3190 de
740 3135 987 3206 persecutorum
1005 3124 1155 3187 violentia

67 3223 268 3308 triumpharit.
291 3229 463 3311 Quotquot
483 3231 567 3292 enim
588 3229 752 3310 percurrit
774 3227 960 3308 Pamphilus
989 3227 1030 3290 de
1058 3227 1156 3289 rebus

68 3317 181 3392 dirersis
199 3339 390 3410 argomento
405 3331 447 3394 ab
460 3330 600 3410 Origene
615 3335 825 3410 pertracteta,
839 3328 913 3390 iude
927 3329 1022 3406 plura
1037 3344 1155 3391 cruens

68 3437 143 3488 suam
161 3428 330 3495 ateruesit
351 3432 554 3512 Apologicm
577 3431 705 3496 nullum
728 3430 768 3494 de
796 3429 1044 3510 interpolatione
1069 3427 1155 3492 codi-

70 3537 129 3588 cum
148 3530 420 3610 origenianorum,
442 3551 525 3615 quos
545 3535 613 3614 ipse
631 3533 723 3612 legit,
747 3532 903 3604 monitum
924 3531 1052 3611 adjecit.

131 3625 175 3694 Ea
194 3639 305 3696 entem
325 3641 435 3714 patent
454 3653 497 3699 ex
517 3635 616 3714 ipsius
631 3633 787 3719 Martyris
801 3650 949 3696 sermone
961 3629 1156 3695 Praelationi

69 3721 212 3809 inscripto,
234 3734 508 3800 obtrectatoribus
528 3735 676 3816 Origenis
696 3734 938 3816 respondentis:
955 3753 971 3792 c
988 3731 1082 3809 Quod
1098 3731 1155 3808 ita,

70 3827 114 3902 ³1¹,
132 3835 216 3898 nobis
235 3840 389 3917 prosequi
410 3839 531 3904 rectius
552 3840 656 3902 visum
678 3845 738 3913 est,
760 3841 881 3899 utnon
910 3835 1028 3896 nostris
1050 3833 1157 3896 serbis

70 3934 276 4002 assertionibus
296 3937 512 4004 detonsionem
536 3957 710 4020 paremus,
731 3936 787 4001 sed
809 3955 850 4000 ex
864 3939 932 4000 snis
947 3935 1087 4017 propriis
1101 3952 1158 3997 vo·

70 4027 162 4114 dhon
182 4040 299 4118 quibus
320 4041 387 4121 ipse
406 4041 510 4105 aliene
531 4043 592 4136 sibi
613 4043 692 4104 haee
712 4058 793 4114 esse,
815 4057 900 4120 qnae
921 4037 972 4100 isti
987 4035 1156 4118 objiciunt,

70 4137 181 4214 Proprie
199 4157 347 4206 sermone
368 4150 518 4220 testatur,
540 4144 621 4208 idest
640 4161 730 4205 omne
749 4138 905 4222 quidquid
920 4147 1047 4218 practer·
1066 4138 1158 4218 fidem

72 4233 232 4308 catholicum
248 4241 464 4325 praedicatur.
487 4245 620 4324 Quian
641 4245 757 4312 nostris
781 4242 886 4312 verbis
906 4242 987 4306 haec
1012 4255 1157 4318 asserere
