3138 4950
343 397 405 474 338

421 508 511 576 llaec
534 529 612 577 sero
631 511 889 578 luculentissime
910 511 1083 577 demantur
1102 513 1145 577 sh
1165 515 1301 595 epistola
1326 513 1349 578 Ι.
1375 512 1449 592 lpa-

343 612 449 677 thonis
476 611 515 676 ad
532 611 749 694 Imperatores
770 609 961 678 lleraciium
990 621 1023 677 at
1047 613 1213 680 Tiberium
1235 635 1287 678 au.
1309 613 1378 683 680.
1398 617 1450 680 uhi
1557 649 1558 658 ι

341 713 381 778 sd
404 733 460 780 eos
479 717 526 781 sic
545 715 715 796 loquitur:
743 737 762 778 c
786 713 829 780 Ut
856 721 965 780 autem
997 722 1123 782 restrae
1156 717 1311 783 diuinitus
1340 719 1452 785 iustru-

339 823 413 880 ctae
434 818 559 897 pietati,
583 817 671 898 quod
694 817 892 898 apostoncae
920 825 1049 882 nostrae
1071 819 1146 884 ddci
1167 819 1260 900 rigor
1279 820 1450 896 contineat,

340 916 488 981 breviter
518 919 718 994 intimemus,
751 937 850 1000 qnam
873 921 1078 1001 percepimus
1105 937 1165 1001 per
1193 920 1402 1001 apostolicam
1421 927 1454 984 et

339 1019 597 1100 apostolicarum
614 1019 808 1085 Pontificum
826 1021 1044 1096 traditionem,
1066 1030 1099 1085 et
1113 1027 1297 1087 sanctarum
1312 1023 1452 1103 quinque

339 1118 542 1200 generalium
577 1117 798 1205 synodorum,
828 1139 890 1201 per
913 1137 994 1202 qaas
1032 1121 1242 1186 luudsmeutu
1271 1121 1454 1187 Catholicae

341 1218 461 1286 Christi
483 1221 649 1288 Ecclesiae
671 1222 798 1287 drmata
819 1240 858 1289 ac
879 1225 1019 1288 stabilita
1040 1232 1126 1289 sunt.
1149 1216 1211 1288 llic
1231 1225 1334 1304 igitur
1356 1231 1454 1288 status

339 1327 389 1385 est
402 1323 609 1403 evangelicae
624 1331 656 1387 et
672 1324 871 1404 apostolicae
886 1325 958 1388 tidei
975 1333 1007 1390 et
1022 1324 1185 1404 reputaris
1207 1324 1350 1388 traditio.
1365 1345 1381 1382 ι
1397 1321 1455 1388 lie·

339 1421 415 1486 inde
435 1441 546 1488 omnes
566 1431 599 1488 et
628 1425 772 1504 singulos
793 1441 963 1490 recensens
987 1425 1153 1490 Ecclesiae
1178 1423 1291 1488 Patres
1318 1433 1352 1489 et
1374 1423 1454 1488 Pun-

339 1522 442 1589 tidces
457 1525 634 1602 Romanus,
657 1527 712 1608 qui
735 1528 816 1593 duas
833 1529 1003 1592 manifeste
1024 1527 1180 1592 dixerunt
1192 1527 1359 1591 naturales
1379 1545 1454 1607 ops·

338 1627 482 1691 rationes
502 1628 533 1690 in
548 1625 679 1692 Christo
699 1629 830 1693 subdit:
847 1651 867 1689 ιι
883 1627 925 1700 Et
944 1645 1024 1709 prae
1037 1629 1187 1693 omnihus
1201 1627 1388 1691 aemulator
1402 1645 1455 1690 sa·

338 1744 396 1792 rae
419 1734 452 1792 et
470 1730 670 1810 apostolicae
701 1731 774 1794 tidei
807 1731 879 1813 piae
915 1732 1093 1794 memoriae
1117 1729 1321 1804 iustinianus
1354 1745 1456 1809 augu-

338 1835 422 1908 stus,
444 1831 541 1915 cujus
563 1831 636 1897 tidei
658 1833 822 1898 rectitudo
844 1826 960 1902 ὁπόσον
979 1825 1057 1928 dorp*
1078 1815 1353 1934 meletiopoleos
1376 1825 1456 1922 ὃμο-

334 1929 451 2028 lopiac
476 1929 520 2029 τῷ
545 1931 618 2034 ,Θεῷ
640 1931 771 2037 ipanus,
795 1939 947 2010 τοσοῦτον
968 1939 1030 2020 τήν
1064 1937 1384 2042 χριστιανικικάιηιι
1404 1957 1461 2004 ns-

335 2034 457 2129 λετιῐαιι
480 2031 586 2131 ddunt
614 2050 774 2136 quantum
798 2060 859 2124 pru
880 2043 1220 2123 sinceraeonlcssioae
1235 2040 1304 2104 lieo
1319 2039 1454 2120 placuit,

338 2145 466 2207 tantum
489 2143 724 2224 rempublicam
739 2144 948 2208 christianam
970 2143 1197 2224 magnificavit.
1216 2141 1258 2206 Et
1278 2142 1395 2222 utique
1415 2139 1454 2204 als

328 2243 488 2306 omnibus
510 2229 658 2324 gentibus
683 2245 756 2326 eius
778 2245 929 2325 religiosa
952 2245 1109 2308 memoria
1131 2241 1340 2308 veneratione
1361 2241 1454 2322 digua

340 2345 512 2425 centetum
534 2347 630 2430 cujus
652 2346 726 2410 ddei
747 2347 910 2410 rectitudo
932 2362 992 2427 pur
1011 2345 1237 2427 supnstissima
1259 2345 1331 2426 ejus
1352 2344 1454 2408 edicta

340 2447 374 2510 in
391 2452 459 2511 toto
481 2447 561 2511 orbe
575 2445 691 2511 diffusa
711 2448 892 2512 laudatore
909 2465 1051 2529 quorum
1073 2463 1190 2521 uuum,
1212 2445 1301 2527 quod
1321 2445 1361 2509 ad
1383 2443 1453 2509 Zoi-

338 2546 410 2612 lum
431 2545 682 2611 aiexandrtnum
704 2549 889 2629 praesulem
902 2547 1061 2613 adversus
1082 2548 1318 2629 acephalorum
1338 2549 1451 2636 prare-

338 2649 399 2715 sim
421 2650 553 2713 missum
575 2657 636 2725 est,
660 2667 720 2729 pru
741 2651 920 2730 apostolica
944 2650 1140 2715 rectitudine
1159 2649 1350 2716 satisfacere
1369 2649 1452 2714 sufl-

234 2769 238 2776 ·
341 2751 451 2828 aiens3
467 2767 542 2812 cum
564 2749 624 2813 hac
636 2759 766 2812 nostrae
788 2750 983 2813 humititatis
998 2751 1202 2832 suggestione
1219 2757 1346 2813 restrae
1368 2757 1449 2813 tran·

339 2847 553 2930 quillisstmaa
573 2835 801 2914 christianitati
816 2849 990 2929 dirigentes
1012 2865 1071 2930 par
1093 2849 1313 2930 praesentium
1333 2849 1449 2914 latores

340 2949 507 3014 oderimus
529 2959 621 3016 etc.»
639 2936 644 2945 ’

345 3077 348 3084 ’
418 3051 575 3118 Similiter
601 3051 665 3118 alia
692 3051 838 3134 ciusdem
861 3051 969 3133 Papae
993 3029 1447 3133 eptssots,sutsso'stpustai

337 3153 510 3236 episcopis,
525 3155 564 3218 ad
587 3156 672 3236 ipsos
689 3153 918 3236 imperatores,
933 3155 1106 3220 lustiuisni
1122 3155 1274 3235 pietatem
1289 3163 1323 3217 et
1348 3154 1449 3218 seium

337 3255 495 3330 celebrat,
517 3255 650 3336 quippe,
664 3257 712 3319 uti
728 3253 971 3332 Constantinus,
987 3251 1191 3319 Theudosius
1205 3261 1237 3319 et
1253 3253 1449 3327 Marcianus,

338 3355 557 3422 orthodoxam
579 3357 799 3440 propugnant
820 3356 928 3421 ddems
945 3355 1090 3433 «Sicuti,
1106 3357 1226 3437 inquit,
1241 3364 1275 3419 et
1288 3354 1449 3420 novissimi

338 3458 471 3541 quidem
486 3459 751 3538 praestantissimi
772 3459 878 3540 magni
900 3459 990 3522 iliius
1008 3455 1196 3534 iustiniani,
1218 3457 1368 3540 cnjusut
1388 3457 1449 3520 sir·

339 3565 404 3635 tue,
420 3563 512 3625 itaet
533 3559 635 3641 pletas
657 3562 762 3623 omnia
785 3562 816 3622 in
839 3561 1007 3623 meliorem
1038 3561 1185 3624 ordinem
1213 3558 1448 3624 instaurarit.»

339 3657 381 3726 Et
396 3661 457 3725 hcc
473 3663 587 3725 statuit
600 3659 793 3724 Odilhertus
809 3661 1072 3741 archiepiscopus
1084 3661 1334 3725 mediolanensis
1347 3661 1379 3724 ln
1399 3661 1451 3723 iit·

338 3763 415 3826 teris
436 3763 647 3850 adCarolum
670 3761 837 3842 Magnum:
856 3763 909 3825 ubi
932 3765 1124 3826 christianos
1146 3764 1374 3841 imperatores,
1393 3761 1450 3842 qui

336 3865 366 3928 ci
383 3882 599 3943 praecessere,
616 3863 821 3928 orthodoxae
836 3864 1003 3929 doctrinae
1017 3863 1251 3938 aemulatores,
1273 3864 1450 3944 divinoque

336 3966 410 4030 reio
431 3977 609 4030 commotos
631 3975 791 4030 memorat
819 3965 1077 4042 Constantinum,
1106 3965 1326 4031 Theodosium
1348 3963 1447 4044 liuju-

336 4085 419 4143 rem,
443 4065 647 4131 Marcianum
670 4078 702 4132 et
721 4065 966 4132 lastinianum:
983 4089 999 4128 c
1015 4065 1058 4131 ttt
1079 4085 1203 4138 omnes,
1225 4070 1284 4142 ait,
1301 4075 1338 4131 nt
1356 4065 1448 4132 illari·

334 4169 475 4233 rtienum
499 4169 657 4248 populum
679 4169 720 4232 ab
740 4163 835 4233 omni'
848 4169 972 4235 erroris
994 4169 1123 4233 macula
1156 4169 1346 4242 liberarent,
1367 4167 1445 4230 disi·

335 4270 422 4333 uitus
443 4271 602 4350 inspirati,
625 4269 700 4350 quin
723 4271 845 4336 moritis
876 4277 909 4336 et
928 4270 1060 4336 scientis
1091 4267 1324 4353 praecellentes
1344 4263 1443 4333 ttrstt

334 4377 482 4436 sunctum
505 4372 664 4436 imitantes
685 4377 779 4435 etc.»
