2994 4938
325 456 362 530 n,
385 471 481 536 quarn
503 459 631 520 sauctus
661 453 893 520 recordationis
914 452 980 519 Leo
1002 454 1232 536 praedecessor
1250 462 1369 530 noster,
1387 455 1417 518 ad

324 557 589 637 praedecessores
612 565 758 633 vestros,
794 558 940 638 aliosque
962 559 1043 622 datis
1066 559 1215 638 probavit
1241 566 1273 622 et
1292 557 1417 621 laudarit

323 660 464 739 scriptis,
486 668 519 722 et
538 659 798 724 chalcedonensis
821 660 1002 723 veneranda
1023 669 1132 724 sancta
1153 659 1299 744 Synodus
1318 660 1420 740 legitur

324 760 509 841 protulisse,
532 762 740 842 aliorumque
754 761 901 838 Petrum,
920 779 1002 842 quos
1019 761 1327 840 apostolicaesedis
1346 780 1421 842 prae·

327 863 416 925 sules
436 869 662 943 susceperunt,
678 871 710 927 et
724 864 826 927 secuti
842 871 928 938 suut,
945 863 1125 926 execranda
1141 846 1421 944 superbiu,'imptan

327 970 538 1026 vocaverunt.
554 961 753 1027 Fraternitss
768 981 847 1043 ergo
869 973 937 1040 tua,
952 979 1050 1044 quem
1068 963 1272 1044 Apostolicae
1286 961 1368 1027 Sedis
1379 981 1424 1042 per

326 1081 384 1127 uos
406 1073 528 1128 constat
549 1083 618 1128 esse
641 1067 819 1141 ricarium,
843 1067 1000 1128 universis
1022 1066 1179 1145 episeopis
1199 1069 1378 1138 innotescat,
1396 1071 1424 1127 ut

327 1165 427 1228 nullis
448 1173 505 1228 aut
528 1165 614 1228 ialsis
635 1167 774 1246 scriptis,
798 1175 855 1229 aut
876 1167 1085 1230 mendacibus
1108 1168 1225 1243 verbis,
1248 1174 1306 1230 ant
1324 1167 1421 1228 nuntiis

326 1266 474 1344 qualibet
495 1251 619 1330 ratione
634 1267 836 1344 turbentur,
868 1253 923 1332 sed
946 1269 1054 1347 potius
1076 1253 1170 1348 primi
1198 1267 1423 1347 Apostolorum,

327 1369 412 1431 sicut
433 1369 601 1443 convenit,
626 1369 723 1432 verba
745 1378 912 1433 sectentur
941 1371 1097 1433 dicentis:
1129 1365 1332 1452 advenerim
1349 1377 1426 1429 anter

329 1469 487 1542 diodolus,
503 1479 538 1532 ut
561 1469 608 1532 leo
628 1468 772 1549 rupiana,
791 1471 939 1534 circumit
959 1489 1111 1554 quomens
1128 1489 1217 1552 quem
1237 1471 1370 1540 devoret,
1387 1465 1427 1529 cni

328 1569 466 1636 resistite
485 1573 581 1652 sortes
602 1570 638 1633 in
658 1573 792 1654 pide...
816 1573 847 1636 in
868 1571 1005 1637 Domino
1028 1574 1239 1649 confidentes,
1263 1573 1336 1653 quia
1354 1571 1428 1634 sicuti

330 1672 466 1750 praeisti
482 1691 612 1762 ¹suiuus,
635 1673 676 1735 ab
699 1674 861 1754 Apostolis
886 1651 1167 1749 fidem'rradtnm,
1189 1681 1259 1736 ets
1284 1669 1427 1754 praedictis

329 1773 445 1836 sanctis
464 1781 607 1852 quatuor
621 1773 772 1838 Consiliis
784 1773 995 1854 declaratam,
1007 1783 1068 1837 eta
1085 1773 1308 1838 decessoribus
1321 1771 1426 1843 uostris,

331 1882 364 1937 et
379 1873 419 1936 ab
433 1875 600 1937 antedictis
618 1873 767 1938 Patribus
781 1876 1012 1955 praedicatam,
1030 1884 1128 1956 atquc
1149 1874 1373 1940 iuviolabiliter
1384 1889 1427 1934 eu·

329 1975 494 2051 stoditam,
516 1978 640 2039 sincera
665 1977 831 2041 voluntate
854 1978 1028 2052 tenuimus,
1053 1985 1209 2054 tenemus,
1233 1975 1371 2040 venerati
1387 1989 1427 2036 ιιι·

331 2094 417 2152 mos,
440 2066 649 2153 veneramur,
671 2083 770 2159 atque
791 2077 1004 2154 defendimus,
1022 2083 1054 2142 et
1077 2084 1195 2141 centro
1208 2095 1282 2142 eum
1303 2074 1428 2142 tacteus

331 2176 511 2260 apostolica
532 2181 729 2243 auctoritate
750 2179 938 2243 damnamus
960 2185 1057 2242 etc.»
1325 2175 1326 2182 ’

414 2277 466 2341 Ex
489 2279 536 2341 bis
556 2279 683 2343 duabus
696 2280 840 2360 epistolia
861 2287 986 2344 constat
1000 2285 1120 2359 qusnta
1142 2275 1427 2342 allicereturanxie·

339 2387 403 2443 tate
427 2377 563 2460 vigilius
584 2382 627 2444 ob
641 2380 765 2445 Rustici
788 2390 820 2446 et
834 2381 1011 2446 sebastiani
1039 2379 1222 2446 factionem.
1246 2378 1313 2456 Qut
1332 2379 1387 2440 buc
1402 2375 1429 2436 il·

333 2482 390 2545 luc
411 2480 629 2544 discurrentes
644 2483 676 2544 in
688 2481 871 2547 Occidentis
888 2485 1045 2564 regiones,
1067 2481 1357 2576 episcopoqcoutra
1368 2476 1429 2542 Pon

336 2580 453 2648 tlbocm
475 2585 682 2647 excitarunt:
704 2586 795 2664 quasi
828 2587 894 2666 ipsa
926 2585 956 2648 iu
977 2581 1130 2649 iudicato
1150 2581 1308 2647 adsersus
1328 2577 1428 2661 praeis·

334 2693 366 2748 ta
383 2683 532 2763 Capituls
555 2686 648 2748 fidem
672 2687 823 2750 violasset
843 2695 987 2768 quatuor
1008 2685 1294 2751 oecumenicarum
1314 2677 1430 2766 Spnodo·

337 2805 421 2850 rum.
438 2785 487 2849 Eo
509 2788 609 2868 magis
623 2787 709 2868 quod
727 2787 791 2870 jem
807 2787 847 2849 ab
868 2788 959 2852 initio
981 2787 1190 2869 quaestionis,
1205 2785 1239 2850 iu
1260 2782 1429 2859 arcesse

333 2888 441 2949 ciatim
463 2887 711 2951 insurrexissent
733 2887 944 2951 ecclesiarum
968 2887 1134 2968 praesules
1155 2883 1339 2966 (inquibus
1358 2877 1430 2944 valde

334 2989 466 3050 emicuit
484 2987 665 3065 Facundos)
681 2987 845 3051 mordicus
857 3005 894 3050 ea
911 2985 1060 3069 Capitula
1076 2984 1296 3062 dcieudsutes,
1311 3000 1347 3047 ac
1359 2995 1430 3062 prce

335 3090 430 3168 cipue
453 3088 528 3152 lbuc
549 3090 732 3169 inscriptam
757 3087 934 3168 Epistulam
957 3088 995 3150 ad
1014 3085 1145 3163 dhrim,
1163 3086 1219 3150 ubi
1241 3087 1338 3150 totius
1355 3079 1432 3146 cunti·

336 3191 476 3255 uebatur
497 3208 622 3254 summa
643 3190 853 3271 quaestionis.
868 3187 1099 3264 Nihilominus,
1111 3187 1137 3251 si
1153 3186 1226 3251 iuda
1245 3183 1385 3251 scaudala
1401 3175 1431 3241 ab

337 3293 512 3354 insciorum
534 3296 566 3354 ct
588 3307 766 3370 pravorum
787 3289 895 3353 studio
916 3288 1114 3368 deploranda
1135 3287 1198 3351 siut
1209 3306 1221 3365 3
1254 3285 1328 3349 binc
1346 3289 1432 3345 uostrt

337 3391 433 3452 rrlde
454 3393 586 3454 intereat
607 3407 647 3452 ex
670 3390 824 3470 praeintis
845 3389 1000 3469 epistolis,
1023 3387 1189 3464 iudicati,
1210 3387 1301 3469 quod
1322 3381 1432 3462 Vipilios

340 3509 402 3571 pcr
420 3492 545 3554 litteras
566 3489 704 3554 Menneu
726 3490 833 3566 dedit,
854 3490 911 3553 nbi
933 3486 1243 3569 Constantinopolim
1266 3483 1432 3556 adscribet

340 3592 512 3672 bucusque
527 3591 744 3672 deperditum,
759 3609 888 3654 sensnm
910 3592 1081 3670 perspicue
1102 3591 1238 3665 eruisse,
1256 3595 1292 3654 ut
1311 3597 1432 3663 complu·

336 3691 448 3768 batur,
471 3688 659 3756 Pontificem
673 3707 827 3773 suprema
850 3708 944 3754 usum
967 3692 1177 3767 auctoritate,
1192 3708 1235 3755 ex
1257 3694 1342 3752 certa
1356 3684 1434 3749 asise

338 3795 396 3870 tia,
418 3790 576 3873 nullaque
597 3793 642 3868 si,
659 3791 868 3872 autalicojus
891 3792 1005 3854 iavore
1027 3789 1201 3868 adactum,
1227 3790 1341 3853 borum
1363 3777 1433 3860 (ἔαρι

336 3893 484 3958 tulorurn
507 3893 689 3956 decrevisse
716 3891 965 3968 damnationem,
992 3909 1050 3957 uec
1071 3911 1110 3957 eo
1133 3910 1238 3972 usque
1265 3905 1334 3955 cam
1353 3895 1434 3950 emet·

337 3994 442 4069 darae,
465 4003 522 4058 aut
545 4000 749 4070 retractasse,
771 4013 829 4058 scu
842 3987 948 4056 'aliter
968 4011 1037 4056 csse
1059 3995 1320 4074 interpretatum.

419 4092 495 4160 Post
515 4097 595 4161 baec
615 4096 656 4159 ab
676 4096 804 4175 incepto
825 4113 889 4158 uon
910 4093 1122 4170 desistemus,
1144 4091 1307 4159 adsertnri
1327 4097 1433 4170 perper

340 4201 388 4257 tes
408 4202 442 4258 ct
457 4191 563 4274 vtptttt
586 4197 617 4260 iu
638 4197 806 4278 proposito
828 4198 1040 4261 constantiam
1055 4196 1151 4262 sicuti
1172 4195 1245 4260 iudo
1266 4181 1432 4276 quaestionis
