3186 4946
151 439 219 518 Qui
238 437 371 521 quidem
391 443 425 502 et
444 437 503 503 illo
525 443 670 518 tempore
690 435 722 499 ln
743 435 884 500 msxlmo
907 435 1031 502 bonore
1053 435 1135 513 luit,
1156 445 1189 502 et
1209 441 1264 504 ad·

149 542 217 605 buc
239 546 288 606 cst
309 548 445 621 propter
456 537 573 615 libros,
600 557 682 620 quos
698 544 819 618 post-se
836 536 980 617 reliquit,
995 537 1027 600 in
1041 555 1103 602 uon
1119 541 1265 623 minors3

151 642 248 725 cnjus
271 643 373 722 gloria
396 642 482 722 apud
503 642 594 705 latins
615 639 781 703 doctrinae
805 639 1003 719 professores
1032 658 1070 703 ac
1096 643 1263 722 magistros

147 753 199 810 est
218 763 296 809 cnm
318 762 434 825 magno
453 742 625 825 splendore
649 749 833 823 pervagata.
850 759 867 800 ι

228 845 474 922 Verumtamen,
495 846 582 925 quod
600 846 694 910 raldo
714 847 848 910 interest
868 862 930 908 non
951 851 1074 910 tentum
1091 863 1151 927 pro
1164 847 1265 910 scien·

151 947 197 1012 lia
216 949 357 1031 eiusque
370 949 489 1012 ardore
504 949 536 1010 in
551 947 718 1029 Evangelii
735 948 966 1024 dilatationem,
981 965 998 1010 a
1015 966 1081 1029 quo
1099 966 1264 1028 nunquam

150 1067 257 1130 usqne
279 1049 319 1112 ad
338 1050 462 1114 obitum
480 1052 623 1126 recessit,
639 1055 796 1131 quantum
811 1067 871 1129 pro
886 1047 1089 1124 rectitudine,
1106 1048 1264 1130 ejusdem·
1293 1067 1298 1078 ·

151 1169 218 1231 que
239 1149 313 1214 ildei
333 1153 528 1228 sinceritate,
551 1171 650 1233 quam
672 1158 831 1234 perpetuo
843 1152 999 1228 serravit,
1017 1150 1046 1215 id
1062 1169 1103 1217 ex
1119 1150 1265 1218 fidelium

150 1261 187 1316 et
205 1255 346 1318 maxime
360 1256 585 1336 episcoporum
603 1256 782 1318 testimonio
798 1255 974 1319 roboratur
980 1275 991 1333 3
1008 1254 1063 1335 qni
1078 1254 1166 1318 illius
1180 1253 1264 1318 lama

150 1356 313 1436 permoti,
337 1356 390 1419 rel
420 1375 495 1420 euna
517 1356 696 1422 consulturi
717 1355 858 1432 adibant,
880 1373 938 1420 scu
958 1355 999 1418 ad
1018 1374 1054 1420 aa
1084 1363 1263 1432 vocarunt,

150 1457 255 1520 eidem
279 1459 369 1522 verbi
393 1459 604 1523 ministerium
625 1457 824 1524 conierenter
834 1477 847 1538 ;
870 1459 913 1521 ita
929 1458 1012 1520 sitae
1040 1457 1128 1522 illins
1148 1458 1265 1521 saucti-

152 1565 253 1622 tatem
276 1560 383 1623 mirati
404 1567 436 1624 et
446 1561 637 1635 doctrinam,
653 1566 686 1624 ct
699 1560 731 1622 in
751 1567 942 1622 sermoneet
956 1559 1127 1640 inscriptis
1142 1558 1266 1639 lnlgen·

151 1669 228 1724 tem.
245 1660 456 1743 Quapropter
469 1669 549 1726 teste
562 1661 675 1724 eodem
687 1659 827 1724 Eusebio
839 1661 870 1722 in
886 1657 983 1722 Libro
998 1660 1096 1724 citato
1109 1678 1156 1722 nc.
1172 1657 1262 1724 xltt.

148 1769 184 1824 et
196 1759 269 1826 XX.
293 1781 334 1827 ex
352 1763 497 1846 Aegypto
513 1764 544 1825 in
562 1761 771 1827 Palaestinam
790 1769 1014 1841 peragrantem
1041 1761 1192 1836 vidimus,
1208 1761 1265 1824 ibi-

151 1881 218 1943 que
231 1863 430 1929 Litterarum
451 1882 619 1932 sacrarum
640 1865 834 1944 aperientem
850 1862 978 1940 ludum,
992 1865 1114 1946 populo
1129 1881 1265 1944 evange-

150 1965 319 2043 lizantem,
341 1969 399 2047 ipsi
422 1968 505 2031 lacta
527 1975 683 2050 potestate
704 1967 744 2028 ab
765 1963 1069 2052 Hierosolymorum
1090 1975 1122 2030 et
1152 1965 1266 2030 Caesa-

149 2085 230 2132 reae
249 2069 429 2149 episcopls,
451 2072 571 2150 quippe
593 2068 653 2146 (nti
674 2067 769 2131 iidem
791 2065 956 2132 Demetrio
978 2065 1197 2132 Alexandriae
1212 2083 1267 2130 an·

151 2169 244 2234 tistiti
275 2169 440 2247 scribunt)
467 2170 586 2252 quippe
612 2170 705 2232 valde
726 2169 841 2233 idoneo
870 2170 931 2234 boc
962 2170 1112 2235 obeundo
1138 2187 1265 2234 munus.

150 2267 192 2334 ln
211 2288 275 2351 qna
290 2272 433 2351 regione,
450 2269 661 2336 Palaestinam
678 2270 836 2347 dieo,non
856 2271 961 2334 solum
983 2271 1013 2333 in
1035 2271 1195 2334 communi
1213 2288 1266 2334 ac·

154 2369 275 2434 clesiaa
295 2389 446 2436 consessu
468 2389 662 2453 magnopere
682 2372 819 2436 salutem
832 2372 919 2452 jusit
933 2372 1137 2451 animarum
1159 2369 1213 2434 sed
1234 2376 1267 2434 et

150 2479 266 2538 contra
289 2473 468 2538 haereticos
488 2474 642 2538 alacriter
656 2483 688 2538 et
702 2473 851 2553 prolecta
867 2473 1052 2554 disputarit.
1069 2472 1180 2537 ltema
1196 2469 1266 2534 Fir·

150 2575 288 2642 miliano
304 2575 481 2641 Caesareae
500 2575 721 2658 Cappadociae
743 2577 893 2657 episcopo
919 2576 1097 2641 accersitur
1110 2573 1265 2655 Origenes

150 2687 224 2742 tum
244 2679 284 2741 ad
306 2678 450 2744 bdelium
470 2681 714 2754 institutionem,
738 2685 806 2743 tnm
829 2687 865 2743 nt
886 2695 959 2744 cnm
982 2696 1021 2742 eo
1044 2687 1208 2753 versatus,
1231 2677 1264 2738 in

149 2776 330 2859 Scripturis
350 2780 548 2845 crudiretur.
572 2779 713 2844 Albanas
730 2781 826 2856 vonit,
849 2781 944 2844 sicuti
964 2787 997 2843 et
1011 2785 1104 2842 antea
1128 2776 1264 2842 Romam

152 2881 276 2944 viserat
290 2887 328 2944 ut
347 2880 388 2944 ab
403 2877 597 2961 apostolicae
620 2879 706 2945 Petri
729 2890 761 2945 ct
782 2881 876 2946 Pauli
893 2881 1071 2944 traditionis
1093 2881 1180 2944 lonte
1200 2879 1265 2942 cbi-

151 2979 259 3044 beret.
281 2979 383 3061 Saepe
404 2983 435 3044 ln
456 2982 609 3045 Arabiam
631 2981 796 3062 proiectus
817 2991 877 3056 est,
900 2989 931 3046 et
952 2979 1122 3064 beryllum
1144 2982 1265 3061 episco-

152 3096 233 3160 pum
249 3080 289 3144 ab
303 3081 428 3144 baeresi
443 3080 481 3144 ad
498 3081 665 3146 meliorem
682 3082 808 3163 lrugem
825 3083 1000 3145 revocarit.
1025 3081 1065 3146 Et
1081 3080 1178 3162 paulo
1195 3087 1266 3161 post
1288 3153 1289 3156 Ἴ

151 3181 273 3246 ibidem
295 3185 326 3246 in
347 3182 519 3246 nonnullos
540 3193 717 3248 asserentes
746 3201 809 3248 una
832 3202 907 3249 cnm
929 3185 1120 3265 corporibus
1142 3185 1264 3248 animos

151 3283 186 3346 iu
207 3289 311 3347 morte
333 3284 490 3365 extingui,
506 3303 544 3350 nc
565 3287 673 3350 denuo
694 3305 757 3350 une
778 3286 875 3352 simul
891 3288 921 3349 in
943 3287 1183 3350 resurrectione
1204 3305 1260 3350 ex·

152 3383 310 3462 citandos,
335 3385 439 3450 valide
460 3385 640 3465 decertans,
663 3390 703 3450 ad
725 3397 847 3452 rectam
870 3387 964 3453 fldem
987 3389 1145 3462 traduxit,
1168 3387 1264 3450 illurn

152 3486 291 3563 miralia,
313 3488 370 3567 qui
391 3497 619 3566 convenerant,
643 3491 808 3571 episcopis.

234 3585 346 3654 liebus
366 3589 409 3653 ita
434 3606 469 3654 se
499 3590 711 3669 habentibus,
733 3593 759 3656 si
782 3592 936 3672 tantisper
956 3590 987 3653 ln
1009 3608 1047 3654 eo
1068 3589 1266 3669 „admittetur

155 3705 264 3765 error,
287 3695 320 3753 et
340 3689 470 3770 quidem
486 3709 548 3754 non
568 3692 649 3756 levis
670 3693 801 3772 negotii,
817 3691 856 3754 de
877 3707 1054 3772 poenarum
1077 3692 1213 3754 termino
1234 3693 1265 3755 ln

153 3789 222 3852 rita
243 3786 355 3852 lutura
373 3795 445 3870 post
467 3789 624 3871 judicium
646 3792 867 3865 novissimum,
887 3792 1063 3858 secundum
1080 3791 1265 3872 palingene-

154 3893 236 3954 siam
260 3889 302 3952 ab
319 3889 509 3955 adversariis
524 3901 651 3957 crutam
672 3911 690 3956 c
710 3894 801 3957 libris
821 3895 889 3958 snis
913 3895 944 3956 in
972 3911 1108 3973 pravum
1134 3912 1263 3958 sensum

153 3995 336 4054 contortam
351 3989 400 4070 (ut
414 3991 455 4055 de
474 3995 589 4058 ceteris
603 3996 714 4058 sileam
736 3995 1039 4073 insimulationibus)
1057 4013 1153 4077 quern
1172 4011 1262 4058 erro·

155 4109 224 4155 rem
245 4107 309 4154 non
329 4091 427 4158 semel
449 4091 664 4171 adsernisset,
690 4113 753 4159 non
775 4095 822 4159 bis
843 4113 948 4176 neque
971 4104 1020 4158 ter
1042 4093 1262 4161 tantummodo

156 4192 351 4272 innovasset,
372 4192 426 4260 sed
449 4193 706 4277 frequentissime
727 4197 758 4261 tn
779 4196 912 4278 privatis
932 4203 966 4262 et
987 4198 1124 4278 publicis
1138 4195 1264 4260 institu-
