2994 4938
397 477 439 544 lli
459 483 575 562 qnare,
596 497 670 545 enm
695 479 861 547 Romanus
882 479 1030 546 Pontifex
1056 481 1173 561 inquit,
1193 497 1265 544 enm
1280 476 1360 543 nen
1378 481 1414 543 ri·

315 584 386 646 dent
404 579 441 645 ιἰι
461 583 551 646 eorde
571 591 602 646 ct
619 582 708 646 domo
725 582 763 648 s'o
782 583 882 662 sume,
905 600 963 648 neo
983 583 1057 648 ideo
1078 581 1165 647 ultra
1186 582 1286 646 licere
1308 579 1413 644 homiui

317 686 427 748 intime
449 683 555 748 cordis
570 691 752 764 penetrere,
769 703 827 750 uec
841 686 1017 760 discutere,
1033 701 1092 748 nee
1106 690 1342 764 consequenter
1355 699 1415 762 pro·

316 785 394 850 berc
414 794 471 850 aut
492 786 726 860 condemnare,
749 804 871 866 qnare,
892 790 1037 867 inquam,
1059 782 1258 866 Theophilus
1278 787 1311 847 in
1330 783 1414 866 Syno-

318 887 363 950 do
382 886 590 951 alexandrina
614 903 713 968 snpra
735 888 908 951 humanum
932 889 1096 951 seientiam
1117 887 1302 960 ascendens,
1323 883 1417 948 existi·

318 990 419 1053 mavit
440 988 597 1053 audacter
615 991 648 1052 in
667 989 766 1054 corde
789 991 1021 1054 monachornm
1054 989 1277 1063 nitriensium,
1299 987 1354 1068 qni
1373 1003 1416 1048 eo·

318 1105 389 1154 rem
404 1107 445 1154 so
464 1083 572 1169 pelam
587 1089 681 1156 lidem
697 1093 861 1155 nicaenum
883 1088 1019 1172 professi
1034 1100 1122 1166 sunt,
1138 1100 1320 1170 penetrare,
1340 1103 1416 1150 seru

319 1180 393 1267 tari,¹
408 1197 442 1255 et
462 1198 614 1272 tanquam
636 1210 752 1272 preses
774 1205 888 1257 eorum
913 1193 1122 1273 cogitationes
1143 1192 1292 1266 umatus,
1312 1190 1417 1267 absque

318 1291 493 1356 manifestis
512 1293 726 1357 simulationis
746 1293 855 1373 signis,
888 1295 946 1357 bos
968 1293 1147 1374 corripere,
1170 1291 1338 1367 damnare,
1355 1305 1417 1351 eoa·

320 1392 541 1468 themanorum,
566 1394 811 1474 haereticosque
832 1395 1012 1476 publicare,
1034 1403 1067 1458 et
1088 1395 1135 1458 uti
1157 1393 1271 1473 impios
1291 1408 1417 1454 esnone·

318 1495 425 1560 slsriis
440 1492 635 1574 expellere?
650 1492 785 1560 Ubinam
801 1496 923 1576 legitur
934 1498 967 1558 in
982 1495 1115 1559 historia
1131 1495 1355 1566 conciliorum,
1368 1491 1417 1556 lic·

318 1594 436 1660 alasiae
456 1595 613 1660 antistites
634 1597 665 1659 in
686 1597 888 1661 confutandis
910 1599 1099 1672 haereticis,
1130 1606 1188 1661 aut
1208 1597 1314 1660 dubiis
1333 1595 1418 1658 extri·

320 1696 528 1769 candis‘ciroa
544 1698 760 1778 quorumdem
778 1699 884 1764 lldcro:
898 1700 1026 1762 ubinam
1042 1707 1248 1775 consistens,
1265 1706 1417 1778 postquam

320 1797 440 1862 boroso
462 1797 610 1878 legerint,
629 1799 679 1862 rel
705 1799 889 1864 audiverint
920 1800 1089 1878 iugenuam
1110 1799 1184 1863 lidei
1204 1798 1417 1879 prolessieneu

317 1896 415 1978 iuxta
436 1897 478 1959 ab
498 1897 616 1961 eisdem
638 1897 768 1962 decreta
797 1900 866 1972 luti
891 1900 1000 1963 uidere
1021 1907 1069 1964 est
1097 1901 1129 1962 lo
1151 1899 1231 1963 sctis
1250 1897 1364 1984 synodi
1382 1895 1416 1956 oi

319 2015 437 2062 carnee
458 2007 491 2061 et
511 1997 800 2078 Chalcedonensis)
823 2019 885 2064 oon
906 2001 1020 2066 solum'
1035 2001 1198 2064 dubitasse
1217 1999 1259 2062 de
1280 2000 1340 2062 beo
1358 2011 1418 2060 oon·

319 2085 469 2176 lessionE,
496 2101 550 2164 sed
573 2108 606 2164 et
624 2101 798 2167 subdolum
811 2104 892 2167 benc
907 2103 1005 2167 luisse
1025 2113 1058 2166 et
1073 2087 1305 2186 hypocriticam
1325 2100 1417 2163 deern-

322 2201 418 2278 visso,
442 2210 478 2266 nt
499 2201 572 2264 inde
592 2202 634 2266 ob
650 2203 712 2268 hoo
735 2203 957 2268 tantummodo
978 2202 1162 2268 declareret
1178 2202 1288 2266 lorent
1301 2199 1418 2265 haered·

319 2299 348 2364 ol
370 2317 408 2364 eo
430 2300 608 2380 puniendi?
1325 2289 1329 2306 '

402 2401 623 2478 Quamobrem
654 2406 749 2470 sicuti
771 2407 802 2468 in
826 2407 889 2470 bno
911 2423 989 2469 essu
1019 2403 1249 2469 manifestatur
1266 2401 1417 2467 luculenta

323 2498 494 2584 Theophili
523 2505 671 2585 perlldia,
702 2508 745 2570 its
765 2527 792 2571 s.
818 2505 1007 2590 Hieronymi
1036 2505 1197 2587 probetur
1225 2503 1356 2583 illusio;
1374 2498 1417 2580 qul

322 2602 407 2668 sient
421 2604 451 2667 in
466 2608 595 2683 ceteris,
608 2609 702 2672 cessit
714 2611 889 2672 sententiae
905 2607 1046 2688 episcopi
1060 2605 1276 2685 alexandriniy
1291 2621 1361 2668 enm
1374 2619 1418 2681 pn·

323 2705 400 2768 tarit
422 2706 507 2769 hune
523 2708 553 2769 in
575 2708 699 2772 cunctis
720 2709 799 2772 actis
819 2708 976 2773 adversm
990 2707 1179 2786 origenistas
1201 2705 1342 2770 animam
1355 2704 1418 2765 inte·

323 2821 432 2886 pom,
453 2805 627 2888 zelumque
648 2808 841 2889 praetulisse
861 2809 1098 2890 apostolieum:
1117 2807 1200 2871 adeo
1219 2813 1270 2884 ut,
1292 2823 1371 2886 qnae
1386 2800 1417 2864 nl

322 2907 428 2985 ipsum
443 2909 602 2972 scriberet
619 2910 660 2972 de
674 2927 828 2989 processu
850 2921 961 2975 contre
976 2909 1150 2972 mooerhos
1164 2909 1341 2992 aegyptios,
1355 2904 1419 2968 lu’u·

322 3023 362 3068 sc
379 3007 514 3072 veritato
535 3011 731 3074 communite
752 3011 913 3086 crederet,
937 3009 1304 3106 proindequsnndiqoe
1323 3020 1418 3088 propt·

322 3107 437 3186 pende.
885 3121 889 3130 ·
1101 3137 1103 3146 ·

405 3205 560 3290 ideoque,
582 3210 712 3292 quondo
735 3210 786 3284 ad
799 3212 881 3279 hane
902 3212 1122 3277 serenitatem
1139 3209 1286 3276 reductos
1302 3208 1418 3275 sidium

112 3345 116 3352 ·
212 3295 216 3302 ⁴
324 3305 541 3390 Theophilum
553 3322 587 3374 et
606 3310 854 3398 Hieronymum,
871 3322 907 3378 ut
926 3331 967 3380 ex
988 3313 1118 3378 delecte
1135 3309 1341 3376 coelessioeis
1358 3309 1417 3370 bns·

325 3413 516 3488 reticerem,
539 3430 622 3492 qnos
644 3414 687 3476 its
703 3416 929 3489 existimarint,
952 3415 1038 3478 baud
1061 3416 1092 3476 in
1114 3414 1228 3477 leeiem
1249 3427 1370 3482 eorum,
1386 3403 1417 3467 sl·

325 3512 391 3574 cuti
414 3515 630 3592 oportuisset,
652 3515 809 3580 baeresim
833 3518 864 3578 in
890 3516 954 3580 illis
977 3513 1180 3594 corriperent
1198 3521 1233 3578 et
1252 3509 1419 3576 onumen

327 3614 482 3692 templus
505 3615 603 3688 siros,
630 3623 821 3699 ceterosque
845 3616 993 3697 Origenis
1015 3617 1159 3682 lautores
1180 3617 1228 3680 utl
1251 3633 1343 3680 serae
1362 3609 1417 3674 blei

325 3713 532 3778 simulatores
544 3735 556 3794 ;
581 3727 715 3781 cunctos
738 3735 818 3798 royo
831 3718 981 3800 ¹judicos,
1003 3735 1067 3780 non
1087 3716 1194 3780 solnm
1215 3735 1292 3780 num
1310 3717 1378 3798 iure
1393 3715 1417 3770 el

322 3813 418 3892 juxta
432 3831 569 3880 canones
590 3818 826 3882 ecclesiasticos
846 3827 955 3882 aetum
971 3820 1013 3883 sit
1032 3819 1191 3882 sdversus
1213 3817 1366 3895 praelatos
1384 3811 1417 3870 ri·

327 3931 402 3992 ros3
417 3915 472 3979 sed
495 3918 633 3998 etquid,
649 3918 775 3982 intentis
788 3921 829 3981 ab
848 3922 937 3984 initio
953 3919 1145 4000 praemissis,
1161 3917 1202 3980 sb
1217 3919 1276 3981 bac
1291 3913 1416 3980 crimina·

328 4015 412 4079 tione
427 4015 651 4084 deducendum
668 4021 709 4083 sit
731 4022 847 4086 nostris
863 4020 1137 4103 disquisitionibus
1150 4016 1414 4082 accommodatum

325 4115 524 4184 Concludam
552 4139 654 4202 erpo,
681 4123 868 4202 origenistes
891 4123 988 4187 luisse
1012 4123 1177 4186 damnatos
1206 4119 1248 4182 ob
1273 4127 1415 4199 praeson-

327 4225 398 4297 ptos
413 4215 546 4300 Oriycni
567 4221 736 4304 inscriptos
754 4243 896 4305 errores,
920 4233 951 4292 ct
972 4223 1110 4306 emplius
1131 4218 1358 4288 nonmedlsute
1373 4229 1415 4278 ex·
