3066 4950
411 485 494 553 ilina
514 501 633 570 argues
647 491 806 570 guantum
820 486 937 575 Cprilli
958 487 1105 556 narratio
1124 486 1288 555 discordet
1304 486 1323 553 ἰ
1339 487 1439 556 Viato-

330 590 375 653 ris
395 596 429 654 et
448 587 652 671 Theophanis
674 588 778 654 dietis.
802 586 891 655 Unus
912 589 995 654 idost
1008 587 1155 674 cyrillus
1175 607 1237 655 eeu
1259 592 1441 671 origenista·

331 707 406 757 rum
428 691 590 756 lautorum
615 692 807 758 condemnat
827 689 1023 769 Macarium,
1045 708 1085 757 aa
1104 693 1178 758 ideo
1197 693 1240 757 ah
1261 690 1442 774 episcopata
1527 699 1528 702 ’

331 793 507 874 expulsum
523 797 581 872 sit,
598 793 740 875 inanius
755 791 1103 858 loonmsudeotnsest
1120 792 1328 859 Eustochiae.
1344 791 1442 858 Theo·

332 894 452 978 phanes
467 913 546 960 sero
561 913 621 978 par
635 895 782 959 irandom
798 895 914 960 asserit
924 894 1100 975 expulsum
1112 892 1309 970 linearium,
1320 911 1360 959 sc
1372 895 1441 960 idea

334 1005 444 1078 postea
465 997 553 1062 huno
567 1006 772 1074 revocatum,
792 1003 918 1062 semoto
941 995 1132 1062 Eustochio.
1157 994 1254 1072 Quod
1278 998 1340 1062 sihi
1363 998 1442 1076 suit,

333 1097 517 1165 linearium
539 1118 603 1166 non
616 1099 715 1164 inisse
731 1100 946 1176 haereticum,
966 1117 1075 1180 usqne
1088 1107 1316 1181 praesumptos
1326 1100 1445 1181 proies·

331 1219 405 1267 sum
420 1199 571 1283 Origsnis
590 1219 735 1276 errores,
757 1201 813 1265 aed
838 1199 972 1282 Origeni
997 1201 1185 1267 orthodoxo
1208 1205 1444 1284 patrocinatum

329 1319 410 1366 esse.
433 1299 594 1367 Batonius
614 1319 716 1384 porro
735 1302 798 1366 snb
817 1320 869 1366 sn.
889 1297 961 1368 oto.
984 1320 1013 1366 n.
1035 1300 1087 1368 71.
1109 1319 1152 1366 ex
1172 1304 1371 1367 auctoritato
1388 1303 1444 1370 Su·

331 1402 371 1468 rii
393 1402 445 1468 dio
463 1399 517 1492 23.
538 1400 650 1468 thris
671 1403 703 1467 in
725 1402 789 1468 sita
810 1421 837 1467 s.
859 1397 1011 1482 Gregorii
1033 1401 1235 1484 agrigentini,
1268 1401 1443 1467 hlacsrium

332 1513 429 1570 sucat
450 1504 559 1568 sirum
578 1510 726 1568 sanctum
749 1502 836 1568 dono
856 1502 1049 1584 prophetiae
1069 1503 1221 1567 ditaturus
1244 1509 1279 1566 et
1299 1504 1346 1567 sit
1366 1521 1446 1585 quas

332 1605 490 1671 adsersus
504 1622 579 1670 enm
594 1604 680 1671 dicta
699 1613 788 1680 sunt,
802 1622 845 1670 ex
864 1603 1000 1670 leuitate
1021 1607 1247 1688 potiusquam
1267 1624 1310 1671 ex
1332 1607 1445 1672 reun-

334 1712 367 1772 to
387 1708 593 1787 processisse.
617 1703 756 1788 insuper
775 1705 874 1770 addas
894 1705 1056 1771 adsersus
1076 1706 1193 1792 Gyriili
1215 1709 1441 1774 narrationem:

334 1825 410 1874 cnm
433 1810 464 1872 ia
486 1816 651 1892 postremo
672 1809 748 1872 loeo
768 1809 825 1886 ait,
857 1805 952 1874 daem
975 1807 1126 1873 hahuisse
1147 1808 1270 1874 haltnsu
1292 1811 1442 1876 adsersus

334 1911 488 1992 pietatem
520 1909 564 1974 oh
594 1910 845 1992 origenistarum
873 1909 1114 1990 expuitionem,
1144 1910 1232 1974 citati
1267 1908 1443 1992 Scripturas

334 2019 447 2077 aootra
469 2018 632 2089 asserunt,
654 2009 835 2076 Eustochio
856 2017 968 2075 amoto
989 2009 1030 2072 ah
1049 2012 1252 2092 episcopatu,
1268 2009 1442 2076 linearium

335 2121 584 2195 praesumptum
610 2113 818 2195 origenistam
834 2112 1021 2178 restitutum
1044 2111 1144 2178 inisse
1164 2112 1196 2176 in
1210 2114 1377 2196 proprian
1396 2111 1444 2178 Sa·

338 2216 424 2280 den.

415 2315 573 2382 Similiter
591 2313 737 2398 cyrillus
757 2311 967 2381 Theodorum
987 2312 1166 2381 Caesareae
1185 2315 1243 2378 lus
1256 2314 1443 2397 origeniani

339 2415 496 2481 iniectum
517 2433 556 2481 sa
576 2417 828 2496 origenistarum
848 2424 1067 2498 protectorem
1083 2425 1316 2498 repraesentat.
1334 2415 1443 2481 Exad

339 2536 436 2584 serso
456 2517 558 2599 hujus
579 2515 743 2584 Theodori
764 2520 885 2582 mentio
915 2518 1074 2584 recitatur
1095 2519 1126 2582 in
1147 2518 1278 2604 synodo
1299 2517 1445 2584 Hieroso·

335 2619 433 2703 lymis
453 2617 592 2682 adunata
614 2618 771 2684 adsersus
792 2619 988 2700 acephalosr
1004 2636 1147 2701 quorum
1169 2623 1239 2701 ipso
1257 2619 1366 2685 adhuc
1383 2619 1444 2684 dn·

340 2739 442 2786 oonns
456 2721 653 2785 damnationi
663 2721 855 2803 snhsoripsit
870 2740 929 2801 per
940 2721 1089 2788 tthsttnm
1104 2723 1144 2785 ad
1158 2721 1310 2788 hionnam
1325 2722 1442 2797 datura,

338 2823 387 2888 his
408 2824 535 2890 serhisr
570 2821 749 2888 Theodorus
768 2820 925 2888 diaeonus
945 2831 976 2887 et
1001 2825 1175 2897 mausolus
1203 2823 1309 2890 Nouae
1329 2823 1444 2889 tenu

334 2923 456 3008 [ueiens
475 2943 646 2990 sermonem
663 2945 725 3007 pro
744 2925 888 2990 omnihus
909 2926 1072 2991 monachia
1093 2925 1202 2992 Brenni
1221 2926 1443 3007 Hierosaipsse·

335 3046 409 3094 rurn
428 3027 597 3110 subscripsi
610 3038 639 3094 et
658 3027 769 3093 adtuli.
792 3029 914 3094 lloinde
936 3029 969 3092 in
989 3031 1139 3110 dogmate
1161 3031 1326 3095 catholico
1346 3045 1443 3111 perse·

339 3149 455 3196 sesana
468 3129 581 3196 eadem
602 3139 711 3196 saneta
726 3132 945 3196 aemulatione
962 3149 1097 3196 mouere
1113 3133 1291 3214 episcopati
1308 3133 1441 3203 lunatas,

337 3251 377 3300 ac
399 3234 498 3300 trium
520 3232 749 3314 capitulorum
770 3234 952 3298 acerrimus
974 3233 1087 3308 hostis,
1109 3235 1321 3298 oecumenico
1340 3231 1444 3298 ὒοιιὶ-

336 3337 384 3401 lio
404 3339 520 3418 quinto
547 3334 760 3418 subscripsit:
793 3333 973 3400 Theodorus
1002 3333 1261 3416 religiosissimus
1289 3333 1446 3400 cumea

331 3436 457 3520 prisnas
481 3435 698 3519 Cappadociae
717 3435 894 3519 episeopus.
946 3469 951 3477 ·

416 3537 636 3606 Nihilominus
656 3539 837 3622 corripitur
857 3536 1049 3603 Theodorus
1057 3537 1244 3604 Caesareae
1264 3545 1302 3604 nt
1316 3535 1445 3618 origeni·

336 3645 386 3708 sta
401 3650 434 3706 et
455 3639 529 3706 hino
544 3643 730 3706 haereticas
749 3642 791 3707 ah
806 3640 951 3723 Evagrio
964 3644 996 3706 in
1018 3641 1167 3722 praelato
1183 3641 1365 3705 testimonio
1377 3653 1447 3703 cun

335 3741 477 3808 diseritr
496 3739 533 3806 st
551 3759 638 3806 nuno
659 3740 803 3822 Apostoli
814 3750 844 3807 et
863 3751 1018 3822 martyres
1030 3741 1190 3806 miracuta
1209 3739 1360 3823 efficiunt,
1379 3735 1449 3802 etis

339 3853 430 3910 tanto
443 3844 557 3908 Maure
570 3851 660 3924 aunt,
680 3840 715 3913 ἐν
736 3843 779 3940 τῇ
801 3842 1047 3916 &soundness
1068 3845 1106 3907 in
1122 3842 1321 3908 restitutione
1338 3843 1375 3906 iss
1386 3837 1449 3922 pri·

339 3945 470 4025 stinuns,
490 3965 545 4010 ssu
565 3945 601 4010 in
622 3944 868 4028 regeneratione,
884 3946 949 4011 nisi
969 3946 1116 4031 aequales
1136 3943 1202 4009 ss‘at
1226 3943 1362 4022 caron,
1374 3959 1447 4024 psa·

339 4047 380 4112 is's
403 4045 598 4129 regeneratio
617 4044 683 4111 siaa
702 4046 893 4113 resumatis
911 4047 957 4112 eis
977 4043 1053 4112 est?
1075 4045 1163 4110 llaec
1186 4045 1286 4110 serhs
1306 4047 1365 4110 etsi
1386 4052 1447 4106 taus

339 4151 488 4216 hreriter
508 4150 642 4226 dictata,
665 4159 702 4214 nt
723 4169 787 4214 nou
809 4157 940 4231 pateant
960 4149 1159 4223 luculenter,
1182 4164 1268 4229 quae
1289 4141 1447 4228 praemisit

338 4250 532 4321 Theodorus
547 4251 586 4318 de
601 4251 854 4334 resurreetione,
875 4253 944 4318 sire
966 4251 1082 4318 melios
1097 4249 1137 4315 da
1153 4247 1395 4330 regeneratione
1415 4244 1445 4306 in
