2994 4938
1160 354 1181 420 ι
1301 356 1313 378 ,

86 485 138 552 per
155 484 258 534 omnes
279 465 460 548 provincias
481 463 643 530 fallaciter
661 463 849 540 scribentes,
871 481 933 528 noo
953 463 1075 547 atiqutd
1097 357 1204 528 com·⁵

85 571 206 644 misisse,
227 570 313 652 quod
337 569 521 648 reperiatur
540 568 713 634 advenum
729 566 903 632 definitioni
923 575 1051 632 sanctae
1065 566 1185 650 Synodi

85 671 342 746 chalcedonensis,
357 689 442 752 qnae
463 669 726 751 {succedentium
742 685 776 734 ae
793 669 904 744 trium,
927 668 1008 734 idest
1022 668 1186 745 nicaenae,

83 773 444 854 comtantiuopotitaoac,
460 780 559 854 atquo
579 773 750 852 ephesinae
772 772 896 853 primae
917 772 1093 838 concordat
1114 771 1187 838 tide!

83 873 285 961 synodorum.
310 873 357 939 ita
378 893 458 956 ergo
478 881 670 940 cunctorum
690 874 835 948 animos,
856 875 912 954 qui
936 881 1074 938 vestram
1097 874 1188 938 mati·

82 977 149 1040 tism
169 965 363 1055 nescierunt,
378 978 434 1042 sed
456 985 608 1058 tanquam
623 995 640 1040 a
657 977 795 1041 romanis
817 975 958 1039 diaconis
978 976 1188 1058 suscipientes
1250 983 1253 992 ’

80 1079 203 1158 scripta,
222 1079 413 1159 simpliciter
433 1077 662 1154 crediderunt,
696 1077 735 1141 ad
759 1085 883 1140 tautum
910 1077 1017 1142 scetus
1037 1063 1188 1156 operatio

82 1177 218 1242 tatiaciae
239 1187 367 1243 restrae
388 1181 553 1259 persenit,
584 1189 622 1242 ut
643 1180 803 1244 humanos
823 1180 952 1259 sangnis
972 1180 1004 1242 iu
1025 1177 1189 1260 aliquibus

79 1277 151 1342 loeis
171 1281 253 1344 iutra
275 1280 443 1344 ecetesiam
460 1279 469 1357 t
481 1278 569 1360 quod
591 1279 652 1343 dici
674 1281 763 1345 netas
783 1281 850 1358 cst)
873 1281 1078 1345 tunderetur:
1102 1288 1134 1343 et
1153 1297 1190 1362 p-

79 1398 160 1446 mnes
179 1380 283 1462 legem
306 1382 555 1448 ecclesiasticam
577 1383 718 1463 superbo
732 1383 848 1463 spiritu
869 1381 1063 1446 conculcare
1085 1381 1190 1444 solui·
1328 1447 1330 1452 ,

79 1484 149 1563 stis;
164 1493 351 1550 sanctarum
367 1502 501 1564 quoque
522 1485 713 1566 regularum
728 1470 989 1564 consequentiam
1004 1483 1131 1566 injuriis
1144 1483 1192 1548 ot·

79 1584 199 1662 fecistis,
222 1586 318 1666 impia
340 1593 373 1650 et
394 1581 479 1664 quae
501 1603 563 1652 ooo
584 1593 660 1650 suut
689 1586 776 1652 ticita
799 1603 858 1666 pcr
888 1561 1057 1650 universas
1077 1592 1189 1649 contra

79 1702 129 1752 nos
148 1687 330 1767 provincias
352 1687 513 1752 tattaeiter
531 1687 709 1750 indicando.

149 1785 303 1868 «Nuper
323 1788 419 1850 etiarn
449 1788 544 1850 melis
567 1789 682 1854 restris
703 1788 855 1856 addentes
879 1789 992 1870 peiora
1012 1788 1189 1869 prioribus,

78 1885 224 1954 domuum
250 1887 390 1954 Leonem
413 1889 696 1970 praedecessorem
718 1899 864 1954 nostrum
887 1891 919 1954 in
940 1887 1103 1953 Theodori
1126 1907 1194 1950 mo·

78 1992 231 2068 panesteoi
254 1991 359 2067 dictis,
375 2009 459 2071 quae
475 1999 586 2056 contra
610 1991 704 2056 tidem
727 1999 848 2056 rectam
870 1993 994 2071 legitur
1014 1991 1196 2071 scripsisse,

80 2108 266 2156 eonsensum
282 2092 470 2173 praebuisse
489 2099 588 2173 atque
604 2090 760 2169 firmasse,
783 2091 859 2156 dato
873 2093 995 2173 scripto
1014 2091 1054 2154 ad
1071 2090 1194 2156 cristia-

76 2191 234 2258 nissimum
260 2193 440 2275 Principem
462 2193 565 2260 titium
587 2199 759 2270 nostrum,
792 2194 864 2258 anai
885 2193 991 2258 inistis
1011 2193 1189 2256 adstruere.

78 2292 164 2358 sina
176 2313 258 2376 ergo
273 2295 452 2376 quemlihet
472 2293 607 2360 credere
621 2295 844 2377 christianum,
866 2295 954 2377 quod
977 2295 1098 2374 aliquid
1116 2293 1192 2368 tate,

78 2394 159 2473 qnod
190 2403 305 2460 contre
330 2402 451 2460 rectam
483 2395 578 2458 fldem
599 2413 618 2458 a
639 2395 788 2476 quolibet
819 2397 1002 2462 inveniatur
1020 2396 1191 2477 scriptum,

78 2495 160 2560 iltius
182 2497 263 2560 tanti
287 2495 450 2561 Prsesulis
471 2497 621 2562 ssoctitna
640 2497 845 2578 suscepisset,
860 2496 980 2578 quippe
1000 2499 1056 2579 qui
1072 2498 1103 2562 in
1125 2497 1195 2562 uoi-

78 2599 174 2662 sersis
195 2598 343 2680 epistolis
363 2601 429 2664 sois
450 2605 483 2662 at
503 2596 691 2664 Nestorium
712 2604 745 2664 et
760 2596 944 2684 Eutychen,
970 2598 1022 2662 rel
1041 2598 1087 2663 ets
1106 2599 1194 2664 simi·

76 2695 115 2760 tia
133 2699 293 2780 sapientes
314 2700 384 2780 pari
405 2700 526 2780 tegitur
545 2701 703 2766 sententia
722 2699 960 2766 condemnasse.

149 2822 167 2860 s
189 2799 226 2864 ln
248 2819 316 2880 qun
338 2811 518 2866 memorato
537 2803 682 2882 scripto,
711 2804 807 2866 ctiam
828 2808 942 2866 contra
963 2801 1088 2866 dininas
1108 2798 1194 2864 Scri·

76 2908 184 2979 pturas
204 2916 270 2966 non
291 2904 400 2967 sotum
421 2902 625 2984 pontiticibus
646 2901 780 2976 mattis,
802 2901 857 2966 sod
880 2903 976 2966 etiam
999 2899 1107 2982 (quod
1129 2901 1193 2964 dici

77 3003 161 3068 oetas
180 3003 254 3082 est)
283 3005 341 3084 ipsi
362 3021 495 3086 quoqne
518 3002 656 3084 Principi
686 3002 859 3084 sacritegaa
881 3002 1015 3084 iujurias
1045 3005 1194 3082 irrogare

78 3107 217 3170 tentastis
228 3125 241 3187 3
264 3114 425 3186 quatenus
448 3107 649 3186 ignorantem
671 3104 882 3170 christianum
903 3104 1064 3185 populum
1084 3103 1195 3166 diabo-

75 3199 134 3268 lirs
156 3205 299 3287 amptius
329 3206 521 3286 deciperetis
552 3205 680 3270 astutia.
706 3203 795 3268 Haec
822 3221 900 3284 ergo
921 3204 1114 3286 sustinentes
1136 3221 1195 3285 par

76 3305 176 3370 muita
198 3308 356 3389 temporis
380 3309 482 3387 spatia
506 3307 658 3388 patientis
684 3305 879 3370 sacerdotati
901 3323 1047 3368 reaecsre
1068 3305 1195 3370 distuli·

77 3423 156 3484 mus,
180 3407 351 3474 eredentes
373 3426 431 3472 ros
462 3408 595 3472 forsitan
624 3408 835 3488 resipiscere,
859 3414 891 3470 et
910 3405 952 3469 nh
973 3406 1094 3470 itticitis
1116 3412 1195 3470 tcm-

76 3523 201 3587 perarc.
225 3508 288 3574 Sed
309 3510 385 3590 quia
405 3509 506 3574 semet
530 3517 564 3574 et
583 3509 725 3574 secondo
756 3507 981 3574 adhortatione
1002 3514 1110 3572 nostra
1135 3525 1196 3587 per

74 3605 189 3674 iratres
204 3617 333 3676 nostros
353 3609 534 3692 episcopos,
556 3610 638 3674 idest
659 3610 816 3676 Joaooem
838 3609 1067 3686 marsicanum,
1085 3617 1118 3672 et
1136 3593 1197 3674 Iu·

73 3705 194 3772 tiannm
210 3711 433 3790 cingulanum,
458 3712 510 3774 rel
523 3709 678 3791 Sapatum
695 3711 799 3774 tilium
814 3718 961 3776 nostrum
977 3715 1075 3790 atque
1089 3707 1196 3772 atace
1217 3779 1222 3786 ⁸
1356 3753 1361 3762 ·

73 3823 171 3886 num,
194 3827 256 3874 nec
276 3819 307 3874 et
329 3829 388 3891 per
408 3811 586 3892 gloriosum
609 3813 716 3894 sirum
738 3811 911 3894 patricium
938 3809 1141 3890 Cethegum,
1163 3817 1197 3876 et

73 3907 262 3990 religiosum
286 3912 391 3976 sirum
412 3915 487 3978 item
520 3913 624 3978 titium
646 3920 793 3978 nostrum
816 3911 1027 3986 senatorem,
1050 3911 1196 3990 utiusque

73 4008 156 4076 tilios
178 4021 310 4078 nostros
331 4017 517 4080 commoniti
533 4017 682 4081 notuistis
703 4015 830 4092 andire,
853 4023 886 4078 et
900 4032 1005 4094 neque
1028 4015 1066 4076 ed
1085 4013 1198 4078 Eccle-

71 4111 162 4188 siam,
184 4116 346 4194 nequead
363 4134 420 4181 nos
441 4118 690 4192 reverte-sicot·
705 4116 811 4210 omnin
836 4116 951 4192 tacitis,
974 4115 1123 4180 notuistis
1144 4114 1198 4178 de·

73 4216 216 4282 meseum
240 4217 461 4298 superbisset
480 4219 553 4285 ideo
574 4236 703 4310 necesse
724 4226 773 4284 est
793 4215 883 4282 cobis
905 4217 936 4280 in
957 4216 1046 4284 tobia
1067 4215 1195 4282 cunoni·
