3066 4950
355 477 556 546 Palaestinae
577 477 717 546 adieisae
738 485 873 562 propter
895 479 986 544 Pauli
1008 476 1210 544 alexandrini
1238 476 1372 562 episcopi
1389 475 1443 558 ele·

351 587 501 650 ctionem.
526 579 698 647 Liberatus
719 580 807 644 addit
830 579 994 662 Pelagium
1017 583 1188 646 diacouem
1212 580 1370 646 Ecclesiae
1389 577 1443 642 ilo·

353 704 466 750 manae
495 683 698 748 Antiochiam
723 681 919 763 proiectum,
942 690 973 746 et
994 700 1068 747 eum
1096 679 1292 764 prrsemie
1312 687 1344 745 et
1364 677 1445 742 Petro

351 785 637 868 hierosolymitano
652 791 686 848 et
698 781 840 870 Hypatio
861 783 1014 862 ephesino
1037 779 1359 857 recesseramus
1379 777 1446 841 Psa-

350 885 386 952 io
414 889 566 968 episcopo
594 887 807 952 alexandrino
828 886 999 950 auterrent
1027 883 1169 950 Pallinm
1191 894 1224 948 et
1255 885 1445 964 deponerent,

353 991 401 1054 nti
423 988 586 1054 homicidii
609 1006 711 1052 reum.
729 985 849 1052 Deinde
872 987 972 1068 (quod
993 988 1068 1052 silet
1087 985 1243 1070 Cyriilus)
1257 984 1374 1059 subdit,
1393 1000 1447 1046 mo·

352 1091 473 1156 nscbos
493 1090 534 1154 ab
546 1086 790 1173 *Hierosolymis
811 1106 886 1153 eum
910 1087 1041 1170 Peispio
1057 1089 1180 1152 senisse
1200 1085 1447 1164 Constantinopo

351 1189 424 1267 iim,
447 1189 591 1256 solentes
610 1207 707 1272 agere
727 1189 812 1270 apud
846 1187 1080 1270 imperatorem
1102 1194 1138 1252 ut
1157 1185 1316 1270 Origenes
1335 1185 1444 1249 damna·

354 1301 449 1358 retur
469 1309 543 1356 cern
565 1291 716 1372 capitulis
737 1292 777 1356 ιιι
798 1289 943 1371 eiusdem
963 1291 1056 1353 libris
1077 1291 1252 1370 excerptis.

437 1390 615 1472 Procopius
642 1407 742 1472 porro
764 1392 844 1454 ime.
864 1387 917 1456 Pl.
941 1389 1105 1454 Historiae
1129 1389 1291 1462 brennae,
1313 1403 1446 1452 ιιιιιιτιιι

356 1489 446 1557 Psoia
467 1510 578 1556 necem
599 1511 642 1556 ex
665 1489 757 1555 Pauli
777 1493 920 1572 episcopi
951 1491 1155 1556 alexandrini
1178 1491 1342 1565 mandato,
1362 1488 1449 1568 inquit

357 1589 510 1674 vigilium
533 1591 653 1674 Papam
679 1591 912 1658 Alexandriam
935 1593 1057 1656 misisse
1079 1589 1247 1671 Pelagium
1272 1591 1449 1654 archiduce

355 1713 434 1758 num
456 1713 530 1760 cum
552 1695 710 1775 episcopis
731 1695 808 1758 viris
829 1694 972 1776 probatis
988 1694 1028 1758 de
1049 1695 1110 1756 bae
1130 1710 1230 1756 cansa
1248 1695 1445 1773 cogniturum

359 1793 419 1860 Ubi
443 1794 565 1860 Paulus
586 1796 757 1862 homicidio
786 1797 953 1860 conuictus
973 1797 1080 1860 statim
1101 1795 1285 1860 sacerdotio
1306 1794 1445 1876 dejicitur.

359 1892 396 1960 ie
418 1897 466 1960 bis
489 1897 594 1961 tribes
617 1898 751 1962 testibus
775 1898 884 1962 uideas
905 1897 1161 1978 discrepantiam.
1185 1894 1332 1979 Cyrillus
1353 1891 1450 1974 Pelagii

361 2013 477 2061 nomen
491 1998 611 2062 emittit
633 1998 664 2060 io
685 2015 781 2063 causa
799 1997 956 2080 Origenis.
979 1997 1151 2063 Liberatus
1169 2017 1210 2062 cx
1226 1999 1362 2060 adverso
1377 1994 1450 2056 iilum

363 2098 457 2163 valde
485 2098 661 2164 sollicitum
683 2108 904 2180 repraesentat
934 2100 974 2164 de
995 2101 1056 2164 bac
1078 2119 1113 2163 re
1134 2117 1245 2162 eornm
1278 2087 1447 2163 desiluisse.

362 2196 441 2266 item
463 2199 558 2264 ambo
581 2198 673 2265 Pauli
704 2219 891 2282 processum
912 2201 955 2265 ob
978 2199 1068 2265 Psnis
1100 2209 1239 2263 mortem
1261 2209 1373 2270 actum,
1394 2213 1448 2260 esee

360 2309 509 2369 statuunt
521 2303 553 2367 iu
568 2299 655 2368 Gaza
671 2301 872 2368 Palaestinae
885 2323 894 2366 ι
911 2321 977 2384 quo
992 2303 1133 2384 episcopi
1147 2303 1237 2366 citati
1254 2305 1450 2367 convenerant
1515 2349 1516 2360 ,

360 2403 402 2469 nd
422 2403 567 2487 ejusdem
588 2404 681 2470 Pauli
702 2404 944 2486 depositionem.
963 2404 1141 2487 Procopius
1157 2423 1237 2469 sero
1258 2407 1304 2470 ιιι
1317 2403 1450 2468 ιιιιιιιιιιι

361 2503 490 2571 eosdem
507 2505 738 2572 alexandriam
759 2505 935 2589 proiectos,
954 2507 1009 2573 ubi
1033 2505 1155 2572 Paulus
1177 2524 1195 2571 a
1216 2506 1393 2572 sacerdotio
1408 2503 1450 2567 de·

358 2604 467 2688 iectus
487 2615 546 2673 est.

441 2705 579 2772 Demom
594 2709 738 2795 Cprillus
754 2731 785 2776 e.
800 2708 852 2777 85.
870 2711 986 2793 inquit,
997 2710 1017 2775 J
1022 2711 1216 2776 ustieianem
1230 2713 1318 2776 circa
1333 2725 1380 2773 ιιι.
1392 2701 1448 2770 5tt.

360 2818 494 2891 accepto
515 2810 628 2877 libelle
649 2830 666 2875 a
692 2812 789 2878 Petro
809 2815 961 2894 episcopo
984 2812 1303 2898 Hierosolymorum,
1324 2807 1449 2888 origenis

361 2911 510 2992 dogmata
532 2911 724 2994 damnasse3
745 2917 799 2981 cui
819 2916 1014 2981 anathemati
1033 2917 1223 2997 subscripsit
1244 2913 1372 2980 Menum
1390 2925 1447 2973 cun

361 3009 491 3096 Synodn
512 3032 591 3078 sna:
614 3031 653 3080 ae
673 3015 787 3081 deiude
809 3015 840 3082 in
861 3016 1074 3082 Palaestinam
1098 3017 1230 3082 missum
1252 3013 1447 3094 subscriptum

363 3111 462 3178 inisse
483 3113 524 3178 sb
545 3114 644 3196 buius
666 3117 804 3197 regionis
834 3119 990 3200 episcopis
1012 3127 1044 3182 et
1065 3120 1337 3182 monasteriorum
1363 3109 1448 3176 erebi·

364 3214 546 3293 mandritis,
563 3226 699 3297 excepto
715 3217 830 3284 Abilae
849 3221 1012 3300 episcopo.
1031 3216 1134 3284 Paulo
1153 3226 1226 3303 post
1241 3239 1272 3282 n.
1287 3213 1337 3285 etl.
1351 3217 1447 3278 iterem

360 3322 485 3394 narrat,
507 3331 663 3397 sequente
684 3327 790 3385 aetate
811 3317 974 3384 Cononem
996 3321 1143 3384 abbatem
1158 3328 1191 3384 et
1205 3321 1311 3382 socios
1332 3314 1448 3394 impert·
1515 3369 1516 3394 p

364 3419 427 3480 teri
444 3417 612 3487 tradidisse
631 3420 792 3497 libellum,
807 3422 862 3488 nbi
885 3429 950 3484 tota
966 3423 1214 3502 origenistarum
1237 3419 1378 3501 impietas
1389 3427 1447 3476 coe·

363 3517 548 3584 tinebatur:
582 3537 685 3601 quare
705 3539 723 3584 a
744 3519 765 3588 J
770 3523 927 3586 catiniano
953 3530 1145 3603 congregata
1173 3517 1316 3604 synodo,
1337 3535 1372 3580 sc
1389 3527 1446 3594 ιιι·

361 3617 471 3696 pensilis
490 3617 640 3702 Origenis
660 3626 692 3684 et
716 3619 846 3702 Evagrii
868 3629 901 3686 et
923 3617 1049 3704 Didymi
1070 3622 1253 3695 erroribus,
1275 3613 1404 3699 generali
1420 3625 1445 3670 ι·

360 3721 535 3786 uatlrcmnti
556 3722 693 3803 subjecti
714 3731 801 3786 sunt.
835 3720 938 3804 Cujus
958 3719 1076 3808 Synndi
1099 3721 1180 3787 dcta
1211 3718 1445 3800 Hierosolyma!
1515 3703 1516 3762 i

364 3821 472 3900 missa,
488 3822 529 3884 ab
550 3823 708 3904 episcopis
725 3821 924 3890 Palaestinae
939 3833 1070 3908 accepts
1088 3824 1297 3905 comprobata
1312 3825 1390 3892 suut,
1401 3829 1444 3874 ιι·

362 3931 457 4006 cepto
479 3924 669 3990 alexandro
691 3924 807 3990 Abilae
828 3929 989 4008 episcope.
1023 3925 1065 3992 Et
1086 3927 1163 4008 quid
1184 3925 1244 3990 sibi
1268 3922 1336 3986 suit
1355 3915 1445 3998 buiss-

359 4024 446 4090 modi
468 4029 631 4110 repetitio,
661 4030 852 4107 praesertim
874 4023 915 4092 ex
937 4029 1164 4109 opiscoporum
1194 4035 1284 4105 perte
1304 4025 1334 4087 in
1355 4015 1453 4092 Palae,

358 4127 440 4190 stine
462 4125 659 4208 degentium,
682 4129 738 4209 qui
755 4127 885 4212 Spuodo
905 4129 1046 4208 generali
1067 4135 1262 4193 convocatae
1289 4139 1348 4185 uon
1366 4119 1444 4178 inter·

358 4221 521 4302 inerunt?
541 4226 656 4298 Nonne
679 4229 757 4296 baec
778 4227 917 4296 indicant
939 4226 1092 4294 ilistorici
1114 4227 1343 4301 contusionem,
1362 4227 1439 4298 new
