3186 4946
122 485 259 550 siccum.
280 483 341 550 Sed
363 484 451 567 qnod
472 501 597 564 qnacro
617 501 656 548 ac
676 483 872 564 impossibile
886 489 991 558 teneo,
1009 483 1071 546 lsoc
1084 489 1132 547 est
1146 483 1233 562 qnod

121 585 293 667 Origenes,
308 589 369 652 etsi
383 586 520 652 llomsm
544 587 671 662 viserit,
694 585 875 670 zephyrino
897 584 981 666 Papa
999 586 1080 648 hanc
1109 593 1237 662 repente

124 686 319 766 Ecclesiam,
342 689 465 754 nnllam
488 706 545 753 nec
558 690 702 754 scholam
718 691 760 751 ibi
775 689 960 762 instituerit,
976 705 1034 751 nec
1050 688 1236 752 concionem

123 807 233 854 coram
257 790 378 875 Senatu
399 789 545 856 llomano
568 792 718 857 babuerit
740 792 861 868 ullam,
885 798 920 854 ut
942 789 1060 854 insidia
1081 789 1236 852 adsersus

119 907 153 954 se
173 893 399 956 concitaretur
420 912 457 957 ac
478 894 681 956 anathemate
703 892 870 956 lariretnr.
893 889 1029 970 Insuper
1053 889 1235 952 addendum

122 999 189 1070 est;
212 991 303 1072 qnod
327 992 447 1057 dicitnr
468 1012 485 1055 a
509 992 673 1058 Demetrio
698 993 1017 1057 excommunicatum
1039 989 1234 1070 Origenem,

122 1107 158 1154 ac
177 1092 296 1156 deinde
316 1093 358 1156 ao
380 1094 522 1159 Ecclesia
547 1094 703 1172 Romana,
725 1095 756 1157 id
774 1095 904 1177 quidam
918 1091 1035 1157 accidit
1049 1091 1148 1172 paulo
1160 1100 1234 1154 ante

123 1191 278 1256 Demetrii
300 1196 424 1260 obitum
446 1215 485 1260 ac
505 1198 601 1277 longe
624 1204 696 1277 post
716 1195 864 1275 Origenis
885 1195 948 1258 iter
968 1194 1007 1256 ad
1037 1192 1149 1257 urbem
1172 1190 1236 1256 Do·

122 1310 190 1358 maa
201 1315 213 1373 ;
236 1299 281 1360 ita
306 1304 343 1361 nt
363 1314 490 1362 necesso
511 1299 608 1375 iuret,
631 1299 692 1362 lsoc
714 1299 817 1373 posito
833 1297 1026 1372 testimonio,
1047 1296 1153 1358 denuo
1171 1292 1236 1358 llo·

123 1411 204 1457 mam
225 1395 343 1480 adiisse
363 1398 549 1478 Origenem,
566 1399 653 1478 qnod
676 1397 806 1479 probari
828 1400 951 1478 nequit,
975 1398 1155 1462 reluctante
1172 1393 1235 1459 En-

121 1494 232 1572 scltlo,
255 1501 314 1577 qni
336 1500 435 1578 ipsios
457 1508 566 1580 pasta,
589 1501 701 1563 itinera
724 1499 763 1563 ad
788 1501 892 1564 varias
914 1500 1061 1580 r'eqiones
1082 1504 1233 1562 accurate

122 1596 305 1678 descripsit.
328 1599 550 1677 Quamobrem
571 1603 753 1667 necessario
774 1602 805 1664 in
826 1603 922 1666 citata
951 1600 1141 1684 Hieronymi
1171 1600 1236 1680 cpi·

124 1699 205 1763 stola
228 1701 427 1766 admittenda
450 1713 498 1766 est
517 1704 736 1783 interpolatio,
758 1703 839 1767 adeo
861 1711 900 1767 ut
918 1704 1005 1785 quod
1021 1700 1236 1782 interpolator

123 1799 316 1880 significavit
336 1802 459 1868 Romae
482 1806 602 1869 tactum
624 1824 641 1868 a
664 1805 761 1870 clero
784 1803 942 1879 Romano,
965 1803 1172 1868 referendum
1192 1803 1234 1866 sit

124 1902 160 1964 sd
181 1901 389 1968 Demetrium
411 1915 443 1968 et
463 1905 502 1968 ad
524 1904 658 1971 Clerum
679 1907 937 1970 alexandrinum.

198 2002 243 2068 Et
266 2023 391 2086 reapse,
408 2006 625 2072 Alexandriae
646 2009 752 2087 coepit
770 2007 977 2076 sacerdotnm
998 2005 1149 2072 Senatum
1172 2004 1233 2070 Dc·

123 2106 272 2183 metrias,
283 2115 321 2169 nt
331 2111 673 2174 excommunicaretur
685 2109 841 2190 Origenes
855 2109 896 2173 ob
913 2108 1009 2172 taleas
1025 2108 1233 2190 suspiciones,

122 2213 177 2268 ant
197 2211 309 2287 potins
329 2209 447 2274 insidia
470 2211 627 2287 devictus,
649 2231 724 2276 cnm
746 2211 777 2274 in
798 2228 836 2274 ea
858 2209 975 2276 Schola
997 2213 1140 2273 omnium
1162 2227 1237 2273 con·

122 2311 446 2391 sequeretnrlandes
467 2314 610 2395 undique
625 2316 879 2389 adventantium,
897 2321 933 2376 nt
953 2314 1057 2394 ipsum
1074 2311 1233 2377 audirent.
1328 2305 1334 2322 '

124 2405 165 2472 Et
183 2411 251 2474 lenc
270 2411 421 2478 llrmatnr
439 2413 481 2477 ab
503 2415 572 2493 ipso
593 2411 733 2495 Origene
754 2416 786 2477 in
799 2413 929 2489 litteris,
945 2431 1025 2493 quas
1039 2412 1146 2475 charis
1168 2413 1235 2476 auis

127 2509 212 2575 dedit
233 2511 465 2579 Alexandriam
488 2523 560 2595 post
580 2514 754 2580 discessum
776 2516 817 2578 alt
836 2533 874 2578 ea
896 2515 989 2580 urbe.
1013 2512 1047 2576 ln
1061 2531 1124 2594 qna
1143 2513 1236 2575 valde

124 2615 338 2693 conqueritur
351 2615 391 2680 de
406 2618 475 2696 ipso
497 2614 673 2692 Demetrio,
690 2626 724 2680 et
743 2617 783 2680 de
798 2616 1007 2700 presbyteris,
1022 2615 1109 2696 qnod
1128 2616 1237 2679 imme·

125 2713 185 2776 rito
205 2723 304 2779 extra
327 2716 502 2782 Ecclesiam
525 2737 600 2782 enm
620 2716 852 2781 emendassent.
869 2715 911 2780 Et
933 2718 994 2780 hoc
1014 2718 1090 2779 item
1113 2717 1234 2778 instan-

125 2821 174 2877 ιιι
189 2817 282 2881 initio
302 2815 394 2882 Tomi
409 2817 463 2883 Vl.
485 2820 706 2883 commentarii
727 2818 764 2880 s'n
783 2816 952 2894 Ioannem,
969 2819 1146 2898 procellam
1169 2835 1234 2880 mc·

126 2932 254 2982 morans
273 2919 430 2983 adsersus
449 2937 484 2984 se
505 2921 723 2984 Alexandriae
743 2921 954 2986 concitatam:
982 2919 1146 2994 «Deinde,
1176 2920 1233 2993 sit,

127 3017 256 3084 inimico
277 3019 487 3101 (Demetrio)
516 3023 672 3086 adsersus
693 3041 751 3085 nos
771 3022 976 3087 acerbissime
997 3027 1159 3102 pugnante
1180 3038 1239 3101 per

125 3137 197 3183 snas
219 3139 321 3184 noras
335 3123 460 3186 litteras
482 3141 596 3187 resera
614 3121 790 3201 Evangelio
805 3123 960 3200 inimicas,
982 3140 1159 3203 omnesque
1176 3120 1238 3184 Ae·

125 3224 209 3303 gypti
235 3232 345 3287 sentos
360 3224 516 3288 adsersus
539 3242 595 3288 uos
610 3226 807 3304 impellente.
823 3243 840 3284 ι
859 3224 1045 3305 Pamphilus
1062 3243 1153 3300 vero,
1176 3225 1232 3303 qui

125 3342 197 3387 cnm
227 3324 368 3389 Eusebio
391 3325 539 3404 Origanis
564 3327 756 3407 Apologiam
787 3329 976 3404 contexuit,
1009 3334 1088 3390 teste
1119 3323 1233 3389 Plrotio

125 3421 200 3488 Cod.
221 3423 292 3491 118.
309 3427 565 3506 praeclarissime
586 3426 660 3491 ideo
681 3428 813 3491 scribit:
831 3449 848 3487 a
865 3427 946 3492 ilinc
968 3426 1121 3522 Demetrii
1142 3444 1236 3490 amor

125 3523 278 3589 leodium
308 3529 469 3591 vectitare
487 3529 665 3610 laudesque
686 3549 761 3593 mox
784 3548 859 3593 cum
893 3529 1127 3608 vituperatione
1152 3545 1239 3591 com·

127 3638 313 3693 mutantur:
336 3632 477 3713 synodus
499 3633 630 3712 insuper
650 3634 876 3713 episcoporum
899 3641 1033 3706 coacta,
1053 3639 1085 3693 et
1107 3631 1238 3714 presby·

127 3736 269 3794 tcmrnm
292 3732 509 3812 quorumdam
539 3742 650 3797 contra
671 3732 855 3812 Origenem.
881 3732 983 3795 Ponto
1003 3741 1082 3812 post.
1113 3729 1236 3796 Verum

127 3827 310 3896 Demetrius
331 3852 394 3898 nna
418 3853 490 3900 cnm
512 3836 668 3915 episcopis
689 3836 816 3917 aliquot
836 3835 1019 3899 sacerdotio
1044 3853 1178 3915 quoqne
1198 3835 1239 3898 il·

125 3930 191 3995 lum
217 3934 381 4018 abiudicat
402 3945 463 4000 etc.
481 3957 497 3994 ιι
513 3934 554 3999 Ει
568 3937 645 4017 quid
662 3937 745 4014 inde,
764 3937 821 3999 nisi
838 3937 1018 4000 necessario
1031 3935 1239 4000 statuendum

125 4033 175 4108 sit,
197 4033 385 4121 Hieronymi
408 4040 625 4102 narrationem
647 4039 678 4100 in
702 4038 837 4118 epistola
859 4039 898 4099 ad
923 4037 1057 4102 Paulam
1081 4038 1120 4100 de
1141 4056 1236 4122 syno-

127 4129 250 4199 dalibus
271 4136 489 4202 Alexandriae
503 4139 581 4201 actis
603 4147 715 4203 contra
729 4135 916 4218 Origenem,
936 4147 1115 4203 contortam
1139 4140 1236 4202 inisse

126 4232 164 4296 ad
178 4231 311 4302 Clerum
331 4236 535 4316 Romanum,
550 4241 644 4335 qussi
659 4241 730 4317 iste,
748 4247 817 4306 toto
837 4240 917 4304 orbe
932 4241 1107 4304 christiano
1130 4242 1236 4304 virum
