3138 4950
109 525 177 590 selis
202 525 405 594 amanuensis
435 532 594 606 arratum,
621 527 707 591 iuter
746 528 998 596 calumniatores
1031 536 1064 596 ιι
1094 532 1214 608 stultos

108 627 317 692 numerandus
340 627 395 691 tibi
417 629 491 704 erit,
514 629 569 709 qni
589 627 635 692 lta
655 626 793 709 scripsit.

176 725 360 804 Praeterea,
378 736 416 792 ut
432 727 600 808 praelatus
621 727 788 793 Ειιιιιιιιιι
808 732 949 814 amplius
971 731 1124 800 ldlslorlci
1148 750 1213 796 ma·

107 826 235 890 ladiaam
249 827 394 908 liugnam
412 827 572 894 obtundat
586 848 597 909 ;
613 837 645 894 et
666 847 764 912 quam
786 829 950 899 damnarit
973 835 1003 897 lu
1020 835 1215 914 Iustiniana,

104 928 319 1004 stoliditatem,
335 939 505 995 convertat
518 948 620 1010 super
640 938 739 1012 capnt
759 951 868 1011 suum,
885 937 1055 1002 osteudens
1074 955 1139 1002 uon
1156 936 1216 1004 Ju-

104 1029 279 1103 stiaiaoum‚
295 1031 349 1094 sed
370 1045 485 1095 revera
503 1030 699 1110 Procopium
720 1034 874 1099 stolidum
890 1034 990 1101 icisse
1010 1037 1042 1100 ln
1064 1037 1125 1102 laac
1138 1053 1214 1103 con·

105 1127 200 1192 danda
214 1133 440 1204 accusatione,
463 1140 494 1195 et
516 1133 659 1213 capistro
686 1134 761 1198 ideo
782 1135 967 1202 ducendum
999 1155 1039 1202 ae
1059 1140 1093 1202 in
1114 1139 1213 1204 mala·

105 1232 180 1296 diets
213 1233 414 1311 irrumperet
435 1239 467 1296 et
489 1233 521 1295 io
542 1233 744 1314 antilogium,
774 1253 806 1316 p.
828 1233 880 1302 59.
903 1235 1035 1302 scribit:
1052 1258 1070 1299 ιι
1087 1237 1135 1301 Ad
1158 1257 1214 1302 ox·

104 1332 293 1413 plodeadum
316 1333 484 1415 impudens
506 1335 568 1399 ltoc
591 1333 741 1415 Procopii
756 1337 934 1402 consilinm
953 1339 1122 1402 innumera
1144 1325 1235 1403 sese'

102 1433 238 1500 olisruut
260 1437 441 1499 testimonla
463 1444 496 1499 et
519 1439 669 1500 rationes.
688 1435 749 1500 Sed
768 1439 878 1517 placat
894 1438 1063 1505 desudetis
1076 1454 1216 1524 oppone·

105 1553 149 1609 re,
170 1551 237 1616 quo
258 1554 374 1601 eorum
397 1537 475 1602 tides
498 1539 597 1618 magia
618 1539 819 1604 ostendatur.

176 1634 211 1698 lu
231 1653 261 1701 u.
281 1633 333 1702 65.
358 1639 401 1702 lta
424 1639 559 1703 scribite
583 1632 666 1703 Acer
684 1637 720 1702 ia
741 1639 1013 1706 comminiscendis
1030 1651 1215 1725 perpetrau-

100 1735 203 1818 de'spue
219 1737 426 1818 [ιιιίιιοιιιιιιι.
444 1739 479 1804 Ιιι
499 1757 528 1802 ιι.
545 1735 616 1806 tua.
633 1737 776 1804 Naturae
795 1758 873 1804 suae
884 1740 1004 1806 oiridus
1017 1742 1161 1805 utebatur
1174 1743 1217 1806 ad

98 1857 298 1905 romanorum
308 1839 492 1921 perniciem.
517 1840 609 1906 ltem:
630 1837 710 1906 cum
730 1842 773 1904 ad
787 1843 1000 1924 acecpitaadc
1013 1845 1139 1921 ιιιιιιι,
1162 1843 1213 1908 uti

98 1941 216 2016 moui,
227 1940 357 2022 peracri
375 1951 452 2006 esset
468 1939 596 2023 iapeus'o
610 1943 654 2005 ad
669 1943 834 2022 patranda
846 1943 983 2024 saeuam
997 1939 1103 2026 usque
1122 1942 1214 2008 illius

99 2041 301 2109 caleiacus
321 2043 530 2127 subjectorum
548 2043 645 2124 pestis
666 2041 859 2108 iacadereat.
876 2044 1065 2110 »Similiter
1083 2063 1115 2108 n.
1136 2043 1208 2116 ἥδ.

97 2144 298 2210 lucaniacus
311 2165 375 2210 ιιιιι
389 2147 493 2212 salusa
512 2144 675 2210 ccaauuis
688 2144 824 2226 cipitia,
847 2147 901 2209 sed
914 2155 943 2210 ιι
955 2144 1080 2228 iupesii
1092 2155 1122 2210 ιι
1144 2145 1216 2212 adi·

97 2257 148 2309 tus
157 2245 313 2330 facilitate
330 2247 422 2311 radus
435 2257 556 2310 mature
570 2246 774 2327 conficiendis
786 2248 884 2330 piace
904 2255 1002 2314 ιιιιιιιι
1017 2259 1096 2314 erat.
1118 2247 1213 2328 Quae

99 2350 245 2432 proiecto
263 2349 361 2414 simul
383 2350 558 2412 consistere
587 2366 649 2413 uon
676 2358 819 2430 possunt.
854 2347 935 2414 ilem
965 2352 1106 2416 maxime
1137 2339 1215 2416 oum

96 2449 267 2518 iustiniani
286 2450 462 2516 stoliditate
483 2457 638 2531 pugnant,
665 2469 750 2532 quae
772 2452 961 2534 paulopost
982 2451 1022 2517 de
1043 2469 1083 2516 co
1103 2452 1214 2517 subdit

96 2555 301 2619 Historiam:
326 2551 403 2616 illuit
423 2551 475 2615 laic
499 2551 652 2634 Princeps
678 2571 776 2635 usque
797 2555 873 2617 adea
893 2552 962 2616 ceri
981 2549 1213 2630 dissimulator,

94 2667 130 2722 ιιι
152 2657 307 2736 fraudum
326 2657 540 2735 tepeadaaum,
562 2664 655 2737 atque
675 2655 803 2718 obscure
822 2656 969 2736 suendae
984 2653 1214 2736 iaaipacuceis

92 2767 274 2840 verrutaque
293 2754 420 2836 apendi,
442 2766 470 2819 et
488 2755 695 2821 occultandae
716 2755 821 2850 ocimi
841 2755 1011 2821 ιιιιιιιιιίιιι
1032 2766 1109 2820 ιιιιι
1128 2757 1215 2821 adeo·

93 2856 274 2922 tutissimus
294 2853 415 2937 arrisere
435 2862 497 2919 ela.
519 2853 563 2918 lit
583 2857 749 2937 quomodo
771 2858 869 2921 homo
891 2865 956 2922 tam
980 2864 1132 2925 versutus
1153 2855 1214 2924 Ja-

92 2960 252 3023 stiuisous
277 2959 309 3021 iu
337 2957 503 3039 sepimine,
536 2941 762 3039 huiuscemodi
786 2958 972 3022 stoliditatis
1000 2964 1092 3024 nolas
1120 2974 1215 3039 praa·

88 3057 283 3126 saierebat?
295 3059 453 3126 Similiter
472 3055 666 3121 assecutam
681 3057 861 3121 llnctorem
877 3058 1103 3137 condemnant,
1127 3074 1213 3139 quae

89 3167 122 3227 in
139 3163 344 3245 praelatione
358 3161 521 3225 librorum
539 3157 583 3222 De
604 3157 768 3238 Aedificiis
782 3165 939 3223 notantur
950 3156 1125 3224 lastiniani
1145 3164 1214 3225 slu-

88 3269 144 3331 dia
168 3265 255 3329 circa
288 3263 575 3344 iorlsprndeuttam
591 3281 599 3323 s
617 3279 634 3320 a
651 3260 699 3324 dd
723 3261 815 3336 lanea,
836 3262 955 3341 inquit,
986 3259 1111 3342 legibus
1133 3277 1212 3343 prae

87 3370 192 3430 nimia
207 3366 354 3430 obscuris
375 3363 597 3440 mullitudine,
612 3371 651 3441 et,
665 3361 833 3425 mauliesta
853 3364 937 3426 iuter
956 3381 991 3427 ιιι
1013 3377 1119 3444 pugna
1136 3379 1213 3428 cou-

86 3469 189 3542 iusis,
211 3467 341 3530 admota
363 3479 473 3541 maun,
492 3463 621 3528 turbam
644 3463 758 3527 recidit
772 3480 1061 3544 supervacaneam,
1078 3463 1215 3546 optima·

85 3587 157 3650 que
172 3567 411 3643 conciliatione,
434 3565 563 3630 sublato
580 3567 722 3645 ipsarum
738 3563 880 3642 dissidio,
894 3555 1211 3646 jus'cousa'rrarit.»

176 3668 219 3733 Et
239 3670 311 3750 quis
334 3666 531 3733 tantumdem
548 3669 579 3730 in
599 3666 783 3732 lustialauo
799 3685 862 3730 uon
884 3666 1024 3731 miretur
1042 3667 1211 3732 solertiam

83 3774 119 3835 in
136 3773 268 3852 imperii
293 3771 449 3852 regimine
464 3773 539 3834 ac'tn
563 3770 714 3850 explente
730 3786 816 3851 quae
836 3768 1041 3848 adsciverat,
1057 3773 1089 3833 el
1110 3785 1213 3850 quau·

82 3883 120 3936 to
138 3873 218 3936 ideo
233 3872 344 3935 studlo
368 3871 566 3951 populorum
590 3870 793 3934 consuluerit
808 3869 1035 3947 incolumitati,
1057 3874 1091 3934 et
1111 3886 1214 3951 quau·

80 3981 116 4034 ιιι
144 3970 297 4051 pentibus
322 3971 460 4035 subditis
492 3968 576 4033 bona
605 3971 857 4051 comparaverit,
891 3969 1008 4033 harum
1040 3968 1212 4033 emendans

78 4089 215 4150 mores,
238 4089 359 4153 eosque
390 4070 562 4136 traducens
582 4071 627 4134 ad'
648 4085 758 4136 reram
779 4069 901 4136 Christi
921 4067 1150 4152 Religionem?
1169 4063 1213 4132 Et

76 4173 129 4236 ita
146 4187 230 4237 sane
245 4168 383 4252 vigilius
400 4171 485 4252 Papa
501 4171 587 4234 circa
611 4187 730 4234 anuum
752 4163 823 4238 alo.
839 4170 880 4233 ad
894 4168 1045 4235 cumdum
1066 4167 1210 4234 scribens

75 4273 221 4354 ajebat:
239 4291 256 4334 ι
272 4271 389 4350 Qualia
404 4274 488 4338 euim
512 4286 609 4354 repon
633 4273 709 4355 plus
730 4273 829 4339 armis
846 4271 920 4336 ddei
941 4287 1040 4353 quam
1056 4285 1213 4352 corporea
