2994 4938
1097 373 1133 424 ru

167 475 241 554 lloc
267 489 390 554 autom
417 476 653 565 obtinebitur,
672 497 755 553 cum
776 475 939 554 studiose
959 499 1005 553 ex
1032 499 1133 556 suur-

62 625 193 682 morum
217 605 432 683 Pontificum
460 606 596 706 Pelagii
619 605 647 680 l.
673 605 808 704 Pelagii
829 606 874 680 ll.
903 618 942 682 et
968 603 1132 704 Gregorii

62 731 169 832 llagui
211 733 516 810 obtestationibus
547 733 606 810 vel
633 733 867 832 amplissimis
907 733 1132 832 pateiactum

61 859 173 949 luent,
191 861 308 938 tribus
325 861 505 961 Capitulis
529 885 550 938 u
576 861 721 960 Sycurio
737 859 779 934 ll.
799 859 1136 944 anathematizatis,

60 987 179 1064 borum
205 1005 392 1087 patronos,
419 1013 509 1068 voce
536 1005 576 1068 et
603 989 743 1088 scripto
770 1000 889 1066 totum
917 1011 1135 1088 pervagasse

61 1115 264 1205 Ecclesiam,
300 1123 477 1218 cujusque
514 1118 659 1219 generis
697 1117 1000 1204 obtrectationes,
1033 1139 1139 1192 meu·

61 1244 165 1332 dacia,
189 1259 366 1345 gestaque
394 1249 646 1323 commentitia
687 1258 877 1334 serentes3
904 1245 1036 1344 quibus
1063 1246 1138 1321 sin·

63 1393 171 1448 ceram
188 1373 301 1468 hujus
313 1373 448 1472 Synodi
467 1375 657 1452 historiam
678 1388 934 1473 corruperunt,
948 1387 1138 1474 perverte-

62 1513 206 1599 ruutque
231 1501 270 1576 iu
299 1503 510 1579 diuturnum
539 1503 702 1581 bdelium
730 1502 955 1590 scandalum,
978 1504 1033 1578 uti
1060 1525 1140 1578 cre·

60 1625 148 1706 brius
173 1629 312 1707 laudati
331 1629 528 1708 Pontifices
548 1656 613 1731 per
632 1631 808 1731 epistolas
827 1630 1017 1728 conquesti
1038 1643 1137 1706 sunt.
1162 1685 1166 1692 ,

154 1756 270 1835 Porro
296 1781 380 1836 cum
407 1759 444 1834 in
463 1759 533 1835 huc
560 1759 772 1859 quaestione
792 1758 986 1834 admodum
1012 1757 1140 1833 obstu-

62 1907 235 1982 pescerem
264 1909 329 1963 eur
355 1883 394 1962 iu
411 1884 596 1986 vigilium,
616 1889 654 1962 in
680 1885 940 1973 Justiniauum,
959 1897 999 1961 et
1026 1886 1062 1959 in
1091 1884 1141 1962 0-

63 2011 210 2110 rigeuem
228 2013 326 2090 tales
351 2015 642 2113 praevaluissent
661 2015 966 2102 insimulationes,
985 2027 1024 2091 et
1051 2035 1141 2112 qua·

62 2140 221 2218 readbuc
248 2141 507 2240 perdurareut3
524 2141 632 2236 hujus
659 2142 713 2219 roi
741 2144 896 2218 rimatus
914 2163 1057 2228 causas,
1085 2139 1140 2214 bi·

63 2287 119 2341 ms
134 2269 268 2366 reperi,
286 2292 377 2367 quas
396 2267 543 2348 lectoris
558 2269 693 2362 jndicio
712 2269 890 2345 submitto
908 2269 1142 2344 considerau-

64 2393 131 2470 das.
148 2393 311 2486 Quarum
330 2396 447 2496 prima
466 2397 558 2472 baec
576 2407 660 2472 est:
681 2419 899 2472 coaevorum
922 2396 1140 2494 scriptorum

66 2523 263 2601 testimonia
291 2523 435 2600 calamo
453 2522 639 2600 elaborata
660 2522 845 2600 Ecclesiae
864 2523 1074 2623 Catholicae
1104 2535 1142 2598 et

65 2643 287 2726 Pontiflmtui
308 2651 478 2728 Romano
505 2651 645 2739 hostili,
664 2652 774 2726 nimia
802 2665 889 2726 tunc
916 2653 951 2726 io
980 2650 1146 2728 ecclesiis

66 2791 223 2878 suscepta
253 2779 447 2856 alacritate
464 2791 505 2855 et
533 2778 644 2878 vulgo
670 2779 807 2856 credita
834 2781 988 2862 sincera,
1016 2779 1142 2872 huJos-

63 2905 149 2980 modi
175 2905 347 3001 iujuriam
398 2905 554 2982 intulere
587 2905 732 3004 vigilio,
764 2904 983 2992 Justiniuoo,
1016 2905 1143 3003 Orige-

64 3033 96 3106 ui
111 3047 148 3110 et
171 3036 368 3136 episeopis,
389 3035 451 3136 qui
470 3035 615 3135 synodo
645 3034 688 3109 ll.
709 3035 942 3112 adstiterunt.
962 3033 1141 3120 Secunde,

64 3157 273 3242 documenta
291 3164 470 3265 quaedam
488 3166 534 3241 de
554 3161 673 3262 Vigilii
692 3162 924 3246 Pontificem,
943 3173 982 3236 et
1008 3161 1052 3235 de
1077 3160 1142 3235 Ju-

65 3288 199 3368 stiuiaui
228 3294 385 3393 imperio
416 3294 454 3369 in
482 3292 653 3369 archiviis
673 3291 831 3390 sepulta,
859 3303 898 3366 et
925 3291 1070 3388 quidem
1095 3313 1141 3364 ex

64 3412 140 3506 illis,
165 3443 261 3520 quae
289 3420 441 3521 Vigilius
469 3423 561 3520 ipse,
578 3424 729 3519 eiusque
759 3418 959 3494 immediati
993 3441 1140 3491 succes-

65 3565 156 3621 sores
178 3550 232 3626 uti
257 3549 349 3625 falsa
368 3563 601 3649 respuerunt,
623 3548 928 3646 damnorumque,
956 3545 1064 3622 bodie
1088 3549 1143 3620 iu·

65 3667 278 3753 faustissime
297 3677 334 3752 in
352 3678 474 3754 lucem
501 3688 620 3763 eruta,
649 3689 686 3750 et
711 3675 757 3751 ab
786 3675 998 3752 inconsultis
1026 3674 1142 3750 histo·

64 3799 131 3878 riae
158 3805 295 3884 veteris
320 3805 493 3882 studiosis
511 3804 666 3904 genuina
686 3813 852 3902 occepta,
879 3803 1141 3886 recentioribus

66 3923 161 4008 Sedis
178 3934 411 4033 spostolicae
439 3933 606 4010 hostibus
633 3933 750 4031 magis
769 3944 811 4008 ut
830 3933 865 4008 in
885 3932 979 4008 hanc
1006 3933 1139 4009 irrum-

66 4071 201 4150 perent,
221 4061 499 4162 suppeditarunt
523 4083 638 4136 armo.
659 4059 709 4134 Et
726 4061 817 4135 haec
846 4073 944 4147 sunt,
967 4081 1060 4158 quoe
1087 4059 1142 4134 di·

65 4177 208 4280 ligeuter
233 4187 467 4294 inpraesenti
488 4185 604 4262 Temo
627 4186 835 4261 examinata
856 4197 895 4261 et
918 4197 1139 4285 expugnata,

65 4327 124 4384 uos
146 4314 190 4389 ad
218 4314 309 4392 tales
342 4315 544 4392 conducent
576 4313 869 4412 consequentius.
