<?xml version="1.0" encoding="UTF-8"?>
<!DOCTYPE html PUBLIC "-//W3C//DTD XHTML 1.0 Transitional//EN"
    "http://www.w3.org/TR/xhtml1/DTD/xhtml1-transitional.dtd">
<html xmlns="http://www.w3.org/1999/xhtml" xml:lang="en" lang="en">
 <head>
  <title>
</title>
<meta http-equiv="Content-Type" content="text/html;charset=utf-8" />
  <meta name='ocr-system' content='tesseract 3.04.00' />
  <meta name='ocr-capabilities' content='ocr_page ocr_carea ocr_par ocr_line ocrx_word'/>
</head>
<body>
  <div class='ocr_page' id='page_1' title='image "./insgregoriinyss01vincgoog/insgregoriinyss01vincgoog_0167.png"; bbox 0 0 3028 4942; ppageno 0'>
   <div class='ocr_carea' id='block_1_1' title="bbox 265 471 1501 4300">
    <p class='ocr_par' dir='ltr' id='par_1_1' title="bbox 336 428 1498 1573">
     <span class='ocr_line' id='line_1_1' title="bbox 338 471 1432 555; baseline -0.002 -17"><span class='ocrx_word' id='word_1_1' title='bbox 338 481 423 550; x_wconf 89' lang='lat' dir='ltr'><strong>rent,</strong></span> <span class='ocrx_word' id='word_1_2' title='bbox 447 481 551 538; x_wconf 88' lang='lat' dir='ltr'><strong>tamen</strong></span> <span class='ocrx_word' id='word_1_3' title='bbox 564 473 625 538; x_wconf 83' lang='lat' dir='ltr'><strong>orbs</strong></span> <span class='ocrx_word' id='word_1_4' title='bbox 646 473 818 555; x_wconf 84' lang='lat' dir='ltr'><strong>rnyuriosos</strong></span> <span class='ocrx_word' id='word_1_5' title='bbox 839 472 1035 548; x_wconf 84' lang='lat' dir='ltr'><strong>existimans,</strong></span> <span class='ocrx_word' id='word_1_6' title='bbox 1055 471 1147 536; x_wconf 83' lang='lat' dir='ltr'><strong>vaide</strong></span> <span class='ocrx_word' id='word_1_7' title='bbox 1169 475 1339 555; x_wconf 77' lang='lat' dir='ltr'><strong>aegretnlit</strong></span> <span class='ocrx_word' id='word_1_8' title='bbox 1355 474 1432 555; x_wconf 85' lang='lat' dir='ltr'><strong>quud</strong></span> 
     </span>
     <span class='ocr_line' id='line_1_2' title="bbox 336 575 1434 658; baseline -0.002 -18"><span class='ocrx_word' id='word_1_9' title='bbox 336 580 475 658; x_wconf 86' lang='lat' dir='ltr'><strong>seipsum</strong></span> <span class='ocrx_word' id='word_1_10' title='bbox 491 595 551 640; x_wconf 88' lang='lat' dir='ltr'><strong>cen</strong></span> <span class='ocrx_word' id='word_1_11' title='bbox 561 575 707 656; x_wconf 72' lang='lat' dir='ltr'><strong>origenis</strong></span> <span class='ocrx_word' id='word_1_12' title='bbox 719 576 922 640; x_wconf 76' lang='lat' dir='ltr'><strong>laudatorem</strong></span> <span class='ocrx_word' id='word_1_13' title='bbox 938 575 1142 654; x_wconf 78' lang='lat' dir='ltr'><strong>nominasset,</strong></span> <span class='ocrx_word' id='word_1_14' title='bbox 1156 579 1274 658; x_wconf 83' lang='lat' dir='ltr'><strong>quippe</strong></span> <span class='ocrx_word' id='word_1_15' title='bbox 1291 587 1366 640; x_wconf 88' lang='lat' dir='ltr'><strong>tuuc</strong></span> <span class='ocrx_word' id='word_1_16' title='bbox 1379 578 1434 658; x_wconf 78' lang='lat' dir='ltr'><strong>jam</strong></span> 
     </span>
     <span class='ocr_line' id='line_1_3' title="bbox 339 677 1436 760; baseline -0.002 -17"><span class='ocrx_word' id='word_1_17' title='bbox 339 699 418 744; x_wconf 90' lang='lat' dir='ltr'><strong>suns</strong></span> <span class='ocrx_word' id='word_1_18' title='bbox 439 689 566 744; x_wconf 88' lang='lat' dir='ltr'><strong>amotus</strong></span> <span class='ocrx_word' id='word_1_19' title='bbox 588 687 671 742; x_wconf 90' lang='lat' dir='ltr'><strong>esset</strong></span> <span class='ocrx_word' id='word_1_20' title='bbox 684 679 809 742; x_wconf 88' lang='lat' dir='ltr'><strong>animus</strong></span> <span class='ocrx_word' id='word_1_21' title='bbox 829 679 870 740; x_wconf 87' lang='lat' dir='ltr'><strong>ab</strong></span> <span class='ocrx_word' id='word_1_22' title='bbox 890 677 1043 759; x_wconf 74' lang='lat' dir='ltr'><strong>Origene,</strong></span> <span class='ocrx_word' id='word_1_23' title='bbox 1058 681 1244 760; x_wconf 87' lang='lat' dir='ltr'><strong>praesertim</strong></span> <span class='ocrx_word' id='word_1_24' title='bbox 1260 681 1302 741; x_wconf 88' lang='lat' dir='ltr'><strong>ob</strong></span> <span class='ocrx_word' id='word_1_25' title='bbox 1320 679 1436 743; x_wconf 83' lang='lat' dir='ltr'><strong>Periur-</strong></span> 
     </span>
     <span class='ocr_line' id='line_1_4' title="bbox 336 779 1434 862; baseline -0.002 -19"><span class='ocrx_word' id='word_1_26' title='bbox 336 782 418 844; x_wconf 81' lang='lat' dir='ltr'><strong>clsoa</strong></span> <span class='ocrx_word' id='word_1_27' title='bbox 439 782 561 854; x_wconf 83' lang='lat' dir='ltr'><strong>libros,</strong></span> <span class='ocrx_word' id='word_1_28' title='bbox 584 799 666 861; x_wconf 88' lang='lat' dir='ltr'><strong>qnos</strong></span> <span class='ocrx_word' id='word_1_29' title='bbox 691 781 824 842; x_wconf 82' lang='lat' dir='ltr'><strong>lalsntoc</strong></span> <span class='ocrx_word' id='word_1_30' title='bbox 841 779 976 859; x_wconf 75' lang='lat' dir='ltr'><strong>legerat.</strong></span> <span class='ocrx_word' id='word_1_31' title='bbox 1001 779 1211 862; x_wconf 79' lang='lat' dir='ltr'><strong>Quapropter</strong></span> <span class='ocrx_word' id='word_1_32' title='bbox 1235 799 1297 844; x_wconf 92' lang='lat' dir='ltr'><strong>non</strong></span> <span class='ocrx_word' id='word_1_33' title='bbox 1321 791 1434 844; x_wconf 88' lang='lat' dir='ltr'><strong>tantum</strong></span> 
     </span>
     <span class='ocr_line' id='line_1_5' title="bbox 342 881 1434 967; baseline -0.005 -19"><span class='ocrx_word' id='word_1_34' title='bbox 342 882 540 967; x_wconf 76' lang='lat' dir='ltr'><strong>Hieronymo</strong></span> <span class='ocrx_word' id='word_1_35' title='bbox 553 882 716 962; x_wconf 85' lang='lat' dir='ltr'><strong>displicuit</strong></span> <span class='ocrx_word' id='word_1_36' title='bbox 731 883 792 944; x_wconf 90' lang='lat' dir='ltr'><strong>boc</strong></span> <span class='ocrx_word' id='word_1_37' title='bbox 814 881 931 946; x_wconf 80' lang='lat' dir='ltr'><strong>Ruffini</strong></span> <span class='ocrx_word' id='word_1_38' title='bbox 947 884 1130 946; x_wconf 79' lang='lat' dir='ltr'><strong>encomium</strong></span> <span class='ocrx_word' id='word_1_39' title='bbox 1143 883 1186 944; x_wconf 89' lang='lat' dir='ltr'><strong>ob</strong></span> <span class='ocrx_word' id='word_1_40' title='bbox 1202 883 1434 945; x_wconf 73' lang='lat' dir='ltr'><strong>translationem</strong></span> 
     </span>
     <span class='ocr_line' id='line_1_6' title="bbox 340 983 1437 1064; baseline -0.004 -16"><span class='ocrx_word' id='word_1_41' title='bbox 340 1001 477 1064; x_wconf 87' lang='lat' dir='ltr'><strong>operum</strong></span> <span class='ocrx_word' id='word_1_42' title='bbox 500 983 702 1056; x_wconf 78' lang='lat' dir='ltr'><strong>Adamantii,</strong></span> <span class='ocrx_word' id='word_1_43' title='bbox 731 983 785 1046; x_wconf 87' lang='lat' dir='ltr'><strong>sed</strong></span> <span class='ocrx_word' id='word_1_44' title='bbox 817 992 851 1046; x_wconf 86' lang='lat' dir='ltr'><strong>ct</strong></span> <span class='ocrx_word' id='word_1_45' title='bbox 870 985 997 1046; x_wconf 89' lang='lat' dir='ltr'><strong>sinistre</strong></span> <span class='ocrx_word' id='word_1_46' title='bbox 1027 993 1260 1047; x_wconf 85' lang='lat' dir='ltr'><strong>commentatus</strong></span> <span class='ocrx_word' id='word_1_47' title='bbox 1294 993 1343 1046; x_wconf 89' lang='lat' dir='ltr'><strong>cst</strong></span> <span class='ocrx_word' id='word_1_48' title='bbox 1364 984 1437 1046; x_wconf 87' lang='lat' dir='ltr'><strong>dicta</strong></span> 
     </span>
     <span class='ocr_line' id='line_1_7' title="bbox 339 1083 1438 1165; baseline -0.005 -15"><span class='ocrx_word' id='word_1_49' title='bbox 339 1085 462 1152; x_wconf 85' lang='lat' dir='ltr'><strong>Rnlfiui</strong></span> <span class='ocrx_word' id='word_1_50' title='bbox 483 1087 515 1148; x_wconf 93' lang='lat' dir='ltr'><strong>in</strong></span> <span class='ocrx_word' id='word_1_51' title='bbox 534 1084 664 1148; x_wconf 90' lang='lat' dir='ltr'><strong>laudem</strong></span> <span class='ocrx_word' id='word_1_52' title='bbox 685 1102 776 1148; x_wconf 91' lang='lat' dir='ltr'><strong>snam</strong></span> <span class='ocrx_word' id='word_1_53' title='bbox 797 1083 974 1148; x_wconf 89' lang='lat' dir='ltr'><strong>elaborata.</strong></span> <span class='ocrx_word' id='word_1_54' title='bbox 993 1083 1035 1148; x_wconf 84' lang='lat' dir='ltr'><strong>Et</strong></span> <span class='ocrx_word' id='word_1_55' title='bbox 1056 1086 1086 1147; x_wconf 94' lang='lat' dir='ltr'><strong>id</strong></span> <span class='ocrx_word' id='word_1_56' title='bbox 1103 1087 1244 1165; x_wconf 92' lang='lat' dir='ltr'><strong>primum</strong></span> <span class='ocrx_word' id='word_1_57' title='bbox 1266 1086 1438 1148; x_wconf 74' lang='lat' dir='ltr'><strong>manifesta·</strong></span> 
     </span>
     <span class='ocr_line' id='line_1_8' title="bbox 343 1183 1498 1267; baseline -0.001 -19"><span class='ocrx_word' id='word_1_58' title='bbox 343 1189 388 1250; x_wconf 85' lang='lat' dir='ltr'><strong>vit</strong></span> <span class='ocrx_word' id='word_1_59' title='bbox 405 1207 431 1250; x_wconf 87' lang='lat' dir='ltr'><strong>s.</strong></span> <span class='ocrx_word' id='word_1_60' title='bbox 449 1185 570 1250; x_wconf 86' lang='lat' dir='ltr'><strong>Ductor</strong></span> <span class='ocrx_word' id='word_1_61' title='bbox 584 1187 614 1248; x_wconf 94' lang='lat' dir='ltr'><strong>iu</strong></span> <span class='ocrx_word' id='word_1_62' title='bbox 639 1183 780 1264; x_wconf 79' lang='lat' dir='ltr'><strong>Epistola</strong></span> <span class='ocrx_word' id='word_1_63' title='bbox 793 1183 842 1252; x_wconf 83' lang='lat' dir='ltr'><strong>nt.</strong></span> <span class='ocrx_word' id='word_1_64' title='bbox 857 1189 916 1249; x_wconf 89' lang='lat' dir='ltr'><strong>etsi</strong></span> <span class='ocrx_word' id='word_1_65' title='bbox 937 1187 976 1248; x_wconf 88' lang='lat' dir='ltr'><strong>ad</strong></span> <span class='ocrx_word' id='word_1_66' title='bbox 998 1187 1091 1250; x_wconf 92' lang='lat' dir='ltr'><strong>illum</strong></span> <span class='ocrx_word' id='word_1_67' title='bbox 1106 1185 1193 1250; x_wconf 87' lang='lat' dir='ltr'><strong>band</strong></span> <span class='ocrx_word' id='word_1_68' title='bbox 1215 1189 1382 1267; x_wconf 82' lang='lat' dir='ltr'><strong>pertigisse</strong></span> <span class='ocrx_word' id='word_1_69' title='bbox 1403 1187 1439 1247; x_wconf 82' lang='lat' dir='ltr'><strong>ri·</strong></span> <span class='ocrx_word' id='word_1_70' title='bbox 1497 1244 1498 1260; x_wconf 63' lang='grc'>,</span> 
     </span>
     <span class='ocr_line' id='line_1_9' title="bbox 342 1287 1441 1374; baseline -0.003 -22"><span class='ocrx_word' id='word_1_71' title='bbox 342 1289 470 1352; x_wconf 78' lang='lat' dir='ltr'><strong>dentur.</strong></span> <span class='ocrx_word' id='word_1_72' title='bbox 493 1287 528 1350; x_wconf 93' lang='lat' dir='ltr'><strong>lu</strong></span> <span class='ocrx_word' id='word_1_73' title='bbox 551 1288 598 1350; x_wconf 90' lang='lat' dir='ltr'><strong>bis</strong></span> <span class='ocrx_word' id='word_1_74' title='bbox 619 1287 725 1367; x_wconf 85' lang='lat' dir='ltr'><strong>ajebat</strong></span> <span class='ocrx_word' id='word_1_75' title='bbox 753 1287 992 1374; x_wconf 77' lang='lat' dir='ltr'><strong>Hieronymus:</strong></span> <span class='ocrx_word' id='word_1_76' title='bbox 1018 1309 1034 1349; x_wconf 83' lang='grc' dir='ltr'><strong>ιι</strong></span> <span class='ocrx_word' id='word_1_77' title='bbox 1061 1288 1321 1352; x_wconf 85' lang='lat' dir='ltr'><strong>Praelatiuncula</strong></span> <span class='ocrx_word' id='word_1_78' title='bbox 1351 1289 1441 1350; x_wconf 80' lang='lat' dir='ltr'><strong>libro</strong></span> 
     </span>
     <span class='ocr_line' id='line_1_10' title="bbox 343 1387 1440 1471; baseline -0.001 -20"><span class='ocrx_word' id='word_1_79' title='bbox 343 1407 417 1452; x_wconf 87' lang='lat' dir='ltr'><strong>rum</strong></span> <span class='ocrx_word' id='word_1_80' title='bbox 429 1387 625 1452; x_wconf 81' lang='lat' dir='ltr'><strong>Pcrinrclton</strong></span> <span class='ocrx_word' id='word_1_81' title='bbox 635 1390 674 1451; x_wconf 91' lang='lat' dir='ltr'><strong>ad</strong></span> <span class='ocrx_word' id='word_1_82' title='bbox 693 1407 744 1453; x_wconf 82' lang='lat' dir='ltr'><strong>me</strong></span> <span class='ocrx_word' id='word_1_83' title='bbox 759 1391 850 1454; x_wconf 89' lang='lat' dir='ltr'><strong>missa</strong></span> <span class='ocrx_word' id='word_1_84' title='bbox 861 1402 929 1467; x_wconf 82' lang='lat' dir='ltr'><strong>cst,</strong></span> <span class='ocrx_word' id='word_1_85' title='bbox 943 1409 1040 1471; x_wconf 85' lang='lat' dir='ltr'><strong>quam</strong></span> <span class='ocrx_word' id='word_1_86' title='bbox 1056 1409 1097 1454; x_wconf 81' lang='lat' dir='ltr'><strong>ex</strong></span> <span class='ocrx_word' id='word_1_87' title='bbox 1111 1389 1185 1453; x_wconf 89' lang='lat' dir='ltr'><strong>stilo</strong></span> <span class='ocrx_word' id='word_1_88' title='bbox 1200 1391 1346 1453; x_wconf 82' lang='lat' dir='ltr'><strong>intellexi</strong></span> <span class='ocrx_word' id='word_1_89' title='bbox 1363 1397 1440 1452; x_wconf 87' lang='lat' dir='ltr'><strong>tuam</strong></span> 
     </span>
     <span class='ocr_line' id='line_1_11' title="bbox 344 1491 1442 1573; baseline -0.002 -19"><span class='ocrx_word' id='word_1_90' title='bbox 344 1509 431 1554; x_wconf 80' lang='lat' dir='ltr'><strong>esses</strong></span> <span class='ocrx_word' id='word_1_91' title='bbox 448 1493 480 1554; x_wconf 94' lang='lat' dir='ltr'><strong>in</strong></span> <span class='ocrx_word' id='word_1_92' title='bbox 494 1508 557 1570; x_wconf 87' lang='lat' dir='ltr'><strong>qua</strong></span> <span class='ocrx_word' id='word_1_93' title='bbox 578 1491 711 1571; x_wconf 82' lang='lat' dir='ltr'><strong>oblique</strong></span> <span class='ocrx_word' id='word_1_94' title='bbox 732 1503 844 1570; x_wconf 90' lang='lat' dir='ltr'><strong>aperte</strong></span> <span class='ocrx_word' id='word_1_95' title='bbox 858 1511 918 1573; x_wconf 75' lang='lat' dir='ltr'><strong>ego</strong></span> <span class='ocrx_word' id='word_1_96' title='bbox 933 1501 1036 1573; x_wconf 88' lang='lat' dir='ltr'><strong>petor.</strong></span> <span class='ocrx_word' id='word_1_97' title='bbox 1054 1491 1126 1569; x_wconf 86' lang='lat' dir='ltr'><strong>Qua</strong></span> <span class='ocrx_word' id='word_1_98' title='bbox 1147 1499 1251 1554; x_wconf 88' lang='lat' dir='ltr'><strong>mente</strong></span> <span class='ocrx_word' id='word_1_99' title='bbox 1265 1495 1382 1571; x_wconf 89' lang='lat' dir='ltr'><strong>scripta</strong></span> <span class='ocrx_word' id='word_1_100' title='bbox 1396 1492 1442 1566; x_wconf 86' lang='lat' dir='ltr'><strong>sit,</strong></span> 
     </span>
    </p>

    <p class='ocr_par' dir='ltr' id='par_1_2' title="bbox 347 1591 1443 1978">
     <span class='ocr_line' id='line_1_12' title="bbox 348 1591 1441 1674; baseline 0 -21"><span class='ocrx_word' id='word_1_101' title='bbox 348 1600 381 1655; x_wconf 89' lang='lat' dir='ltr'><strong>tu</strong></span> <span class='ocrx_word' id='word_1_102' title='bbox 400 1591 533 1654; x_wconf 83' lang='lat' dir='ltr'><strong>videris:</strong></span> <span class='ocrx_word' id='word_1_103' title='bbox 550 1611 612 1673; x_wconf 86' lang='lat' dir='ltr'><strong>qna</strong></span> <span class='ocrx_word' id='word_1_104' title='bbox 636 1593 846 1672; x_wconf 80' lang='lat' dir='ltr'><strong>intelligetur,</strong></span> <span class='ocrx_word' id='word_1_105' title='bbox 869 1603 900 1656; x_wconf 89' lang='lat' dir='ltr'><strong>et</strong></span> <span class='ocrx_word' id='word_1_106' title='bbox 914 1593 1020 1658; x_wconf 89' lang='lat' dir='ltr'><strong>stultis</strong></span> <span class='ocrx_word' id='word_1_107' title='bbox 1042 1603 1140 1674; x_wconf 84' lang='lat' dir='ltr'><strong>petet.</strong></span> <span class='ocrx_word' id='word_1_108' title='bbox 1163 1593 1311 1658; x_wconf 85' lang='lat' dir='ltr'><strong>Poteram</strong></span> <span class='ocrx_word' id='word_1_109' title='bbox 1333 1603 1441 1670; x_wconf 81' lang='lat' dir='ltr'><strong>elego,</strong></span> 
     </span>
     <span class='ocr_line' id='line_1_13' title="bbox 347 1693 1443 1775; baseline -0.005 -17"><span class='ocrx_word' id='word_1_110' title='bbox 347 1695 404 1773; x_wconf 82' lang='lat' dir='ltr'><strong>qni</strong></span> <span class='ocrx_word' id='word_1_111' title='bbox 423 1696 608 1774; x_wconf 86' lang='lat' dir='ltr'><strong>saepissime</strong></span> <span class='ocrx_word' id='word_1_112' title='bbox 629 1693 783 1775; x_wconf 75' lang='lat' dir='ltr'><strong>figuratas</strong></span> <span class='ocrx_word' id='word_1_113' title='bbox 804 1697 1040 1760; x_wconf 81' lang='lat' dir='ltr'><strong>controversias</strong></span> <span class='ocrx_word' id='word_1_114' title='bbox 1062 1696 1252 1770; x_wconf 83' lang='lat' dir='ltr'><strong>declamari,</strong></span> <span class='ocrx_word' id='word_1_115' title='bbox 1269 1695 1389 1775; x_wconf 87' lang='lat' dir='ltr'><strong>aliquid</strong></span> <span class='ocrx_word' id='word_1_116' title='bbox 1410 1693 1443 1754; x_wconf 88' lang='lat' dir='ltr'><strong>de</strong></span> 
     </span>
     <span class='ocr_line' id='line_1_14' title="bbox 350 1794 1442 1877; baseline -0.002 -21"><span class='ocrx_word' id='word_1_117' title='bbox 350 1797 450 1860; x_wconf 85' lang='lat' dir='ltr'><strong>veteri</strong></span> <span class='ocrx_word' id='word_1_118' title='bbox 470 1797 608 1860; x_wconf 89' lang='lat' dir='ltr'><strong>artilicio</strong></span> <span class='ocrx_word' id='word_1_119' title='bbox 629 1807 798 1877; x_wconf 88' lang='lat' dir='ltr'><strong>repetere,</strong></span> <span class='ocrx_word' id='word_1_120' title='bbox 822 1806 854 1860; x_wconf 89' lang='lat' dir='ltr'><strong>et</strong></span> <span class='ocrx_word' id='word_1_121' title='bbox 876 1808 933 1860; x_wconf 90' lang='lat' dir='ltr'><strong>tun</strong></span> <span class='ocrx_word' id='word_1_122' title='bbox 956 1807 986 1859; x_wconf 91' lang='lat' dir='ltr'><strong>te</strong></span> <span class='ocrx_word' id='word_1_123' title='bbox 1008 1815 1098 1860; x_wconf 91' lang='lat' dir='ltr'><strong>rnore</strong></span> <span class='ocrx_word' id='word_1_124' title='bbox 1119 1798 1264 1859; x_wconf 87' lang='lat' dir='ltr'><strong>laudare.</strong></span> <span class='ocrx_word' id='word_1_125' title='bbox 1288 1794 1348 1857; x_wconf 84' lang='lat' dir='ltr'><strong>Sed</strong></span> <span class='ocrx_word' id='word_1_126' title='bbox 1371 1794 1442 1856; x_wconf 87' lang='lat' dir='ltr'><strong>absit</strong></span> 
     </span>
     <span class='ocr_line' id='line_1_15' title="bbox 349 1897 1443 1978; baseline -0.005 -18"><span class='ocrx_word' id='word_1_127' title='bbox 349 1914 446 1972; x_wconf 85' lang='lat' dir='ltr'><strong>arne,</strong></span> <span class='ocrx_word' id='word_1_128' title='bbox 470 1905 519 1972; x_wconf 90' lang='lat' dir='ltr'><strong>ut,</strong></span> <span class='ocrx_word' id='word_1_129' title='bbox 539 1898 626 1977; x_wconf 87' lang='lat' dir='ltr'><strong>quod</strong></span> <span class='ocrx_word' id='word_1_130' title='bbox 650 1897 851 1978; x_wconf 87' lang='lat' dir='ltr'><strong>reprebendo</strong></span> <span class='ocrx_word' id='word_1_131' title='bbox 872 1899 904 1960; x_wconf 92' lang='lat' dir='ltr'><strong>in</strong></span> <span class='ocrx_word' id='word_1_132' title='bbox 926 1907 971 1972; x_wconf 88' lang='lat' dir='ltr'><strong>te,</strong></span> <span class='ocrx_word' id='word_1_133' title='bbox 986 1899 1114 1962; x_wconf 89' lang='lat' dir='ltr'><strong>imiter.</strong></span> <span class='ocrx_word' id='word_1_134' title='bbox 1131 1942 1139 1959; x_wconf 91' lang='lat'><strong>.</strong></span> <span class='ocrx_word' id='word_1_135' title='bbox 1156 1943 1164 1958; x_wconf 90' lang='lat'><strong>.</strong></span> <span class='ocrx_word' id='word_1_136' title='bbox 1181 1897 1241 1961; x_wconf 87' lang='lat' dir='ltr'><strong>Sed</strong></span> <span class='ocrx_word' id='word_1_137' title='bbox 1264 1897 1399 1960; x_wconf 88' lang='lat' dir='ltr'><strong>obsecro</strong></span> <span class='ocrx_word' id='word_1_138' title='bbox 1418 1905 1443 1955; x_wconf 86' lang='lat' dir='ltr'><strong>te</strong></span> 
     </span>
    </p>

    <p class='ocr_par' dir='ltr' id='par_1_3' title="bbox 350 1995 1445 2164">
     <span class='ocr_line' id='line_1_16' title="bbox 350 1995 1445 2080; baseline -0.007 -18"><span class='ocrx_word' id='word_1_139' title='bbox 350 2009 387 2062; x_wconf 90' lang='lat' dir='ltr'><strong>ut</strong></span> <span class='ocrx_word' id='word_1_140' title='bbox 400 1999 425 2061; x_wconf 92' lang='lat' dir='ltr'><strong>si</strong></span> <span class='ocrx_word' id='word_1_141' title='bbox 443 1999 592 2078; x_wconf 85' lang='lat' dir='ltr'><strong>deinceps</strong></span> <span class='ocrx_word' id='word_1_142' title='bbox 613 2001 754 2080; x_wconf 83' lang='lat' dir='ltr'><strong>aliquem</strong></span> <span class='ocrx_word' id='word_1_143' title='bbox 776 2000 869 2079; x_wconf 87' lang='lat' dir='ltr'><strong>sequi</strong></span> <span class='ocrx_word' id='word_1_144' title='bbox 891 1999 1046 2074; x_wconf 78' lang='lat' dir='ltr'><strong>colueris,</strong></span> <span class='ocrx_word' id='word_1_145' title='bbox 1064 2008 1121 2061; x_wconf 91' lang='lat' dir='ltr'><strong>tuo</strong></span> <span class='ocrx_word' id='word_1_146' title='bbox 1136 2007 1259 2060; x_wconf 91' lang='lat' dir='ltr'><strong>tantum</strong></span> <span class='ocrx_word' id='word_1_147' title='bbox 1268 1995 1393 2078; x_wconf 81' lang='lat' dir='ltr'><strong>judicic</strong></span> <span class='ocrx_word' id='word_1_148' title='bbox 1408 1995 1445 2056; x_wconf 88' lang='lat' dir='ltr'><strong>sis</strong></span> 
     </span>
     <span class='ocr_line' id='line_1_17' title="bbox 350 2109 563 2164; baseline -0.028 0"><span class='ocrx_word' id='word_1_149' title='bbox 350 2109 563 2164; x_wconf 83' lang='lat' dir='ltr'><strong>contentus.»</strong></span> 
     </span>
    </p>

    <p class='ocr_par' dir='ltr' id='par_1_4' title="bbox 265 2197 1501 3192">
     <span class='ocr_line' id='line_1_18' title="bbox 265 2197 1445 2285; baseline -0.006 -23"><span class='ocrx_word' id='word_1_150' title='bbox 265 2273 270 2285; x_wconf 40' lang='grc'>,</span> <span class='ocrx_word' id='word_1_151' title='bbox 431 2197 513 2262; x_wconf 89' lang='lat' dir='ltr'><strong>Cum</strong></span> <span class='ocrx_word' id='word_1_152' title='bbox 537 2201 766 2276; x_wconf 80' lang='lat' dir='ltr'><strong>reroamplius</strong></span> <span class='ocrx_word' id='word_1_153' title='bbox 786 2218 805 2262; x_wconf 91' lang='lat' dir='ltr'><strong>a</strong></span> <span class='ocrx_word' id='word_1_154' title='bbox 828 2199 1032 2264; x_wconf 82' lang='lat' dir='ltr'><strong>Pammachio</strong></span> <span class='ocrx_word' id='word_1_155' title='bbox 1055 2200 1134 2262; x_wconf 88' lang='lat' dir='ltr'><strong>baec</strong></span> <span class='ocrx_word' id='word_1_156' title='bbox 1154 2197 1264 2262; x_wconf 89' lang='lat' dir='ltr'><strong>eadem</strong></span> <span class='ocrx_word' id='word_1_157' title='bbox 1287 2197 1445 2260; x_wconf 82' lang='lat' dir='ltr'><strong>audiverat</strong></span> 
     </span>
     <span class='ocr_line' id='line_1_19' title="bbox 353 2295 1446 2380; baseline -0.003 -18"><span class='ocrx_word' id='word_1_158' title='bbox 353 2301 393 2362; x_wconf 89' lang='lat' dir='ltr'><strong>dc</strong></span> <span class='ocrx_word' id='word_1_159' title='bbox 413 2302 508 2364; x_wconf 88' lang='lat' dir='ltr'><strong>citato</strong></span> <span class='ocrx_word' id='word_1_160' title='bbox 532 2299 648 2362; x_wconf 77' lang='lat' dir='ltr'><strong>Buffini</strong></span> <span class='ocrx_word' id='word_1_161' title='bbox 666 2299 880 2380; x_wconf 74' lang='lat' dir='ltr'><strong>Praetutium,</strong></span> <span class='ocrx_word' id='word_1_162' title='bbox 899 2305 996 2380; x_wconf 80' lang='lat' dir='ltr'><strong>magis</strong></span> <span class='ocrx_word' id='word_1_163' title='bbox 1018 2300 1198 2379; x_wconf 73' lang='lat' dir='ltr'><strong>indigestus</strong></span> <span class='ocrx_word' id='word_1_164' title='bbox 1219 2299 1321 2360; x_wconf 87' lang='lat' dir='ltr'><strong>eidem</strong></span> <span class='ocrx_word' id='word_1_165' title='bbox 1344 2295 1446 2360; x_wconf 83' lang='lat' dir='ltr'><strong>rescri-</strong></span> 
     </span>
     <span class='ocr_line' id='line_1_20' title="bbox 356 2401 1448 2483; baseline -0.005 -19"><span class='ocrx_word' id='word_1_166' title='bbox 356 2403 429 2482; x_wconf 85' lang='lat' dir='ltr'><strong>psit,</strong></span> <span class='ocrx_word' id='word_1_167' title='bbox 452 2402 567 2466; x_wconf 88' lang='lat' dir='ltr'><strong>acerbe</strong></span> <span class='ocrx_word' id='word_1_168' title='bbox 589 2403 776 2482; x_wconf 90' lang='lat' dir='ltr'><strong>corripiens,</strong></span> <span class='ocrx_word' id='word_1_169' title='bbox 794 2404 850 2483; x_wconf 85' lang='lat' dir='ltr'><strong>qui</strong></span> <span class='ocrx_word' id='word_1_170' title='bbox 865 2421 899 2466; x_wconf 90' lang='lat' dir='ltr'><strong>se</strong></span> <span class='ocrx_word' id='word_1_171' title='bbox 913 2405 1017 2482; x_wconf 89' lang='lat' dir='ltr'><strong>ipsum</strong></span> <span class='ocrx_word' id='word_1_172' title='bbox 1040 2405 1071 2464; x_wconf 92' lang='lat' dir='ltr'><strong>iu</strong></span> <span class='ocrx_word' id='word_1_173' title='bbox 1090 2419 1125 2464; x_wconf 84' lang='lat' dir='ltr'><strong>cn</strong></span> <span class='ocrx_word' id='word_1_174' title='bbox 1142 2409 1395 2481; x_wconf 72' lang='lat' dir='ltr'><strong>nuncupaverat,</strong></span> <span class='ocrx_word' id='word_1_175' title='bbox 1411 2401 1448 2460; x_wconf 90' lang='lat' dir='ltr'><strong>in·</strong></span> 
     </span>
     <span class='ocr_line' id='line_1_21' title="bbox 357 2497 1446 2582; baseline -0.006 -16"><span class='ocrx_word' id='word_1_176' title='bbox 357 2503 470 2582; x_wconf 85' lang='lat' dir='ltr'><strong>quiens</strong></span> <span class='ocrx_word' id='word_1_177' title='bbox 491 2503 522 2565; x_wconf 91' lang='lat' dir='ltr'><strong>iu</strong></span> <span class='ocrx_word' id='word_1_178' title='bbox 544 2500 688 2582; x_wconf 84' lang='lat' dir='ltr'><strong>Epistola</strong></span> <span class='ocrx_word' id='word_1_179' title='bbox 709 2497 758 2566; x_wconf 80' lang='lat' dir='ltr'><strong>nt.</strong></span> <span class='ocrx_word' id='word_1_180' title='bbox 781 2521 810 2563; x_wconf 90' lang='lat' dir='ltr'><strong>n.</strong></span> <span class='ocrx_word' id='word_1_181' title='bbox 832 2500 873 2568; x_wconf 80' lang='lat' dir='ltr'><strong>ls</strong></span> <span class='ocrx_word' id='word_1_182' title='bbox 891 2500 1114 2574; x_wconf 77' lang='lat' dir='ltr'><strong>«schedulae,</strong></span> <span class='ocrx_word' id='word_1_183' title='bbox 1137 2518 1218 2580; x_wconf 88' lang='lat' dir='ltr'><strong>quas</strong></span> <span class='ocrx_word' id='word_1_184' title='bbox 1239 2502 1377 2574; x_wconf 88' lang='lat' dir='ltr'><strong>misistis,</strong></span> <span class='ocrx_word' id='word_1_185' title='bbox 1399 2501 1446 2561; x_wconf 81' lang='lat' dir='ltr'><strong>bn</strong></span> 
     </span>
     <span class='ocr_line' id='line_1_22' title="bbox 358 2599 1501 2682; baseline -0.005 -16"><span class='ocrx_word' id='word_1_186' title='bbox 358 2603 490 2668; x_wconf 83' lang='lat' dir='ltr'><strong>noridca</strong></span> <span class='ocrx_word' id='word_1_187' title='bbox 511 2621 562 2668; x_wconf 89' lang='lat' dir='ltr'><strong>mc</strong></span> <span class='ocrx_word' id='word_1_188' title='bbox 583 2604 719 2668; x_wconf 83' lang='lat' dir='ltr'><strong>allecere</strong></span> <span class='ocrx_word' id='word_1_189' title='bbox 739 2604 956 2677; x_wconf 87' lang='lat' dir='ltr'><strong>contumelia,</strong></span> <span class='ocrx_word' id='word_1_190' title='bbox 979 2608 1024 2668; x_wconf 91' lang='lat' dir='ltr'><strong>sic</strong></span> <span class='ocrx_word' id='word_1_191' title='bbox 1044 2604 1204 2682; x_wconf 79' lang='lat' dir='ltr'><strong>ingenium</strong></span> <span class='ocrx_word' id='word_1_192' title='bbox 1227 2602 1447 2682; x_wconf 84' lang='lat' dir='ltr'><strong>praedicantes,</strong></span> <span class='ocrx_word' id='word_1_193' title='bbox 1500 2599 1501 2618; x_wconf 66' lang='lat'>¹</span> 
     </span>
     <span class='ocr_line' id='line_1_23' title="bbox 357 2703 1449 2785; baseline -0.009 -15"><span class='ocrx_word' id='word_1_194' title='bbox 357 2714 394 2770; x_wconf 89' lang='lat' dir='ltr'><strong>nt</strong></span> <span class='ocrx_word' id='word_1_195' title='bbox 415 2704 487 2770; x_wconf 88' lang='lat' dir='ltr'><strong>iidci</strong></span> <span class='ocrx_word' id='word_1_196' title='bbox 511 2705 661 2770; x_wconf 87' lang='lat' dir='ltr'><strong>tollerent</strong></span> <span class='ocrx_word' id='word_1_197' title='bbox 683 2708 861 2770; x_wconf 83' lang='lat' dir='ltr'><strong>veritatem.</strong></span> <span class='ocrx_word' id='word_1_198' title='bbox 879 2705 920 2768; x_wconf 82' lang='lat' dir='ltr'><strong>Et</strong></span> <span class='ocrx_word' id='word_1_199' title='bbox 934 2725 1036 2785; x_wconf 86' lang='lat' dir='ltr'><strong>quum</strong></span> <span class='ocrx_word' id='word_1_200' title='bbox 1058 2706 1170 2768; x_wconf 86' lang='lat' dir='ltr'><strong>cadem</strong></span> <span class='ocrx_word' id='word_1_201' title='bbox 1190 2713 1222 2766; x_wconf 90' lang='lat' dir='ltr'><strong>et</strong></span> <span class='ocrx_word' id='word_1_202' title='bbox 1244 2703 1449 2766; x_wconf 76' lang='lat' dir='ltr'><strong>Alexandriae</strong></span> 
     </span>
     <span class='ocr_line' id='line_1_24' title="bbox 356 2803 1448 2886; baseline -0.005 -20"><span class='ocrx_word' id='word_1_203' title='bbox 356 2812 389 2866; x_wconf 90' lang='lat' dir='ltr'><strong>et</strong></span> <span class='ocrx_word' id='word_1_204' title='bbox 410 2803 531 2870; x_wconf 82' lang='lat' dir='ltr'><strong>Romae</strong></span> <span class='ocrx_word' id='word_1_205' title='bbox 552 2815 583 2868; x_wconf 91' lang='lat' dir='ltr'><strong>et</strong></span> <span class='ocrx_word' id='word_1_206' title='bbox 605 2807 635 2868; x_wconf 90' lang='lat' dir='ltr'><strong>in</strong></span> <span class='ocrx_word' id='word_1_207' title='bbox 658 2813 726 2870; x_wconf 89' lang='lat' dir='ltr'><strong>toto</strong></span> <span class='ocrx_word' id='word_1_208' title='bbox 747 2824 825 2886; x_wconf 87' lang='lat' dir='ltr'><strong>pene</strong></span> <span class='ocrx_word' id='word_1_209' title='bbox 840 2805 919 2868; x_wconf 91' lang='lat' dir='ltr'><strong>orbe</strong></span> <span class='ocrx_word' id='word_1_210' title='bbox 942 2807 1014 2868; x_wconf 92' lang='lat' dir='ltr'><strong>boni</strong></span> <span class='ocrx_word' id='word_1_211' title='bbox 1036 2805 1180 2869; x_wconf 84' lang='lat' dir='ltr'><strong>homines</strong></span> <span class='ocrx_word' id='word_1_212' title='bbox 1196 2821 1295 2884; x_wconf 87' lang='lat' dir='ltr'><strong>super</strong></span> <span class='ocrx_word' id='word_1_213' title='bbox 1316 2821 1384 2865; x_wconf 90' lang='lat' dir='ltr'><strong>meo</strong></span> <span class='ocrx_word' id='word_1_214' title='bbox 1403 2819 1448 2861; x_wconf 91' lang='lat' dir='ltr'><strong>no·</strong></span> 
     </span>
     <span class='ocr_line' id='line_1_25' title="bbox 357 2905 1449 2986; baseline -0.006 -18"><span class='ocrx_word' id='word_1_215' title='bbox 357 2908 439 2970; x_wconf 91' lang='lat' dir='ltr'><strong>mine</strong></span> <span class='ocrx_word' id='word_1_216' title='bbox 457 2907 581 2986; x_wconf 83' lang='lat' dir='ltr'><strong>jacinte</strong></span> <span class='ocrx_word' id='word_1_217' title='bbox 603 2916 863 2982; x_wconf 85' lang='lat' dir='ltr'><strong>consueverunt,</strong></span> <span class='ocrx_word' id='word_1_218' title='bbox 894 2917 926 2970; x_wconf 89' lang='lat' dir='ltr'><strong>el</strong></span> <span class='ocrx_word' id='word_1_219' title='bbox 948 2916 1072 2970; x_wconf 84' lang='lat' dir='ltr'><strong>tantum</strong></span> <span class='ocrx_word' id='word_1_220' title='bbox 1094 2927 1145 2970; x_wconf 90' lang='lat' dir='ltr'><strong>ure</strong></span> <span class='ocrx_word' id='word_1_221' title='bbox 1165 2906 1315 2984; x_wconf 76' lang='lat' dir='ltr'><strong>diligunt,</strong></span> <span class='ocrx_word' id='word_1_222' title='bbox 1338 2915 1373 2967; x_wconf 88' lang='lat' dir='ltr'><strong>ut</strong></span> <span class='ocrx_word' id='word_1_223' title='bbox 1392 2905 1449 2965; x_wconf 85' lang='lat' dir='ltr'><strong>sine</strong></span> 
     </span>
     <span class='ocr_line' id='line_1_26' title="bbox 358 3007 1450 3088; baseline -0.008 -18"><span class='ocrx_word' id='word_1_224' title='bbox 358 3027 407 3070; x_wconf 87' lang='lat' dir='ltr'><strong>rue</strong></span> <span class='ocrx_word' id='word_1_225' title='bbox 428 3009 580 3072; x_wconf 88' lang='lat' dir='ltr'><strong>haeretici</strong></span> <span class='ocrx_word' id='word_1_226' title='bbox 595 3027 663 3072; x_wconf 86' lang='lat' dir='ltr'><strong>esse</strong></span> <span class='ocrx_word' id='word_1_227' title='bbox 685 3010 895 3088; x_wconf 88' lang='lat' dir='ltr'><strong>nonpossint,</strong></span> <span class='ocrx_word' id='word_1_228' title='bbox 918 3011 1062 3072; x_wconf 88' lang='lat' dir='ltr'><strong>omittam</strong></span> <span class='ocrx_word' id='word_1_229' title='bbox 1082 3025 1255 3088; x_wconf 81' lang='lat' dir='ltr'><strong>personas;</strong></span> <span class='ocrx_word' id='word_1_230' title='bbox 1278 3007 1372 3068; x_wconf 88' lang='lat' dir='ltr'><strong>rebus</strong></span> <span class='ocrx_word' id='word_1_231' title='bbox 1392 3015 1450 3064; x_wconf 88' lang='lat' dir='ltr'><strong>tan·</strong></span> 
     </span>
     <span class='ocr_line' id='line_1_27' title="bbox 358 3111 950 3192; baseline -0.005 -21"><span class='ocrx_word' id='word_1_232' title='bbox 358 3119 425 3172; x_wconf 88' lang='lat' dir='ltr'><strong>tum</strong></span> <span class='ocrx_word' id='word_1_233' title='bbox 447 3118 479 3171; x_wconf 90' lang='lat' dir='ltr'><strong>et</strong></span> <span class='ocrx_word' id='word_1_234' title='bbox 499 3111 685 3174; x_wconf 88' lang='lat' dir='ltr'><strong>criminibus</strong></span> <span class='ocrx_word' id='word_1_235' title='bbox 708 3111 950 3192; x_wconf 79' lang='lat' dir='ltr'><strong>respondebo.»</strong></span> 
     </span>
    </p>

    <p class='ocr_par' dir='ltr' id='par_1_5' title="bbox 357 3203 1454 4097">
     <span class='ocr_line' id='line_1_28' title="bbox 437 3203 1449 3290; baseline -0.014 -16"><span class='ocrx_word' id='word_1_236' title='bbox 437 3208 586 3274; x_wconf 78' lang='lat' dir='ltr'><strong>Attamen</strong></span> <span class='ocrx_word' id='word_1_237' title='bbox 608 3212 694 3274; x_wconf 91' lang='lat' dir='ltr'><strong>hand</strong></span> <span class='ocrx_word' id='word_1_238' title='bbox 717 3213 764 3274; x_wconf 87' lang='lat' dir='ltr'><strong>bis</strong></span> <span class='ocrx_word' id='word_1_239' title='bbox 784 3211 966 3274; x_wconf 87' lang='lat' dir='ltr'><strong>satislnctus</strong></span> <span class='ocrx_word' id='word_1_240' title='bbox 988 3207 1222 3290; x_wconf 76' lang='lat' dir='ltr'><strong>Hieronymus,</strong></span> <span class='ocrx_word' id='word_1_241' title='bbox 1245 3225 1304 3270; x_wconf 90' lang='lat' dir='ltr'><strong>nec</strong></span> <span class='ocrx_word' id='word_1_242' title='bbox 1325 3203 1449 3268; x_wconf 88' lang='lat' dir='ltr'><strong>ulterius</strong></span> 
     </span>
     <span class='ocr_line' id='line_1_29' title="bbox 358 3312 1450 3391; baseline -0.009 -19"><span class='ocrx_word' id='word_1_243' title='bbox 358 3327 431 3374; x_wconf 88' lang='lat' dir='ltr'><strong>cum</strong></span> <span class='ocrx_word' id='word_1_244' title='bbox 453 3312 591 3391; x_wconf 78' lang='lat' dir='ltr'><strong>Origene</strong></span> <span class='ocrx_word' id='word_1_245' title='bbox 606 3315 778 3376; x_wconf 82' lang='lat' dir='ltr'><strong>convenire</strong></span> <span class='ocrx_word' id='word_1_246' title='bbox 802 3313 910 3374; x_wconf 84' lang='lat' dir='ltr'><strong>volens</strong></span> <span class='ocrx_word' id='word_1_247' title='bbox 932 3313 973 3372; x_wconf 89' lang='lat' dir='ltr'><strong>ob</strong></span> <span class='ocrx_word' id='word_1_248' title='bbox 994 3320 1216 3390; x_wconf 89' lang='lat' dir='ltr'><strong>praesumptos</strong></span> <span class='ocrx_word' id='word_1_249' title='bbox 1238 3323 1380 3378; x_wconf 89' lang='lat' dir='ltr'><strong>errores,</strong></span> <span class='ocrx_word' id='word_1_250' title='bbox 1402 3319 1450 3364; x_wconf 88' lang='lat' dir='ltr'><strong>nec</strong></span> 
     </span>
     <span class='ocr_line' id='line_1_30' title="bbox 357 3402 1448 3491; baseline -0.012 -18"><span class='ocrx_word' id='word_1_251' title='bbox 357 3429 431 3474; x_wconf 89' lang='lat' dir='ltr'><strong>cum</strong></span> <span class='ocrx_word' id='word_1_252' title='bbox 448 3410 577 3476; x_wconf 84' lang='lat' dir='ltr'><strong>llnffino</strong></span> <span class='ocrx_word' id='word_1_253' title='bbox 598 3431 734 3476; x_wconf 91' lang='lat' dir='ltr'><strong>suorum</strong></span> <span class='ocrx_word' id='word_1_254' title='bbox 755 3413 915 3476; x_wconf 88' lang='lat' dir='ltr'><strong>librorum</strong></span> <span class='ocrx_word' id='word_1_255' title='bbox 936 3415 1123 3491; x_wconf 90' lang='lat' dir='ltr'><strong>interprete,</strong></span> <span class='ocrx_word' id='word_1_256' title='bbox 1142 3411 1278 3484; x_wconf 86' lang='lat' dir='ltr'><strong>veritus,</strong></span> <span class='ocrx_word' id='word_1_257' title='bbox 1303 3402 1448 3487; x_wconf 84' lang='lat' dir='ltr'><strong>usquead</strong></span> 
     </span>
     <span class='ocr_line' id='line_1_31' title="bbox 359 3505 1450 3591; baseline -0.013 -14"><span class='ocrx_word' id='word_1_258' title='bbox 359 3511 503 3577; x_wconf 73' lang='lat' dir='ltr'><strong>Africam</strong></span> <span class='ocrx_word' id='word_1_259' title='bbox 520 3515 639 3576; x_wconf 86' lang='lat' dir='ltr'><strong>misisse</strong></span> <span class='ocrx_word' id='word_1_260' title='bbox 654 3512 820 3576; x_wconf 84' lang='lat' dir='ltr'><strong>lluifiuum</strong></span> <span class='ocrx_word' id='word_1_261' title='bbox 836 3513 1034 3591; x_wconf 81' lang='lat' dir='ltr'><strong>exemplaria</strong></span> <span class='ocrx_word' id='word_1_262' title='bbox 1050 3511 1146 3573; x_wconf 90' lang='lat' dir='ltr'><strong>latina</strong></span> <span class='ocrx_word' id='word_1_263' title='bbox 1162 3511 1322 3572; x_wconf 90' lang='lat' dir='ltr'><strong>librorum</strong></span> <span class='ocrx_word' id='word_1_264' title='bbox 1340 3505 1450 3570; x_wconf 80' lang='lat' dir='ltr'><strong>Periur-</strong></span> 
     </span>
     <span class='ocr_line' id='line_1_32' title="bbox 358 3611 1452 3696; baseline -0.009 -22"><span class='ocrx_word' id='word_1_265' title='bbox 358 3611 437 3674; x_wconf 84' lang='lat' dir='ltr'><strong>cbcn</strong></span> <span class='ocrx_word' id='word_1_266' title='bbox 459 3632 533 3676; x_wconf 85' lang='lat' dir='ltr'><strong>curn</strong></span> <span class='ocrx_word' id='word_1_267' title='bbox 558 3613 759 3676; x_wconf 85' lang='lat' dir='ltr'><strong>Praelatione</strong></span> <span class='ocrx_word' id='word_1_268' title='bbox 782 3615 857 3692; x_wconf 77' lang='lat' dir='ltr'><strong>(ubi</strong></span> <span class='ocrx_word' id='word_1_269' title='bbox 880 3612 1069 3696; x_wconf 86' lang='lat' dir='ltr'><strong>Hieronymi</strong></span> <span class='ocrx_word' id='word_1_270' title='bbox 1096 3629 1211 3674; x_wconf 92' lang='lat' dir='ltr'><strong>nomen</strong></span> <span class='ocrx_word' id='word_1_271' title='bbox 1232 3611 1452 3672; x_wconf 88' lang='lat' dir='ltr'><strong>inscribebatur</strong></span> 
     </span>
     <span class='ocr_line' id='line_1_33' title="bbox 359 3707 1452 3792; baseline -0.008 -18"><span class='ocrx_word' id='word_1_272' title='bbox 359 3721 522 3792; x_wconf 88' lang='lat' dir='ltr'><strong>tamqnam</strong></span> <span class='ocrx_word' id='word_1_273' title='bbox 543 3715 650 3778; x_wconf 88' lang='lat' dir='ltr'><strong>studio</strong></span> <span class='ocrx_word' id='word_1_274' title='bbox 668 3714 786 3778; x_wconf 85' lang='lat' dir='ltr'><strong>Hulliui</strong></span> <span class='ocrx_word' id='word_1_275' title='bbox 808 3713 1044 3786; x_wconf 77' lang='lat' dir='ltr'><strong>consentientis)</strong></span> <span class='ocrx_word' id='word_1_276' title='bbox 1060 3729 1217 3792; x_wconf 86' lang='lat' dir='ltr'><strong>perquam</strong></span> <span class='ocrx_word' id='word_1_277' title='bbox 1232 3713 1369 3774; x_wconf 88' lang='lat' dir='ltr'><strong>sollicite</strong></span> <span class='ocrx_word' id='word_1_278' title='bbox 1388 3707 1452 3772; x_wconf 86' lang='lat' dir='ltr'><strong>scri·</strong></span> 
     </span>
     <span class='ocr_line' id='line_1_34' title="bbox 361 3813 1451 3893; baseline -0.007 -19"><span class='ocrx_word' id='word_1_279' title='bbox 361 3813 407 3874; x_wconf 90' lang='lat' dir='ltr'><strong>bit</strong></span> <span class='ocrx_word' id='word_1_280' title='bbox 426 3814 464 3875; x_wconf 91' lang='lat' dir='ltr'><strong>ad</strong></span> <span class='ocrx_word' id='word_1_281' title='bbox 489 3814 717 3892; x_wconf 79' lang='lat' dir='ltr'><strong>Augustinum,</strong></span> <span class='ocrx_word' id='word_1_282' title='bbox 734 3834 843 3876; x_wconf 88' lang='lat' dir='ltr'><strong>sensus</strong></span> <span class='ocrx_word' id='word_1_283' title='bbox 859 3833 934 3878; x_wconf 89' lang='lat' dir='ltr'><strong>suos</strong></span> <span class='ocrx_word' id='word_1_284' title='bbox 949 3815 1139 3892; x_wconf 85' lang='lat' dir='ltr'><strong>exponendo</strong></span> <span class='ocrx_word' id='word_1_285' title='bbox 1154 3813 1311 3875; x_wconf 79' lang='lat' dir='ltr'><strong>adsersus</strong></span> <span class='ocrx_word' id='word_1_286' title='bbox 1324 3813 1451 3893; x_wconf 76' lang='lat' dir='ltr'><strong>ejusdcm</strong></span> 
     </span>
     <span class='ocr_line' id='line_1_35' title="bbox 360 3911 1454 3990; baseline -0.01 -15"><span class='ocrx_word' id='word_1_287' title='bbox 360 3911 479 3976; x_wconf 83' lang='lat' dir='ltr'><strong>Huffiui</strong></span> <span class='ocrx_word' id='word_1_288' title='bbox 501 3915 646 3976; x_wconf 83' lang='lat' dir='ltr'><strong>leborern</strong></span> <span class='ocrx_word' id='word_1_289' title='bbox 662 3916 693 3976; x_wconf 95' lang='lat' dir='ltr'><strong>in</strong></span> <span class='ocrx_word' id='word_1_290' title='bbox 710 3913 913 3990; x_wconf 78' lang='lat' dir='ltr'><strong>Perinrcbon,</strong></span> <span class='ocrx_word' id='word_1_291' title='bbox 931 3917 1058 3977; x_wconf 87' lang='lat' dir='ltr'><strong>dicens:</strong></span> <span class='ocrx_word' id='word_1_292' title='bbox 1077 3913 1196 3978; x_wconf 77' lang='lat' dir='ltr'><strong>«Misit</strong></span> <span class='ocrx_word' id='word_1_293' title='bbox 1211 3915 1288 3975; x_wconf 87' lang='lat' dir='ltr'><strong>mibi</strong></span> <span class='ocrx_word' id='word_1_294' title='bbox 1311 3911 1454 3976; x_wconf 88' lang='lat' dir='ltr'><strong>temerita-</strong></span> 
     </span>
     <span class='ocr_line' id='line_1_36' title="bbox 360 4005 1454 4097; baseline -0.004 -23"><span class='ocrx_word' id='word_1_295' title='bbox 360 4022 390 4074; x_wconf 89' lang='lat' dir='ltr'><strong>te</strong></span> <span class='ocrx_word' id='word_1_296' title='bbox 403 4015 499 4076; x_wconf 86' lang='lat' dir='ltr'><strong>snlilu</strong></span> <span class='ocrx_word' id='word_1_297' title='bbox 513 4033 572 4078; x_wconf 88' lang='lat' dir='ltr'><strong>sna</strong></span> <span class='ocrx_word' id='word_1_298' title='bbox 589 4017 755 4080; x_wconf 88' lang='lat' dir='ltr'><strong>maledicta</strong></span> <span class='ocrx_word' id='word_1_299' title='bbox 772 4017 968 4097; x_wconf 81' lang='lat' dir='ltr'><strong>Calpurnius</strong></span> <span class='ocrx_word' id='word_1_300' title='bbox 980 4025 1192 4095; x_wconf 80' lang='lat' dir='ltr'><strong>cognomento</strong></span> <span class='ocrx_word' id='word_1_301' title='bbox 1209 4013 1362 4078; x_wconf 88' lang='lat' dir='ltr'><strong>Lanarius</strong></span> <span class='ocrx_word' id='word_1_302' title='bbox 1374 4005 1454 4089; x_wconf 80' lang='lat' dir='ltr'><strong>(Rul-</strong></span> 
     </span>
    </p>

    <p class='ocr_par' dir='ltr' id='par_1_6' title="bbox 297 4109 1453 4300">
     <span class='ocr_line' id='line_1_37' title="bbox 297 4109 1453 4198; baseline -0.002 -23"><span class='ocrx_word' id='word_1_303' title='bbox 297 4153 299 4158; x_wconf 92' lang='lat'>-</span> <span class='ocrx_word' id='word_1_304' title='bbox 361 4112 460 4186; x_wconf 82' lang='lat' dir='ltr'><strong>finus)</strong></span> <span class='ocrx_word' id='word_1_305' title='bbox 484 4133 568 4194; x_wconf 84' lang='lat' dir='ltr'><strong>quae</strong></span> <span class='ocrx_word' id='word_1_306' title='bbox 590 4118 627 4178; x_wconf 87' lang='lat' dir='ltr'><strong>nd</strong></span> <span class='ocrx_word' id='word_1_307' title='bbox 652 4118 793 4180; x_wconf 83' lang='lat' dir='ltr'><strong>iliricum</strong></span> <span class='ocrx_word' id='word_1_308' title='bbox 815 4136 948 4198; x_wconf 89' lang='lat' dir='ltr'><strong>qnoque</strong></span> <span class='ocrx_word' id='word_1_309' title='bbox 967 4118 1076 4180; x_wconf 89' lang='lat' dir='ltr'><strong>studio</strong></span> <span class='ocrx_word' id='word_1_310' title='bbox 1097 4117 1169 4197; x_wconf 86' lang='lat' dir='ltr'><strong>ejus</strong></span> <span class='ocrx_word' id='word_1_311' title='bbox 1191 4117 1288 4180; x_wconf 90' lang='lat' dir='ltr'><strong>didici</strong></span> <span class='ocrx_word' id='word_1_312' title='bbox 1309 4109 1453 4196; x_wconf 75' lang='lat' dir='ltr'><strong>persenis·</strong></span> 
     </span>
     <span class='ocr_line' id='line_1_38' title="bbox 361 4209 1453 4300; baseline -0.001 -24"><span class='ocrx_word' id='word_1_313' title='bbox 361 4231 415 4276; x_wconf 87' lang='lat' dir='ltr'><strong>sc:</strong></span> <span class='ocrx_word' id='word_1_314' title='bbox 439 4214 575 4296; x_wconf 89' lang='lat' dir='ltr'><strong>adquae</strong></span> <span class='ocrx_word' id='word_1_315' title='bbox 598 4221 741 4284; x_wconf 84' lang='lat' dir='ltr'><strong>breviter</strong></span> <span class='ocrx_word' id='word_1_316' title='bbox 761 4238 801 4284; x_wconf 84' lang='lat' dir='ltr'><strong>ex</strong></span> <span class='ocrx_word' id='word_1_317' title='bbox 818 4226 909 4298; x_wconf 86' lang='lat' dir='ltr'><strong>parte</strong></span> <span class='ocrx_word' id='word_1_318' title='bbox 931 4219 1103 4300; x_wconf 79' lang='lat' dir='ltr'><strong>respondi3</strong></span> <span class='ocrx_word' id='word_1_319' title='bbox 1119 4228 1151 4281; x_wconf 91' lang='lat' dir='ltr'><strong>et</strong></span> <span class='ocrx_word' id='word_1_320' title='bbox 1167 4217 1270 4282; x_wconf 88' lang='lat' dir='ltr'><strong>libelli</strong></span> <span class='ocrx_word' id='word_1_321' title='bbox 1296 4219 1365 4298; x_wconf 83' lang='lat' dir='ltr'><strong>ejus</strong></span> <span class='ocrx_word' id='word_1_322' title='bbox 1380 4209 1453 4278; x_wconf 73' lang='lat' dir='ltr'><strong>robis</strong></span> 
     </span>
    </p>
   </div>
   <div class='ocr_carea' id='block_1_2' title="bbox 0 0 1529 4942">
    <p class='ocr_par' dir='ltr' id='par_1_7' title="bbox 0 0 1529 4942">
     <span class='ocr_line' id='line_1_39' title="bbox 0 0 1529 4942; baseline 0 0"><span class='ocrx_word' id='word_1_323' title='bbox 0 0 1529 4942; x_wconf 95' lang='lat' dir='ltr'><strong> </strong></span> 
     </span>
    </p>
   </div>
  </div>
 </body>
</html>
