3186 4946
194 470 275 536 Nsro
290 472 321 536 iu
335 489 364 536 o.
378 467 525 534 XXXiV.
540 467 637 554 buius
648 465 806 533 iuuit.
823 466 1133 554 uerrotlliouysiom
1148 473 1231 534 iuter

122 573 178 634 alia
194 574 358 654 scripsisse
383 581 564 656 martyrum
586 572 782 636 certamina:
799 571 963 650 scripsisse
985 571 1082 633 etiam
1103 570 1142 634 ad
1155 567 1231 651 Epi·

121 691 245 754 scopum
277 675 602 758 hierosolymitanum
623 671 663 738 de
684 673 778 740 besto
800 671 989 735 Alexandro
1009 673 1041 734 iu
1062 691 1227 740 carcaram

122 776 289 852 concluso,
314 777 370 840 obi
393 784 542 840 mortuus
563 785 634 854 est;
657 781 691 838 et
714 775 775 837 itae
805 773 942 836 instante
968 779 1077 836 aetate
1107 773 1228 837 librum

123 880 335 956 composuisse
355 878 393 940 de
412 875 572 956 Martyria
592 875 631 938 ad
654 876 838 956 Origeuem.
863 872 1054 937 osmonte
1078 893 1106 938 e.
1130 872 1155 936 l.
1177 873 1229 940 isi·

122 977 164 1040 bri
188 975 257 1039 vit.
280 978 451 1058 praeclare
472 978 610 1042 indicat:
636 976 777 1058 «Magni
796 977 897 1052 iliius,
913 976 1030 1056 iuquit,
1046 984 1079 1039 ei
1092 976 1228 1040 illustris

121 1079 332 1144 alexaudriae
353 1081 495 1162 episcopi
512 1079 655 1161 Dionysii
671 1081 826 1161 epistolae
841 1079 978 1158 posteris
1002 1078 1169 1142 mandatae
1185 1079 1229 1156 (in

120 1181 227 1258 ouibus
249 1200 303 1244 ree
325 1199 471 1262 quasque
492 1200 552 1244 suo
576 1189 720 1263 tempore
750 1189 853 1260 gestas
874 1178 1058 1259 singillatim
1089 1197 1228 1242 nomme·

120 1283 226 1358 morat)
248 1283 341 1345 uobis
362 1282 402 1344 ad
426 1284 512 1346 bunc
533 1284 706 1361 septimum
726 1281 972 1346 Ecclesiasticus
994 1278 1155 1346 Historiae
1178 1278 1230 1359 bi·

121 1384 204 1446 brom
225 1384 463 1450 oondcieudum
486 1385 566 1464 ibas
586 1385 672 1450 euim
695 1384 891 1448 verbotenus
911 1381 1105 1460 citabimus)
1130 1375 1229 1448 erosit
1304 1411 1312 1420 ·

120 1503 285 1566 permagno
308 1487 542 1570 adjumento.»

190 1586 308 1652 Haece
323 1587 456 1652 sinceris
468 1587 621 1671 ilioopsio
632 1584 744 1653 attisre
759 1591 792 1650 et
805 1586 934 1650 coaevis
945 1587 1078 1650 testibus
1090 1604 1150 1666 per
1161 1584 1226 1650 Eu·

120 1688 234 1752 rebium
256 1698 353 1754 eruto
372 1689 577 1764 documenta,
593 1687 742 1768 Origenis
757 1687 913 1767 integram
928 1686 1023 1750 fidem
1038 1689 1222 1763 ostendunt,

120 1789 245 1870 eiusque
266 1794 300 1854 io
322 1789 467 1855 Ecclesia
494 1790 660 1854 Catholica
681 1789 831 1868 obitum3
852 1807 891 1851 ao
913 1805 976 1852 una
1001 1807 1225 1870 quonamque

119 1901 295 1971 expugnant
316 1892 365 1954 bis
378 1892 558 1954 contrarios
573 1889 787 1966 narrationes,
804 1888 1014 1952 irauduleuto
1029 1887 1161 1969 quidam
1175 1907 1228 1952 es·

121 1991 197 2056 lamo
217 2002 372 2056 exaratas
394 1994 550 2056 adversos
572 1993 651 2056 tanti
676 1991 738 2054 viri
763 1991 859 2054 iidem
881 1998 916 2054 et
935 1991 1109 2086 pietatome
1134 1999 1166 2054 et
1185 1993 1227 2055 si·

118 2096 176 2156 mol
197 2097 404 2160 obtestantur
424 2097 455 2158 iu
474 2111 527 2168 aa,
551 2111 637 2175 qnae
654 2094 736 2156 bona
752 2092 814 2156 ide
829 2094 959 2172 scripsit
970 2111 996 2156 s.
1013 2091 1224 2173 Epiphanius.

117 2195 144 2260 Si
161 2215 300 2279 namque
321 2200 353 2260 io
375 2199 436 2260 irae
457 2195 545 2260 Dcoii
567 2196 814 2278 perseeutione,
843 2195 900 2258 teli
927 2195 1094 2274 expositus
1114 2193 1227 2258 discri-

119 2298 184 2358 mini
203 2302 350 2363 cessisset
364 2295 534 2376 Origenes,
550 2296 711 2377 fidemque
732 2295 939 2359 christianam
960 2293 1140 2376 ejurarent,
1165 2310 1226 2358 uec

118 2393 280 2480 Dionysius
302 2417 361 2462 nec
381 2398 542 2462 Eusebius
572 2398 751 2462 omisissent
761 2413 854 2477 ;.oeo
875 2396 981 2460 mulio
1007 2395 1114 2460 miuus
1138 2401 1228 2460 uter·

119 2516 175 2578 qne
191 2501 394 2575 edirmasset,
410 2498 533 2582 sortiter
552 2497 656 2580 ipsum
675 2497 864 2566 sustinuisse
881 2496 1055 2560 munins.
1070 2495 1223 2576 Quapro-

120 2605 182 2676 pter
200 2601 241 2664 cl.
260 2597 414 2676 Remulo,
430 2599 486 2682 qul
502 2609 617 2665 concta
632 2601 673 2661 ab
689 2595 868 2682 Epiphanio
883 2605 1012 2661 narrato
1028 2597 1067 2659 do
1084 2595 1224 2676 Om'geue

119 2699 192 2762 iuter
213 2703 360 2766 iabuiosa
383 2705 554 2778 commisit,
577 2703 768 2767 oonseuieus
790 2699 855 2781 ajo,
881 2698 1114 2779 Epiphaniam,
1135 2699 1222 2760 sieut

120 2817 155 2862 er
174 2801 309 2880 impuris
332 2804 472 2867 iootibos
493 2805 623 2878 bausit,
653 2819 739 2883 quae
769 2801 898 2882 scripsit
927 2802 967 2863 de
995 2801 1105 2880 prosis
1132 2797 1224 2866 tanos

119 2899 282 2982 Scriptoris
302 2905 524 2984 dogmatibus,
547 2904 697 2967 similiter
714 2904 757 2965 ab
776 2902 895 2966 mem
917 2901 1105 2980 collegisse,
1136 2913 1221 2980 quae

119 3003 151 3065 de
170 3005 266 3086 ipsius
288 3007 318 3070 in
336 3007 503 3070 tormentis
524 3006 618 3084 lapsu
632 3005 792 3068 recitarit.
808 3001 1090 3080 Quemadmodum
1105 3007 1221 3080 putau-

120 3104 187 3168 dom
200 3123 335 3187 qnoque
347 3114 410 3182 est,
431 3103 604 3185 Origeoem
619 3105 658 3168 od
682 3104 859 3168 Fabianum
876 3102 996 3183 Papam
1017 3104 1058 3167 do
1077 3116 1136 3166 aaa
1158 3101 1222 3165 tide

119 3207 232 3271 sincera
254 3208 447 3274 scribentem
469 3207 627 3272 adsersus
648 3205 900 3271 obtrectantium
915 3205 1071 3286 liugnam,
1094 3211 1131 3268 ut
1151 3205 1220 3283 ipse

120 3307 168 3382 ait,
189 3309 311 3374 nollem
343 3310 485 3372 emisisse
506 3323 652 3370 errorem
679 3323 816 3370 suorum
846 3297 1131 3368 emendationem
1150 3300 1218 3366 tttst

120 3409 195 3486 qood
216 3412 257 3475 ad
278 3427 443 3473 summum
457 3408 520 3472 dici
543 3417 661 3488 posset,
684 3409 789 3488 ipsum
807 3407 945 3486 ingenuo
966 3421 1136 3485 pronoque
1156 3407 1224 3468 aoi-

121 3523 176 3583 mo,
198 3514 244 3575 uti
255 3511 454 3592 discipulum
474 3511 536 3573 sub
552 3509 707 3588 magistro
721 3508 945 3584 coustitutum,
961 3506 1123 3571 doctrinas
1144 3523 1219 3568 suas

120 3619 235 3676 sanctae
257 3611 423 3678 Romanae
444 3611 534 3677 Sedis
553 3610 738 3675 submisisse
765 3609 909 3693 indicio:
937 3609 1025 3690 quod
1048 3606 1092 3672 nil
1122 3610 1219 3671 oifloit

121 3717 282 3794 proposito.

487 4004 829 4060 ψ-
