3186 4946
1227 395 1277 450 xv

192 497 262 575 tati
280 497 392 576 auirni
419 496 579 586 lucrinis
597 509 636 574 et
662 495 710 574 ob
727 497 798 574 hoc
818 497 976 600 amplius
1003 496 1207 580 laciendum
1232 505 1277 579 il-

191 627 310 704 lorum
339 627 389 704 sit
420 626 670 704 testimonium
698 641 828 726 pacata
853 641 977 704 mente
1002 630 1198 708 redditum.
1228 629 1275 707 lit

191 778 281 832 sane
297 756 344 832 de
363 757 408 833 iis
438 754 567 854 loquor
593 754 841 856 dogmatibus,
859 755 972 857 probe
990 757 1037 832 ab
1061 756 1277 836 Adamantio

188 885 376 985 expensis,
404 909 447 962 ao
470 885 610 962 sincme
637 884 837 984 obsignatis
860 885 898 960 in
927 886 1002 961 suis
1028 886 1142 964 libris.
1171 887 1272 980 Quae

188 1036 274 1090 eum
312 1013 442 1090 deinde
484 1012 531 1088 ab
566 1013 674 1088 iulide
712 1013 852 1089 calamo
887 1025 1094 1090 transversa
1129 1017 1269 1092 sintin

190 1162 345 1238 pravum
373 1162 536 1228 sensum,
563 1151 603 1217 et
630 1139 787 1218 infauste
820 1163 886 1238 per
915 1139 1138 1216 inconsultos
1153 1141 1272 1220 Theo·

188 1267 345 1366 philam,
363 1265 623 1366 Hieronymum
651 1283 690 1346 et
719 1268 962 1369 Epiphaniam
992 1281 1166 1368 tanquam
1186 1271 1271 1348 Ori-

187 1397 291 1492 genia
321 1395 418 1472 dicta
451 1398 606 1494 genuina
631 1408 814 1494 reputata,
833 1395 970 1473 iactum
990 1412 1047 1474 est
1066 1411 1106 1473 ut
1125 1411 1268 1487 cunum,

188 1523 326 1622 scripta
353 1545 437 1600 cum
464 1548 531 1601 suo
564 1524 721 1601 Auctore
758 1515 1070 1601 iddiscriminatim
1097 1526 1270 1626 reproba·

184 1663 314 1726 rentur
339 1666 380 1728 et
406 1653 746 1728 condemnarentur.
766 1650 903 1742 Quibus
930 1654 1268 1752 investigationibus

185 1777 350 1854 studiose
378 1780 538 1866 exactis,
574 1793 817 1879 consequetur
848 1782 967 1877 primo
999 1782 1120 1878 gravis
1147 1781 1268 1856 illusio

185 1901 382 2004 Theophili
403 1920 443 1982 et
466 1905 692 2005 Hieronymi,
714 1921 752 1982 et
781 1906 972 2004 Epiphanii
1001 1907 1038 1980 in
1066 1905 1268 1982 damuatio·

185 2055 232 2109 ne
259 2031 449 2129 origenis,
477 2034 636 2110 meando
663 2033 898 2132 gravissimus
928 2034 1138 2109 eorumdem
1167 2057 1268 2109 error

183 2159 237 2233 uti
255 2159 460 2236 haereticos
479 2161 735 2238 insectantium
752 2161 849 2235 viros
868 2159 938 2234 lida
965 2175 1004 2236 et
1022 2161 1158 2258 pietate
1181 2161 1268 2234 insi·

184 2309 288 2386 gaes,
298 2289 361 2388 qui
372 2289 538 2388 Origanis
554 2287 747 2366 orthodoxi
761 2300 998 2387 susceperant
1015 2287 1268 2386 patrocinium.

288 2414 506 2505 Novissime,
522 2417 748 2493 haecomnia
772 2415 911 2491 sollerti
927 2439 992 2514 pro
1011 2414 1148 2490 viribus
1176 2417 1268 2490 meis

182 2541 304 2618 studio
340 2544 553 2643 perficiens,
580 2545 676 2622 haud
713 2543 959 2619 frustraneum
990 2540 1068 2618 lore
1106 2541 1268 2616 laborem

177 2691 301 2746 meum
325 2671 479 2761 confido,
498 2696 542 2748 ac
568 2673 763 2772 praecipue
796 2671 831 2744 in
866 2670 1089 2746 denudandis
1108 2669 1268 2744 fontibus

179 2799 469 2898 corruptionum,
483 2814 523 2876 et
541 2799 774 2876 falsationum
789 2821 809 2872 a
825 2797 961 2896 perfide
979 2819 1090 2872 manu
1103 2797 1269 2894 genuinis

179 2921 346 3024 origenis
364 2927 509 3024 scriptis
532 2929 772 3012 intrusorem
794 2937 833 3000 et
856 2924 950 3000 unde
979 2922 1177 2998 conflatum
1210 2935 1268 2999 est

179 3049 269 3128 illud
305 3053 499 3132 haeresum
525 3066 565 3134 at
590 3054 821 3155 impietatum
850 3066 1063 3151 syntagma:
1092 3050 1188 3149 quod
1216 3051 1269 3124 ei·

179 3177 264 3254 ᾰοω
292 3181 520 3283 inscriptum,
536 3197 653 3266 totum
668 3195 794 3282 postca
809 3181 1020 3280 pervagavit
1037 3177 1164 3253 orbem
1179 3177 1269 3252 chri·

178 3309 340 3386 stianum
359 3312 396 3386 in
420 3312 533 3412 ipsius
556 3307 735 3398 dedecus,
761 3333 804 3386 ac
831 3309 866 3383 iu
894 3306 1116 3407 perniciosas
1129 3303 1268 3402 jurgio·

177 3451 329 3515 mmet
360 3439 609 3516 scandalorum
641 3461 783 3516 causas.

285 3565 325 3640 la
349 3565 419 3643 hoc
443 3588 551 3668 porro
578 3566 817 3643 vehementer
841 3561 1032 3650 insistamt
1055 3581 1141 3635 nam
1169 3559 1199 3633 'si
1227 3581 1268 3634 o·

175 3695 289 3783 mnia,
318 3718 411 3795 quae
448 3706 529 3772 acta
564 3709 650 3774 sunt
681 3692 921 3770 Alexandriae
946 3703 986 3765 et
1011 3686 1269 3764 Constantino·

176 3822 251 3922 poli
270 3822 316 3899 de
342 3823 512 3922 Origene,
531 3845 579 3898 ex
598 3823 749 3900 consilio
776 3843 932 3896 evenere
956 3831 995 3894 et
1014 3840 1124 3916 opera
1145 3815 1269 3890 Theo·

175 3950 292 4050 phili,
319 3952 378 4027 cui
412 3950 655 4028 adhaeserunt
680 3946 903 4047 Epiphanius
936 3957 975 4022 et
1001 3944 1266 4042 Hieronymus;

175 4076 412 4176 proindeque,
431 4077 461 4151 si
492 4077 527 4151 in
555 4075 768 4152 damnandis
798 4096 869 4151 una
895 4095 978 4147 cum
1007 4069 1164 4146 Auctore
1193 4067 1269 4141 suis

171 4203 292 4298 libris,
318 4205 479 4304 iniquam
511 4202 778 4302 violentamque
804 4197 1023 4278 seutentiam
1047 4195 1159 4274 luisse
1186 4215 1270 4272 san·
