2982 4934
312 359 373 432 ssil

315 469 500 548 perpetrate
515 473 591 528 snut
605 463 646 527 ah
660 465 772 529 eodem
787 461 1097 543 Theophilo'uontra
1113 465 1284 529 monachos
1296 461 1411 528 nitrien-

314 587 364 634 ses
379 587 418 630 ao
438 567 552 632 deinde
575 568 617 630 ob
639 569 737 648 ipsius
760 568 908 648 origenis
928 569 1029 630 libros
1054 569 1211 630 adsersus
1229 567 1411 646 Episcopum

316 669 707 748 constantinopolitannm.
740 667 792 733 Sin
813 687 953 751 namque
983 666 1183 750 Theophilus
1209 669 1249 730 ud
1271 665 1414 744 llieronp·

317 789 407 834 rnum
430 771 470 834 de
492 773 560 852 ipso
581 769 705 835 Joaone
725 772 839 836 scribit
860 775 891 836 in
912 771 1056 853 Epistola
1078 766 1148 835 tta.
1168 769 1263 849 juxta
1282 769 1412 830 ordinem

314 873 474 954 signatum
496 873 528 935 ln
551 870 699 936 Editione
721 871 883 938 vallarsii.

170 1033 176 1042 .
383 997 387 1004 ·
427 971 642 1038 Dileetissimo
661 984 756 1056 utque
780 973 996 1039 amentissimo
1013 973 1115 1056 fratri
1133 970 1322 1050 Hieronymo

302 1064 307 1074 ’
691 1075 727 1139 in
748 1074 884 1139 Domino
911 1075 1055 1139 sulutem.

395 1195 411 1232 s
429 1171 542 1238 Paucis
558 1175 588 1237 in
602 1175 739 1238 exordio
754 1175 860 1255 placet
877 1177 1036 1256 judicium
1058 1176 1213 1249 veritatis,
1230 1173 1351 1234 dicente
1369 1185 1417 1232 ru·

316 1280 379 1341 lem
404 1274 540 1340 liomioo
566 1295 624 1357 per
654 1277 865 1358 prophetam:
888 1288 916 1342 et
929 1275 1089 1358 judicium
1109 1295 1224 1351 meum,
1249 1273 1342 1355 quusi
1369 1272 1417 1332 lue

313 1376 482 1458 epreditnr.
511 1376 576 1454 Qui
599 1379 806 1446 tenebrururu
828 1381 968 1445 horrore
982 1377 1173 1443 circumdati
1193 1387 1282 1453 sunt,
1299 1395 1356 1438 nee
1374 1393 1418 1436 na·

316 1488 422 1544 turam
438 1497 550 1544 rorum
571 1477 658 1544 niara
676 1491 781 1544 mente
796 1484 1006 1562 perspiciunt,
1022 1481 1147 1561 pudore
1170 1481 1418 1558 operinolnrae·

316 1587 420 1658 terno,
435 1587 469 1644 et
488 1597 595 1644 cassos
607 1599 642 1644 so
663 1582 813 1645 habuisse
830 1594 963 1646 ornatus
977 1584 1044 1662 ipso
1065 1581 1126 1642 fine
1141 1589 1349 1659 cognoscunt.
1365 1574 1417 1640 liu

314 1681 355 1744 do
376 1691 408 1744 et
428 1699 485 1746 nos
506 1681 683 1758 loannem,
715 1683 916 1764 quidudum
939 1681 1315 1761 constantinopolitanam
1343 1678 1418 1740 rexit

314 1781 496 1858 eeclesiam,
520 1781 588 1847 lieo
610 1783 740 1863 plaeere
759 1801 889 1863 semper
909 1786 1115 1863 optavimns3
1139 1791 1172 1844 et
1191 1797 1305 1844 musas
1326 1777 1419 1859 perdi·

315 1883 408 1945 tionis
424 1882 495 1962 ejus
509 1882 541 1945 in
561 1901 642 1960 quus
657 1884 825 1948 lereltatur
846 1886 1060 1965 improvidus,
1077 1897 1280 1962 nequaquam
1297 1879 1420 1943 eredere

314 1983 489 2046 voluimus.
511 1981 572 2046 Sed
595 1983 673 2060 ille,
695 1993 735 2048 nt
753 1993 861 2048 cetera
883 1983 1002 2065 lingitis
1025 1992 1165 2059 taceam,
1188 1982 1375 2061 origenistas
1393 1979 1418 2040 iu

315 2101 407 2147 suurn
429 2083 586 2163 recipiens
607 2085 883 2162 familiaritatem,
906 2094 939 2150 et
958 2105 999 2150 ox
1023 2086 1071 2149 his
1092 2085 1252 2165 plurimos
1273 2083 1305 2144 in
1326 2095 1420 2144 saeer-

314 2185 439 2249 dotinm
455 2187 648 2264 provehens,
668 2196 767 2264 atque
787 2187 829 2249 nh
844 2185 906 2249 hoo
920 2185 1026 2249 scelus
1048 2185 1160 2248 beatae
1177 2183 1354 2245 memoriae
1373 2179 1418 2240 hu

315 2287 434 2352 minem
456 2286 514 2350 liei
537 2285 767 2368 Epiphaniam,
781 2287 838 2368 qni
860 2288 943 2350 inter
963 2287 1129 2367 episcopos
1150 2285 1277 2348 clarum
1299 2283 1333 2345 in
1353 2277 1420 2342 orie
1483 2305 1484 2316 ¹

316 2387 418 2464 sidus,
441 2403 503 2450 nou
525 2406 626 2468 parvo
648 2389 1034 2463 moerorooontristans,
1056 2387 1178 2450 meruit
1198 2384 1337 2447 andire:
1357 2377 1422 2442 oeci·

314 2487 376 2564 tlit,
398 2486 511 2552 recidit
531 2489 682 2582 lioipiors.
705 2487 817 2554 Soletis
838 2507 917 2569 ergo
937 2489 1060 2552 dietum
1082 2505 1100 2550 a
1122 2487 1317 2550 salvatore:
1339 2479 1422 2545 nolite

271 2579 278 2594 '
313 2585 464 2669 judicare
484 2590 658 2654 secundnm
676 2588 788 2672 soriam
798 2631 811 2664 ,
832 2590 887 2668 sed
899 2588 1026 2670 jutum
1040 2584 1200 2670 judicium
1216 2585 1371 2668 judicata,
1391 2597 1422 2642 ur

320 2707 387 2768 qno
401 2735 408 2753 .
421 2731 430 2754 .
515 2709 533 2750 n
1279 2723 1283 2728 -

398 2790 528 2868 Cetera,
550 2808 636 2872 qnae
650 2792 876 2858 desiderantur
895 2791 926 2854 ln
942 2791 1106 2856 oudioibus
1126 2806 1263 2873 operum
1279 2785 1423 2867 Hieronp-

322 2893 385 2966 usi,
407 2892 464 2972 qui
485 2891 583 2958 latius
606 2896 704 2957 vertit
723 2894 806 2959 hane
836 2893 1005 2974 epistolum
1026 2891 1220 2974 Theophili,
1242 2888 1421 2969 supplentur

320 2991 509 3058 oFaunodo
540 2995 612 3060 elro
637 2995 788 3075 episeopo
804 2995 1017 3060 hermianensi
1043 2995 1075 3057 in
1087 2995 1174 3058 libro
1200 2991 1254 3056 Vt.
1270 3009 1299 3054 e.
1317 2988 1353 3051 v.
1374 3001 1422 3066 pru

324 3091 515 3157 Delensione
531 3095 629 3157 trium
646 3093 872 3175 capitulorum
888 3094 1023 3161 Consilii
1045 3093 1306 3157 chalcedonensis
1320 3088 1358 3151 ad
1377 3082 1424 3147 lu·
1484 3095 1485 3174 t

321 3195 493 3258 stiniannm
515 3196 767 3277 imperatorem:
791 3197 846 3280 ubi
868 3197 965 3275 plura
985 3196 1129 3260 nitantur
1150 3211 1192 3256 ex
1213 3190 1365 3272 praetatis
1382 3185 1423 3246 lit·

321 3297 400 3362 toris
423 3295 515 3360 vuldo
535 3299 703 3376 proposito
723 3298 825 3362 utilia.
849 3293 939 3362 lisso
958 3313 1099 3376 namque
1120 3292 1221 3356 reiert
1242 3286 1420 3352 Facundum

323 3393 484 3462 «Fratres
505 3393 516 3475 l
527 3395 632 3476 inquit
646 3393 866 3476 Theophilus)
889 3393 1029 3458 loannes
1045 3393 1252 3474 persequitur
1274 3381 1422 3451 immundo

321 3496 451 3574 spiritu,
466 3511 533 3576 quo
547 3495 770 3562 suhooahstur
782 3493 873 3560 Saul.
886 3495 929 3560 ttt
942 3497 1060 3561 iterum
1076 3501 1262 3558 sanctornm
1278 3489 1422 3552 ministros

321 3599 460 3662 nouauit.
476 3593 562 3663 llinit
582 3595 740 3662 loannem
760 3600 1027 3672 contaminatum,
1042 3606 1075 3659 et
1094 3597 1126 3657 io
1147 3591 1283 3657 ecelesia
1305 3585 1423 3671 primiti·

323 3713 441 3760 norum
463 3695 617 3776 impium,
640 3697 865 3777 pestilentem,
891 3713 1043 3761 vesanum
1064 3705 1097 3760 et
1119 3694 1307 3776 tyrannicae
1326 3686 1422 3752 meotis

322 3797 443 3862 insania
465 3795 691 3873 furibundum,
707 3808 805 3877 atque
818 3800 850 3860 iu
864 3815 923 3860 sna
941 3799 1066 3860 vesania
1082 3797 1288 3873 gloriantem,
1303 3791 1423 3854 animam

322 3913 414 3962 suum
434 3897 683 3962 adulterandam
713 3898 883 3960 tradidisse
903 3897 1044 3959 diabulo.
1071 3892 1288 3958 Haerentem
1311 3887 1422 3954 onon,

323 3997 419 4060 sicuti
441 3996 603 4062 uehuntur
624 3998 769 4077 tuipsius
785 3995 953 4077 Theophili
975 3998 1060 4059 libro
1081 3997 1125 4058 ita
1146 3993 1324 4074 posuimus.
1339 3986 1423 4052 voest

323 4093 547 4178 (Theophilus
561 4100 570 4175 i
586 4098 744 4164 loannem
759 4103 856 4166 etiarn
873 4099 1080 4162 humanitatis
1095 4096 1242 4175 hostem
1259 4104 1292 4159 et
1304 4091 1358 4174 qni
1370 4099 1423 4150 sm·

320 4195 467 4264 lornano
483 4196 649 4266 latronum
664 4199 790 4266 uicisset
803 4197 986 4276 audaciam,
998 4196 1234 4278 sacrilegorum
1251 4193 1420 4275 prinoipem,
