3028 4942
64 504 146 566 nerc,
173 507 235 554 oen
257 495 400 557 uestram
420 492 551 575 culpam
573 511 654 570 esse,
670 495 726 574 qui
748 495 948 575 scripsimus,
964 497 1018 562 sed
1042 395 1174 573 coccina

65 591 116 669 qui
138 592 342 657 mendacium
364 595 595 675 praetulerunt
616 595 745 658 veritati
766 604 858 659 etc.»

139 691 195 755 llis
218 694 348 758 intentis
368 693 584 776 etEpipbauii
606 701 639 757 et
655 694 842 782 Hieronymi
864 701 895 762 io
912 698 1093 763 Palladium
1111 717 1171 761 ceu

65 793 256 858 baereticum
278 796 608 874 exprobrationibus,
640 797 721 861 iliud
744 806 836 861 antee
859 801 890 860 iu
914 800 1011 880 bujus
1033 799 1171 862 Palladii

65 911 151 958 causa
172 897 428 973 attendendum,
459 899 545 977 quod
568 915 663 978 saepe
684 899 805 961 dicium
828 911 876 962 esi
896 900 935 962 dc
957 901 1177 981 praesumptis

67 995 205 1075 Origenis
227 998 410 1063 erroribus.
432 999 464 1064 Si
485 999 585 1072 enim,
608 999 766 1078 inquam:
785 1016 900 1062 resera
922 999 1077 1080 Origenes
1100 1003 1174 1064 bae-

69 1095 156 1160 retica
182 1095 348 1162 docuisset
368 1106 401 1161 ct
420 1099 541 1180 scripio
563 1101 755 1176 mandasset,
771 1103 797 1164 si
822 1117 935 1163 resera
959 1101 1177 1180 blaspbeman-

70 1208 122 1274 sci,
143 1206 245 1279 prout
260 1206 370 1262 teuent
383 1201 478 1264 ambo
494 1201 630 1280 praelati
646 1199 815 1275 Doctores,
832 1211 908 1265 tunc
926 1201 1003 1283 jure
1018 1202 1175 1282 quodam·

68 1300 207 1362 modoob
229 1299 404 1376 haeresim,
424 1311 482 1364 aut
508 1303 745 1366 baereticorum
767 1304 982 1382 patrocinium
1003 1310 1175 1382 correptus

70 1399 161 1462 abbis
175 1400 293 1464 inisset
315 1400 489 1466 Palladios.
507 1401 628 1467 Verum
651 1423 710 1468 occ
722 1403 895 1484 Ortgcncm
910 1419 1048 1477 errasse,
1071 1419 1176 1481 oeque

70 1497 256 1577 liuiiinum,
282 1519 341 1566 nec
361 1500 518 1567 loannem
550 1504 871 1590 hierosolymitanum
899 1504 980 1566 laisa
1001 1503 1176 1576 docuisse,

70 1619 120 1664 nec
139 1609 268 1666 ceteros
294 1604 469 1668 monachos
484 1605 651 1668 nitrienses
672 1605 833 1667 beerciiea
856 1605 1017 1682 proiessos
1032 1621 1111 1677 csse,
1129 1603 1178 1666 iu·

71 1719 100 1764 sc
118 1704 272 1779 superius
296 1705 507 1782 ostendimus,
529 1714 561 1770 et
575 1707 665 1778 inira
681 1707 820 1786 patefiet.
840 1705 1060 1783 Quamobrem
1082 1703 1178 1767 sicuti

72 1812 98 1864 ei
115 1793 228 1879 ceteri,
249 1805 291 1866 ab
312 1806 374 1868 boc
395 1807 529 1870 cumino
544 1825 675 1888 quoqne
696 1808 846 1870 immunis
862 1806 969 1868 evadit
993 1803 1167 1866 Palladius.

139 1905 291 1968 bitumen
312 1923 375 1968 nou
397 1907 458 1970 boc
479 1908 686 1971 solummodo
708 1909 881 1989 quaeritur
901 1907 941 1971 de
963 1905 1121 1968 Palladio.
1138 1903 1179 1966 ll·

71 2003 119 2066 iud
139 2009 281 2070 maxime
302 2016 409 2070 nostra
431 2009 514 2071 scire
536 2009 722 2073 interesset
744 2011 805 2070 siri
828 2008 1047 2088 probitatem,
1070 2014 1103 2069 et
1123 2005 1180 2068 do·

74 2106 182 2168 cirione
202 2109 430 2182 sanctitatem,
453 2125 516 2172 nou
540 2117 664 2172 tantum
688 2128 729 2172 ex
752 2107 824 2182 bis,
847 2125 931 2188 quse
952 2107 1101 2186 scripsit,
1123 2102 1178 2168 sed

73 2208 168 2284 potius
188 2209 232 2272 ob
246 2225 297 2284 ea,
320 2227 404 2288 quae
424 2213 458 2274 in
472 2209 617 2272 Ecclesia
640 2218 672 2272 et
693 2213 724 2271 iu
738 2211 963 2274 ecclesiasticis
986 2207 1175 2271 muneribus

76 2313 142 2370 tnnc
161 2310 314 2388 temporis
344 2313 429 2388 egii3
459 2317 492 2372 et
513 2310 677 2388 speciatim
700 2311 732 2372 iu
759 2309 997 2389 legationibus,
1019 2307 1178 2387 quibosa

77 2408 332 2482 praeclarissimis
346 2427 385 2471 ac
405 2409 553 2488 piissimis
575 2411 651 2470 siris
672 2408 845 2470 decoratus
867 2416 915 2472 est
936 2411 966 2471 in
990 2409 1098 2470 tisiam
1114 2407 1181 2485 pri·

77 2523 167 2582 mum,
189 2509 304 2572 deinde
325 2508 462 2573 Romans
485 2509 570 2588 apud
595 2508 814 2572 innocentium
840 2509 957 2588 Papam
974 2527 1017 2571 :a
1039 2526 1105 2588 quo
1127 2507 1181 2568 be-

76 2607 160 2685 aigne
180 2622 333 2689 acceptus
355 2618 420 2685 esi,
444 2621 476 2672 ei
497 2628 640 2690 quocum
662 2611 702 2672 de
724 2611 858 2689 negotiis
879 2610 1032 2689 gravibus
1055 2617 1179 2688 perira-

78 2712 178 2772 ctasit.
201 2709 242 2774 Et
255 2712 515 2792 cujusanimom
538 2719 695 2790 expertus
715 2719 845 2773 sanctus
863 2707 1025 2783 Pontiiea,
1043 2709 1104 2770 fide
1118 2707 1181 2771 siu·

79 2825 144 2870 cera
160 2813 355 2890 praeditum,
370 2829 495 2876 summa
509 2812 608 2875 laude
623 2820 817 2890 prosecutus
831 2821 879 2875 esi
894 2829 932 2873 ac
947 2810 1178 2873 benevolentia.
1240 2831 1245 2840 ·

147 2908 189 2972 Et
205 2929 281 2974 saue
301 2913 431 2992 quidem
454 2914 486 2975 io
501 2911 637 2992 Dialogo
658 2921 770 2975 narrat
792 2913 870 2992 ipse,
893 2931 927 2975 se
948 2929 965 2972 a
989 2911 1180 2995 chrysosto-

79 3025 125 3068 mo
144 3011 175 3071 in
203 3011 311 3076 briam
333 3015 465 3077 missum
498 3015 585 3076 circa
608 3030 737 3075 anuum.
761 3008 833 3082 inii.
857 3012 887 3074 in
910 3029 1006 3074 causa
1030 3008 1181 3072 Antonini

80 3107 208 3190 episcopi
228 3113 371 3190 epbesini
394 3113 490 3176 variis
511 3107 709 3176 criminibus
723 3112 920 3188 insimulati,
954 3120 990 3173 ut
1012 3128 1073 3173 nno
1105 3126 1180 3172 curn

79 3209 163 3270 sociis
183 3229 248 3274 rem
270 3215 487 3292 investigaret.
523 3211 644 3276 Deinde
666 3231 840 3288 reversus,
870 3213 970 3293 paolo
1002 3221 1073 3291 post
1105 3229 1179 3276 cum

81 3303 298 3393 chrysostomo
313 3312 356 3374 ob
370 3311 453 3374 idem
475 3315 640 3391 negotium
659 3313 739 3375 illuc
756 3315 851 3376 seuit.
873 3311 1076 3376 innocentius
1095 3310 1179 3390 Papa

81 3407 108 3466 iu
126 3405 249 3475 bitteris
269 3413 308 3473 ad
330 3413 455 3479 clerum
478 3421 511 3475 ci
541 3414 698 3491 populous
726 3414 1107 3491 constantinopolitannm
1137 3428 1179 3473 ex

84 3504 125 3580 iit,
145 3526 226 3587 quae
246 3512 420 3577 adversum
442 3512 591 3575 eumdem
625 3513 893 3600 Gbrysostomupn
917 3513 1032 3573 ibidem
1055 3517 1180 3588 patrata

85 3617 176 3684 erant,
197 3613 236 3674 de
259 3610 404 3675 Palladio
425 3615 560 3692 suisque
588 3613 683 3677 sociis
704 3615 771 3674 ait:
790 3633 805 3672 c
821 3612 937 3674 Omnia
960 3629 1072 3691 porro,
1095 3626 1181 3689 qnae

87 3723 135 3769 sos
154 3713 296 3790 perierre
317 3715 462 3788 dixistis,
492 3716 559 3794 jam
581 3722 674 3777 antea
696 3732 713 3775 a
744 3715 943 3793 coepiscopis
964 3713 1104 3787 nostris,
1126 3711 1183 3790 qui

86 3803 208 3876 Romam
218 3815 297 3877 licet
312 3815 446 3878 dirersis
459 3816 656 3895 temporibus
669 3815 897 3893 confugerunt,
911 3813 993 3877 idest
1004 3812 1183 3886 Demetrio,

87 3903 226 3992 cyriaco,
250 3914 385 4002 Eulysio
407 3923 440 3978 ot
460 3916 628 3991 Palladio,
651 3917 708 3995 qui
731 3917 895 3978 nobiscum
917 3921 1004 3991 suut,
1027 3917 1182 3976 accurata

87 4007 320 4094 interrogatione
341 4016 522 4080 didicimus.
539 4037 556 4076 n
573 4014 693 4080 Deinde
721 4017 859 4079 instante
879 4016 994 4080 eodem
1016 4013 1182 4088 Pouiiiicc,

88 4108 248 4196 eademque
261 4117 300 4182 de
315 4133 412 4184 causa
426 4124 540 4184 coacto
551 4115 695 4182 Concilio
710 4117 834 4195 italico,
851 4126 928 4182 tuuc
944 4117 1072 4180 selectis
1093 4115 1186 4195 quiu-
