3138 4950
353 528 395 589 do
417 523 487 588 lieri
509 526 621 605 pessit,
646 533 681 588 ut
697 525 767 605 rjus
783 523 860 588 Ades
882 529 915 588 et
935 521 1081 588 doctriua
1098 521 1253 606 operibus
1282 525 1466 598 consonent,

354 635 387 690 et
407 627 477 707 ejus
500 644 606 688 mores
628 625 700 688 idei
724 626 918 706 probitatem
941 624 1145 702 confirment,
1166 624 1330 714 simulque
1352 639 1466 686 conve·

355 728 441 792 niani
465 728 495 788 in
518 725 662 808 ejusdem
685 726 914 790 defensionem.

436 829 484 892 Ae
505 829 794 892 interimvcslrunr
816 846 911 891 nemo
932 827 1127 908 aegreierat,
1149 827 1176 889 si
1190 825 1340 907 origenis
1361 843 1466 890 eoram

356 929 447 992 vohis
469 937 679 1010 prototypum
702 930 866 1008 proiernm
884 925 1080 1008 Apostolum
1095 927 1236 1008 gentium
1251 948 1260 988 r
1276 945 1315 991 ac
1338 925 1412 989 ideo
1431 927 1467 990 de

356 1049 396 1094 eo
418 1029 559 1105 dicatur,
592 1029 679 1109 quod
702 1025 859 1092 Dominus
880 1030 919 1092 de
943 1028 1046 1092 Panlo
1074 1029 1218 1092 Ananiae
1238 1027 1465 1109 praedixerat:

362 1129 455 1205 Vnde,
475 1130 626 1212 quonium
647 1150 703 1192 nos
733 1128 889 1194 electionis
908 1140 952 1192 est
975 1129 1056 1193 miii
1075 1129 1145 1205 istc,
1176 1138 1331 1211 deportet
1363 1147 1469 1193 nomer
1560 1189 1561 1194 ,

354 1251 455 1296 meum
476 1253 580 1298 coram
599 1232 754 1314 pentibus,
780 1243 808 1296 et
829 1231 953 1314 regibus
972 1245 1000 1296 et
1020 1233 1098 1314 filiis
1121 1232 1232 1296 lsrael.
1255 1233 1469 1314 Praecipuum
1560 1235 1561 1322 j

358 1351 437 1398 vero
458 1335 556 1416 hujus
578 1335 742 1417 prototypi
765 1343 993 1414 argumentum
1025 1334 1168 1415 produnt
1200 1332 1293 1398 Pauli
1329 1335 1470 1413 peregri·

357 1437 501 1500 notiones
528 1437 558 1498 in
594 1437 698 1498 varias
724 1437 919 1515 provincias,
941 1434 1060 1501 Christi
1093 1435 1188 1498 fidem
1221 1435 1469 1515 evangelizantis
1560 1513 1561 1526 ἵ

359 1537 550 1600 notionibus.
569 1533 683 1600 Videte
702 1537 909 1617 Apostolum,
930 1540 1037 1601 stetim
1059 1555 1097 1600 ac
1116 1537 1298 1616 segregavit
1318 1555 1396 1600 enm
1412 1534 1472 1598 lio·

358 1639 463 1702 miuus
484 1638 524 1700 ah
546 1646 641 1702 utero
664 1641 775 1702 matris
795 1657 887 1716 snae,
911 1649 947 1702 ut
969 1640 1209 1716 evangelizaret
1229 1637 1324 1701 illum
1346 1640 1379 1699 in
1400 1657 1470 1718 gen·

359 1740 457 1816 tihns,
475 1741 538 1804 huc
560 1741 640 1805 illuc
661 1741 897 1804 discurrentem
920 1739 1052 1821 Imperii
1067 1739 1204 1806 Romani
1227 1739 1336 1804 urbes.
1361 1738 1390 1802 A
1413 1738 1470 1802 lla·
1560 1739 1561 1744 ’

360 1858 467 1904 musco
481 1843 512 1903 in
527 1838 682 1906 Arabiam
696 1844 780 1906 veuit
795 1841 982 1922 Apostolus.
998 1839 1119 1906 [ieiuno
1133 1841 1251 1920 repetit
1263 1837 1470 1934 Damascum,

358 1943 432 2006 hinc
455 1941 714 2026 Hierosolymam
749 1943 842 2006 redit.
866 1942 982 2006 Postea
1003 1944 1171 2025 proiectus
1193 1948 1241 2005 est
1268 1941 1470 2004 Antiochiam

291 2038 295 2050 “
358 2052 390 2106 et
404 2043 593 2107 Seleuciam.
610 2041 786 2122 Navigavit
809 2047 841 2107 io
856 2043 1011 2128 Cyprum.
1032 2043 1127 2108 Asiae
1142 2043 1215 2106 dein
1231 2041 1368 2107 Minoris
1383 2057 1472 2123 pera·
1560 2087 1561 2098 ,

358 2144 464 2223 gravit
481 2145 638 2209 civitates.
660 2141 822 2207 Transivit
835 2145 867 2206 in
889 2143 1132 2225 Macedoniam
1145 2141 1289 2208 Athenas
1310 2144 1399 2208 visit:
1414 2141 1472 2206 (lo-
1560 2143 1561 2168 ¹

358 2246 504 2310 riuthum
539 2245 626 2308 adiit.
650 2243 693 2310 Et
723 2247 829 2310 varias
851 2247 924 2310 inde
946 2247 1044 2310 urbes
1073 2245 1290 2327 pertransiens
1320 2261 1472 2308 reversus

360 2354 409 2408 ost
430 2345 700 2430 Hierosolymam.
726 2345 863 2410 llemum
886 2347 917 2409 in
939 2345 1066 2412 ltaliam
1091 2349 1178 2411 venit
1197 2345 1337 2410 honrem
1359 2363 1473 2426 usqne,

361 2449 482 2528 unique
501 2451 628 2530 iudaeis
649 2459 682 2514 et
703 2451 850 2530 gentihus
873 2447 1038 2514 Christum
1060 2449 1262 2513 annuntians.

443 2549 541 2612 illudo
563 2551 809 2614 animadvertito
824 2550 998 2629 Origenem
1020 2551 1198 2630 apostoliea
1222 2549 1403 2614 calcantem
1425 2565 1473 2612 ve
1560 2591 1561 2608 ι

360 2651 465 2730 stigio.
482 2651 679 2716 Alexandria
696 2651 863 2732 proiectus
885 2649 1147 2736 Hierosolymam
1166 2653 1250 2714 venit
1261 2671 1273 2730 ς
1289 2649 1405 2734 Syriae
1419 2649 1474 2713 l’a·

360 2751 515 2816 laestinae
547 2753 760 2834 perlustravit
791 2753 899 2818 urbes.
930 2754 1155 2834 susceptoque
1186 2754 1277 2817 verhi
1298 2755 1475 2818 ministerio

361 2855 491 2935 publicu
514 2865 545 2918 et
566 2857 716 2937 privatim
741 2856 770 2918 in
792 2856 936 2920 eeclesiis
958 2865 992 2919 et
1011 2857 1132 2919 scholis
1161 2852 1309 2935 Apostoli
1331 2855 1474 2918 aemule·
1560 2879 1561 2890 v

363 2967 426 3030 tur,
451 2957 629 3038 Religionis
650 2959 845 3022 christianae
867 2975 999 3038 praeeo,
1022 2959 1062 3019 ah
1092 2957 1249 3038 episcopis
1279 2957 1473 3030 honoratur,

361 3077 496 3122 munere
517 3047 727 3124 correionandi
748 3059 918 3122 adauctus.
941 3056 993 3121 Bis
1015 3061 1047 3122 io
1063 3057 1217 3121 Arabiam
1238 3057 1409 3138 proiectus
1429 3061 1474 3120 est
1560 3047 1561 3066 ¹

362 3172 473 3224 eontra
497 3162 677 3226 haereticos
700 3160 936 3242 disputaturus.
956 3161 1159 3224 Antiochiam
1182 3161 1383 3224 accersitur:
1399 3159 1474 3224 Cae·

360 3281 487 3326 seruum
510 3264 596 3343 adit,
620 3265 650 3326 in
673 3263 829 3344 Achaiam
853 3262 1081 3344 proficiscitur.
1105 3263 1248 3326 Athenas
1265 3261 1352 3340 visit3
1369 3261 1475 3340 ibique

362 3377 595 3441 commoratus,
618 3372 650 3427 et
664 3365 813 3444 Apostoli
830 3383 920 3428 more
942 3363 1212 3447 philosophorum
1228 3364 1405 3427 conventui
1425 3361 1477 3423 ed·

361 3471 447 3528 sinus
467 3469 501 3530 in
531 3467 664 3530 illorum
687 3469 852 3545 opiniones
876 3465 1019 3544 dimicat,
1042 3464 1251 3546 gentiumque
1283 3463 1476 3528 vanitatibus

363 3565 483 3642 illudit,
501 3576 533 3629 et
547 3565 660 3630 iesum
675 3565 794 3630 Filium
812 3564 869 3628 [tet
884 3564 1090 3630 solummodo
1107 3565 1153 3629 eis
1167 3563 1280 3647 obiicit
1293 3563 1474 3628 colendum.
1560 3639 1561 3660 Χ

361 3661 438 3748 Tyri
461 3668 557 3746 longo
574 3674 720 3747 ternpore
741 3667 933 3730 immoratus
949 3673 1007 3730 esi.
1031 3663 1264 3730 Verumtamen
1286 3668 1474 3747 prinsquam
1560 3665 1561 3674 ’

363 3768 420 3830 iras
441 3769 620 3850 susciperet
643 3766 931 3850 peregrinationes,
947 3765 1084 3830 Romam
1108 3783 1213 3844 usqne
1233 3764 1274 3828 ad
1296 3763 1385 3828 Petri
1405 3779 1475 3826 snc-

362 3888 537 3947 cessorem,
561 3869 648 3950 quod
671 3871 700 3934 ei
723 3869 816 3933 valde
839 3869 870 3930 iu
892 3869 1011 3949 optatis
1043 3875 1126 3944 erat,
1149 3865 1318 3948 proiectus
1339 3871 1399 3944 esi,
1421 3863 1474 3929 Ze·

360 3971 501 4055 phyrino
523 3988 562 4034 eo
585 3977 731 4050 tempore
754 3967 932 4034 Ecclesiam
956 3969 1155 4033 moderante.

443 4069 486 4135 Et
510 4073 542 4134 in
575 4071 623 4134 his
649 4068 964 4151 peregrinationibus
985 4069 1083 4150 quale
1112 4067 1283 4132 eonsilium
1303 4059 1473 4145 Origcnis?

364 4174 442 4255 quid
457 4171 550 4254 egit?
564 4171 728 4254 quomodo
746 4189 780 4234 se
798 4169 916 4252 gessii?
927 4169 976 4234 Ad
993 4169 1141 4252 Apostoli
1156 4170 1326 4234 consilium
1343 4169 1470 4230 miratus
1560 4159 1561 4212 l

364 4285 424 4356 est,
448 4273 587 4357 eiusque
610 4273 740 4355 vestigia
763 4281 906 4340 secutus.
924 4271 989 4340 Sibi
1004 4271 1046 4339 oh
1066 4255 1180 4340 oculos
1201 4271 1290 4340 illius
1308 4265 1469 4352 proposuit
