3138 4950
1132 434 1195 506 tttt'»

167 542 208 608 tu
228 562 300 606 cum
333 544 405 608 hinc
426 549 598 623 superaret
629 543 866 609 malevolorum
888 542 1049 608 calumnia
1080 549 1194 607 contra

94 646 259 710 monachos
280 646 447 708 nitrienses
467 653 500 707 at
530 642 797 728 chrysostomum
821 664 880 724 pro
906 644 1055 724 Origeuis
1076 643 1196 709 doctri·

13 738 16 753 '
98 763 132 808 ua
154 757 340 827 pugnantes,
356 748 429 809 inde
451 746 659 828 praestabant
676 746 871 828 simplicium
894 745 1004 810 illusio
1024 752 1056 810 et
1078 753 1195 810 metus.

100 846 159 912 liic
178 851 318 928 partium
348 847 563 912 subintroibat
582 847 740 923 studium,
761 847 831 910 illic
861 847 1051 926 cognitionis
1080 863 1198 910 causae

95 950 247 1015 deiectus.
272 949 334 1014 llic
354 951 451 1029 impie
479 950 599 1029 scripta
620 947 813 1028 legebantur
837 947 969 1029 Origeui
990 958 1196 1029 nuncupata;

13 1050 15 1058 '
96 1051 163 1116 ltine
176 1069 328 1115 errorum
344 1050 547 1140 discurrebat
559 1055 725 1133 syntagma
739 1049 830 1112 brari
843 1067 992 1114 sermone
1009 1057 1199 1130 congestum

91 1151 243 1215 adserens
264 1151 425 1216 eumdem.
448 1149 512 1214 llic
533 1151 682 1231 quaestio
702 1148 881 1230 dogmatica
904 1169 978 1215 cum
1010 1152 1201 1232 quaestione

12 1241 16 1282 ²
93 1253 198 1316 critica
221 1252 505 1331 confundebatur3
522 1252 590 1316 illic
610 1251 728 1332 ineius
745 1250 967 1316 defensoribus
989 1252 1201 1316 anathematis

4 1347 15 1388 '¹
94 1361 194 1418 metus
209 1353 428 1434 praevalebat.
443 1351 507 1418 tlte
520 1353 665 1430 ambitio,
679 1355 746 1417 illic
761 1354 859 1432 licor,
873 1355 926 1417 bic
940 1353 1119 1416 simultates
1135 1355 1202 1433 pri-

9 1446 16 1459 '
94 1465 194 1530 ratae,
217 1456 286 1518 illic
307 1458 471 1533 potestatis
501 1456 658 1520 secularis
678 1474 868 1520 concursus.
902 1453 967 1518 llic
988 1455 1092 1516 malae
1113 1452 1200 1530 ddci,

93 1555 157 1616 illic
177 1555 281 1618 bonae
302 1554 376 1618 tinet
397 1555 607 1618 invaluerunt
628 1541 784 1618 homines.
818 1553 900 1617 lliuc
920 1573 1053 1635 quoque
1074 1553 1105 1616 iu
1132 1537 1205 1634 qul·

93 1655 223 1718 burdam
247 1655 422 1735 provinciis
450 1664 527 1719 tuuc
547 1655 695 1719 obstabat
714 1658 918 1736 episcopatus
942 1656 1121 1734 ignorantia
1145 1651 1204 1732 (de

8 1755 14 1796 ³
90 1775 150 1836 qua
174 1757 277 1837 paulo
297 1766 370 1820 ante
391 1757 655 1838 conquerebatur
669 1774 694 1818 s.
712 1753 892 1834 Gregorius
914 1753 1141 1832 nazianzenus)
1157 1754 1203 1816 iu·

90 1857 127 1922 da
146 1877 246 1940 quarn
271 1861 410 1922 maxima
433 1859 553 1922 restitit
573 1854 759 1933 difficultas,
786 1875 848 1937 qua
871 1855 988 1936 singuli
1012 1855 1206 1919 tenebantur

89 1976 204 2026 causae
222 1959 366 2040 judices,
389 1965 504 2024 cuncta
526 1956 675 2038 Origeuis
694 1959 812 2038 scripta
835 1957 1054 2037 comparandi,
1078 1957 1207 2021 iurasti·

90 2061 193 2137 gandi,
216 2060 467 2138 interpretandi,
489 2060 688 2135 conterendi,
721 2059 802 2123 adeo
825 2067 861 2122 ut
882 2077 950 2123 rem
981 2059 1118 2140 penitius
1140 2075 1206 2120 tua-

4 2175 5 2214 t
89 2164 190 2237 ditati,
227 2174 351 2226 rectam
385 2163 638 2241 pronunciarent
666 2163 868 2225 sententiam.
890 2158 1090 2225 Audemum
1113 2159 1205 2222 dictis

88 2265 330 2344 praepollentes
344 2262 427 2326 aliae
448 2265 620 2327 subierunt
640 2264 671 2326 in
691 2261 836 2326 Ecclesia
851 2281 969 2327 causae
990 2271 1022 2326 ct
1044 2261 1209 2341 urgentio-

4 2363 5 2372 ‘
89 2350 150 2443 res,
168 2368 256 2431 idest
270 2367 486 2428 barbarorum
509 2366 720 2445 irruptiones,
737 2365 971 2428 donatistarum
986 2363 1138 2436 schisma,
1154 2379 1209 2442 pe-

4 2485 5 2502 *
88 2468 297 2548 lagiauorum
315 2485 445 2532 errores
459 2475 591 2548 praeter
604 2469 794 2530 arianorum
809 2466 967 2530 haeresim
990 2471 1022 2526 ei
1042 2471 1147 2527 sectae
1162 2463 1210 2523 in·

4 2615 6 2622 ,
88 2571 126 2634 de
141 2579 282 2635 exortas
303 2573 368 2634 huc
389 2570 469 2633 illuc
487 2569 698 2648 pervadentes
719 2566 862 2630 Orientis
878 2565 1035 2645 regiones.
1050 2561 1141 2628 Unde
1163 2562 1211 2625 ia·

86 2682 176 2737 ctum
199 2681 265 2750 est,
289 2680 325 2736 nt
346 2671 502 2736 obliuioni
525 2671 713 2735 traderetur
733 2668 881 2750 quaestio
910 2667 1108 2748 origeniana,
1131 2665 1211 2744 quin

85 2775 251 2854 judicium
273 2784 465 2838 accuratum
489 2775 528 2838 de
558 2789 595 2836 ea
617 2773 856 2846 institueretur,
878 2770 1057 2833 cicuitum
1077 2770 1212 2831 sortire·

4 2915 5 2926 κ
87 2887 141 2942 tur
164 2879 300 2940 veritati
321 2886 353 2938 et
372 2877 518 2956 justitiae
539 2881 801 2938 cousentaneum.

166 2975 240 3042 Nisi
263 2979 364 3057 quod,
381 2977 439 3039 etsi
463 2975 556 3040 valde
569 2991 658 3047 sero,
681 2971 812 3051 quidam
828 2975 976 3036 scierunt
992 2968 1128 3032 Petrum
1142 2975 1211 3030 etu-

88 3077 170 3144 diosi
192 3077 440 3157 exploratores,
463 3091 578 3138 eoram
605 3071 753 3136 doctrine
778 3076 811 3135 ei
832 3069 998 3134 codicibus
1019 3069 1159 3142 collatis,
1181 3070 1216 3130 in

92 3183 217 3259 scripta
236 3197 371 3261 quoque
385 3176 535 3258 Origenis
555 3178 780 3249 occurrentes,
794 3179 827 3236 et
848 3175 879 3236 io
895 3168 1067 3250 Theophili
1083 3170 1216 3232 alexau-

87 3283 174 3346 drini
199 3281 371 3345 historiam
389 3280 431 3342 ob
452 3296 502 3354 ea,
515 3295 600 3358 quae
621 3278 688 3356 egit
709 3276 865 3339 adversus
888 3267 1062 3336 monachos
1083 3270 1216 3335 uitricu-

24 3403 31 3418 ·
87 3403 139 3446 ses
161 3401 203 3447 ac
220 3383 412 3462 praesertim
428 3379 586 3444 loannem
606 3377 888 3461 chrysostomum,
903 3373 1100 3454 suspiciones
1121 3389 1219 3452 quas-

89 3485 165 3546 darn
190 3481 500 3561 comprehenderint
512 3501 523 3560 3
549 3479 707 3558 valdeque
729 3479 919 3554 dubitarint,
941 3493 1019 3538 uum
1041 3474 1091 3537 rir
1111 3473 1159 3536 uti
1173 3469 1220 3536 0·

90 3585 224 3664 rigenes
249 3583 393 3662 potnerit
413 3581 588 3660 aliquando
606 3577 791 3660 hujusmodi
813 3579 931 3641 docere
945 3573 1098 3652 absurda,
1114 3590 1153 3637 ac
1174 3572 1221 3635 ri·

88 3705 146 3750 ros
160 3695 232 3749 tam
249 3686 319 3763 pios
334 3693 367 3747 et
382 3684 494 3746 doctos
518 3685 664 3763 reperire
681 3695 823 3762 unquam
839 3688 993 3759 patronos
1007 3695 1086 3741 suaa
1100 3674 1222 3739 doctri·

86 3805 161 3850 uec.
190 3785 372 3864 Propterea
389 3803 450 3866 ego
472 3785 735 3866 quoquedubius
749 3781 856 3844 denuo
872 3778 971 3861 hujus
992 3777 1123 3859 aggredi
1144 3793 1222 3840 cau·

85 3908 144 3952 sac
168 3889 431 3966 recognitionem
447 3887 646 3960 existimavi,
663 3901 761 3965 quatu
785 3901 845 3962 pro
870 3880 994 3944 viribus
1014 3881 1093 3944 meis
1114 3880 1223 3957 exegi;

85 4001 118 4054 et
142 4007 297 4071 quaeum
329 4005 440 4052 coram
463 3988 553 4050 robis
577 3986 673 4051 modo
693 3993 757 4059 eto,
781 3982 1047 4062 praestantissimi
1070 3981 1144 4054 viri,
1167 3996 1224 4058 re·

86 4103 204 4156 strum
243 4091 503 4170 praestolaturus
522 4089 694 4170 iudicium.
726 4086 877 4148 Attamen
898 4085 1088 4165 prinsquam
1121 4081 1223 4143 hoca

88 4195 189 4256 vobis
215 4199 385 4259 statuatur
396 4191 556 4273 judicium
578 4190 619 4254 da
638 4191 689 4264 iis,
713 4206 798 4268 quae
819 4185 968 4262 credidit,
991 4183 1168 4261 docuitque
1182 4179 1226 4244 Α·

84 4293 300 4368 damnatius,
318 4312 357 4356 ne
375 4285 562 4372 vos'pigeat
576 4292 721 4356 breviter
737 4291 865 4368 andire,
881 4305 965 4368 quae
981 4285 1080 4363 lecit3
1095 4284 1225 4365 siquan-
