3066 4950
360 511 394 575 iu
415 508 500 576 Belli
522 505 644 576 Persici
664 507 755 573 initio
776 523 814 573 eu
835 523 948 592 pessus
968 514 1017 575 est
1026 529 1038 592 ;
1054 505 1193 592 ideoque
1213 515 1288 574 ente
1308 507 1391 572 istud
1412 523 1456 571 se

359 629 436 677 rum
449 613 517 694 jeus
532 614 685 678 ultimum
707 612 810 677 lutum
826 610 972 677 subierat
991 609 1160 678 silverius.
1178 609 1353 675 Prueteree
1368 608 1457 689 paulo

358 720 432 794 post
452 709 635 778 llistorieus
655 711 815 778 adulteris
837 731 990 778 enarrans
1020 713 1201 778 Antoninos
1222 729 1297 776 cnm
1318 709 1456 774 l'boodo

356 812 419 890 elo,
439 813 542 894 iisque
563 813 696 878 detectis
716 831 733 876 s
756 811 915 878 Belisnrio
935 831 1011 878 cum
1033 813 1065 878 iu
1085 810 1193 877 Sicilie
1216 821 1402 876 moreretur
1420 829 1454 872 ss

357 911 501 978 iemulre
521 911 730 978 blecedonise
749 911 886 991 iudiciis,
909 913 1042 978 testibus
1064 912 1193 978 duobus
1214 911 1345 976 tumulis
1364 909 1456 974 uddu-

357 1012 430 1090 ctis,
452 1013 552 1091 sddit,
574 1012 767 1079 Antoninum
789 1013 998 1080 nibilominus
1020 1013 1178 1079 Bellserio
1197 1013 1238 1076 de
1260 1014 1307 1077 rei
1330 1011 1458 1075 lulsitrtc

358 1115 569 1195 persensisse,
586 1114 668 1178 udeo
682 1123 731 1189 nt,
748 1114 868 1178 eisdem
891 1115 1025 1179 testibus
1046 1131 1105 1196 per
1119 1111 1313 1178 Belisnrium
1334 1111 1456 1174 detectis

358 1214 555 1291 Antoninue,
579 1216 888 1281 embosintsrisetos
910 1216 1108 1281 berberem
1129 1233 1168 1280 eu
1188 1215 1274 1279 dicut
1289 1212 1388 1278 inisse
1409 1227 1459 1292 prr

356 1313 540 1398 Eugenium
559 1317 730 1390 tumulum,
748 1336 844 1399 quem
860 1317 1052 1382 adhibuerat
1066 1317 1104 1382 sd
1117 1317 1245 1384 Silrerli
1260 1315 1457 1380 occisionem:

358 1425 459 1496 utque
479 1434 542 1482 non
565 1418 669 1482 multo
690 1427 762 1498 post
781 1417 899 1482 subdet
913 1417 1157 1484 Constantinum
1178 1416 1327 1480 eumdem
1347 1422 1457 1479 sortem

354 1518 546 1584 sustinuisse
576 1538 618 1583 ex
641 1519 822 1582 Antoninus
849 1538 949 1584 suasu
980 1518 1023 1584 ob
1043 1537 1093 1596 ee,
1124 1537 1208 1601 quse
1230 1527 1344 1583 contre
1366 1521 1456 1600 ipssut

356 1617 532 1683 oblocutus
552 1617 671 1682 lueret.
696 1618 779 1684 Nem
806 1637 891 1700 quse
912 1620 951 1683 de
972 1617 1063 1699 Sieis,
1086 1622 1191 1702 lnquit
1222 1617 1413 1698 Procopius,
1430 1624 1457 1682 et

357 1718 399 1782 de
422 1717 585 1785 Praesidio
606 1721 771 1802 prioribus
788 1723 895 1800 libris,
910 1721 992 1787 idest
1014 1724 1046 1787 in
1066 1724 1151 1788 libro
1162 1722 1205 1787 ll.
1227 1721 1269 1788 lle
1287 1721 1381 1786 Bello
1396 1717 1459 1784 Got-

356 1818 441 1883 tbico
454 1839 482 1884 c.
499 1820 587 1886 lllll.
604 1823 821 1900 narravimus,
845 1844 884 1889 co
901 1824 974 1888 lere·
991 1833 1136 1905 temporo
1151 1823 1373 1906 contigerun13
1387 1821 1458 1885 idest

355 1922 464 1986 udbne
482 1931 587 1988 stuute
608 1931 641 1989 et
660 1925 803 1989 noudum
824 1927 931 1990 solute
955 1925 1078 1991 Romae
1100 1925 1274 1989 obsidione.

427 2020 498 2087 llos
513 2025 597 2088 idem
622 2043 755 2107 qnoque
771 2027 941 2108 perspicue
957 2027 1080 2093 noterit
1090 2027 1306 2094 Contionatus
1315 2024 1457 2091 chronici

356 2122 539 2189 blurcelliui
560 2125 693 2192 Comitis
716 2126 828 2191 ludiet.
845 2127 870 2191 1.
884 2128 1047 2192 scribens:
1065 2149 1081 2189 r
1097 2127 1215 2192 Adbuc
1228 2123 1337 2208 Vitigo
1358 2129 1391 2190 in
1411 2125 1458 2189 ob·

355 2225 478 2290 sidioue
491 2224 614 2292 llornne
634 2233 793 2304 mouente,
814 2227 955 2294 lounnns
969 2229 1122 2309 magister
1141 2229 1280 2292 militnm
1302 2245 1380 2292 curn
1394 2223 1459 2290 list·

357 2343 408 2404 ze,
430 2325 573 2406 Conone,
590 2327 705 2406 Penio,
721 2329 889 2412 llemsque
909 2330 1105 2407 illustribus,
1129 2348 1312 2412 megnoque
1332 2343 1459 2412 eppsrr·

357 2436 390 2492 to
405 2430 566 2508 exercitu,
582 2429 622 2493 sd
644 2429 769 2495 ltnlism
786 2421 973 2514 properent,
995 2441 1167 2513 oestroque
1186 2431 1228 2494 sd
1242 2429 1383 2495 Portum
1402 2427 1458 2493 llo·

357 2546 487 2595 menum
503 2532 684 2598 collocent:
698 2532 861 2598 luborsuti
883 2533 1007 2598 llomse
1020 2534 1228 2598 subveniunt.
1243 2530 1398 2610 Quorum
1412 2529 1458 2592 sd·

358 2639 491 2695 rentum
514 2632 635 2715 litiges
656 2653 802 2715 cernens,
826 2639 925 2702 trium
948 2638 1104 2700 meusium
1134 2637 1290 2719 temporis
1309 2653 1385 2700 cnm
1407 2633 1457 2698 lle
1527 2662 1528 2751 p

356 2731 472 2798 lisseio
492 2743 587 2816 pecte
616 2737 807 2818 coufirmut3
835 2756 978 2819 suosque
1008 2740 1131 2819 legatos
1159 2739 1198 2801 sd
1230 2736 1458 2818 lmperrtoreu

357 2838 555 2902 transmittit.
578 2837 615 2900 lu
636 2857 700 2920 qnu
722 2857 801 2920 prce
823 2839 999 2904 Belissrius
1020 2839 1227 2920 (lampuniam
1248 2839 1349 2914 redit,
1371 2855 1459 2902 runo

356 2957 416 3005 nuo
436 2943 563 3022 copiuru
596 2942 770 3005 inletnrus.
796 2940 1025 3021 lleremusqne
1052 2938 1240 3021 (lamponio,
1263 2941 1457 3006 eontrarium

355 3042 415 3108 sibl
437 3043 477 3107 do
498 3043 604 3108 medio
624 3044 734 3108 unlert
753 3041 996 3108 Constantinum
1017 3044 1234 3126 patricium.»

430 3142 652 3226 Quupropter,
666 3146 714 3208 bis
727 3144 871 3208 admissis
885 3147 1148 3221 circumsteutiis,
1164 3144 1455 3226 comprehenditur,

359 3245 488 3311 Silrerii
510 3244 672 3310 Pontillcis
696 3255 834 3310 mortem
856 3247 966 3310 locum
989 3247 1149 3322 babuisse,
1172 3263 1247 3310 curn
1269 3247 1378 3311 sdbue
1397 3253 1457 3326 got·

359 3345 404 3408 tbi
422 3344 556 3408 llomum
579 3347 772 3410 obsiderent.
794 3345 997 3428 Proindeqne
1012 3343 1162 3427 vigilius,
1177 3347 1247 3427 qui,
1270 3354 1309 3412 ut
1329 3349 1374 3410 eit
1387 3345 1457 3410 Pro·

358 3449 484 3526 euplus,
507 3448 699 3529 paulopost
723 3449 828 3512 eletos
852 3449 911 3510 init
933 3451 973 3510 ed
1004 3448 1243 3523 Pontiileutunr,
1276 3467 1340 3512 uon
1360 3447 1455 3511 solum

357 3549 494 3613 insons
516 3549 615 3614 crode
635 3549 766 3615 silverii
788 3550 956 3614 munileste
977 3551 1137 3631 probatur
1156 3549 1314 3614 udrersus
1336 3547 1455 3612 libers

359 3652 383 3714 ti
400 3658 433 3714 et
452 3649 570 3717 Ceruel
592 3656 909 3733 praesumptionem
925 3651 979 3716 sed
1002 3669 1106 3733 neque
1122 3650 1268 3718 intrusus
1289 3651 1351 3716 dici
1371 3665 1455 3731 posse

359 3749 498 3817 eldeum.
532 3751 614 3818 Cum
635 3755 732 3829 enim,
755 3755 900 3833 iuquam,
924 3752 1103 3834 Procopius
1131 3754 1341 3818 intersulluur
1360 3747 1454 3833 quod·

355 3851 540 3918 dsmfnotet
559 3870 578 3917 e
600 3855 728 3921 Silrerii
749 3855 849 3920 exilio
869 3855 908 3918 ed
932 3853 1039 3937 thtttt
1064 3855 1168 3937 Pspue
1188 3855 1389 3930 electionem,
1410 3868 1455 3914 ur·

357 3953 471 4018 bitreri
489 3953 580 4018 uobis
599 3957 728 4032 sinitur,
745 3957 807 4020 boe
831 3957 1010 4038 legitimum
1025 3957 1207 4022 decurrisse
1231 3967 1367 4039 tempus,
1382 3971 1455 4019 esu·

358 4053 445 4118 lente
460 4073 574 4136 nempe
588 4055 741 4133 Silrerio,
753 4056 856 4122 donec
881 4058 980 4139 paulo
1000 4066 1073 4138 post
1093 4059 1136 4121 ob
1152 4057 1253 4122 lersle
1273 4059 1362 4122 istius
1379 4052 1454 4118 Pon·

357 4153 450 4218 tiliois
472 4155 588 4230 lutum,
609 4157 762 4222 senonico
784 4159 971 4222 succederet
989 4157 1098 4239 vigilii
1121 4157 1227 4240 Pepec
1246 4157 1380 4236 electio;
1402 4169 1453 4216 uee

356 4253 429 4324 tdco
450 4257 540 4338 prius
564 4256 716 4339 vigilium
739 4277 873 4326 mouere
904 4259 1067 4341 pontillnio
1087 4277 1156 4326 esse
1185 4260 1342 4338 iunctum,
1363 4271 1452 4338 quen
