3028 4942
344 505 506 578 libertate,
528 523 612 584 quae
633 507 665 568 iu
684 513 754 568 arte
775 511 824 569 est
843 505 1005 586 agricolae
1026 512 1058 569 et
1080 521 1142 567 non
1162 503 1336 567 arbitrario
1357 500 1430 582 quod
1497 513 1498 568 ι

346 623 363 666 a
380 606 578 684 providentis
594 615 642 668 est
663 617 796 686 propter
810 609 894 671 aeris
911 609 1095 687 temperiem
1113 615 1145 670 et
1158 607 1268 669 imbris
1289 603 1434 669 sufficien-

344 717 406 768 tem
429 708 573 786 copism;
598 711 643 770 sic
665 709 783 771 bonum
817 711 1014 773 rationabilis
1045 719 1216 773 creaturae
1237 709 1375 770 mistum
1393 711 1433 768 est

344 828 385 870 es
410 810 573 870 voluntate
595 811 705 888 ipsius,
722 822 753 872 at
774 813 976 889 conspirante
998 811 1104 872 divina
1128 811 1249 873 virtute
1263 810 1296 869 iu
1316 827 1368 878 eo,
1389 809 1434 885 qui

346 907 562 972 honestissima
585 911 726 991 suscipit.
742 908 813 975 Non
835 911 941 974 solum
956 911 1055 990 igitur
1077 910 1115 972 ad
1138 910 1167 971 id
1185 919 1221 973 ut
1241 909 1392 971 honestus
1409 913 1435 968 et

344 1007 446 1071 bouus
467 1009 522 1071 dat
542 1011 681 1090 aliquis,
716 1029 797 1092 opus
819 1021 866 1073 ast
889 1012 1054 1075 voluntate
1075 1021 1183 1074 nostra
1205 1019 1238 1074 et
1258 1009 1363 1073 divina
1383 1027 1435 1088 ope

345 1111 557 1189 conspirante,
580 1130 676 1191 quae,
692 1121 848 1192 quantum
870 1112 909 1173 ad
933 1131 1001 1186 nos,
1023 1113 1196 1175 arbitraria
1218 1129 1280 1174 non
1301 1107 1436 1189 es13scd

344 1211 431 1273 adid
453 1213 563 1285 etiam,
580 1223 616 1276 ut
637 1213 692 1290 qui
715 1213 816 1276 bouus
837 1223 869 1276 et
884 1214 1036 1278 honestus
1058 1216 1170 1289 erasit,
1189 1216 1219 1276 iu
1234 1214 1355 1274 virtute
1376 1227 1437 1290 per·

343 1320 488 1376 sereret:
511 1313 598 1393 qnod
622 1314 773 1376 nimirum
795 1316 825 1377 iu
841 1317 967 1380 ruinam
988 1316 1179 1396 delapsurus
1197 1315 1238 1376 sit
1258 1314 1355 1375 ctiam
1374 1328 1438 1390 per·

333 1411 461 1490 iactus,
476 1413 502 1477 si
524 1414 554 1477 iu
570 1414 734 1478 honestato
748 1414 848 1479 inerit
863 1416 979 1491 elatus,
1001 1416 1104 1480 etsibi
1125 1415 1223 1496 huius
1244 1429 1375 1476 cansam
1395 1429 1439 1472 ar·

345 1524 449 1593 rogen
471 1533 529 1578 nec
542 1515 679 1579 debiturn
695 1517 837 1602 *glorians
856 1518 978 1582 referat
997 1519 1039 1593 ei,
1054 1519 1110 1598 qui
1132 1517 1235 1580 multo
1250 1517 1324 1596 plus
1338 1513 1377 1576 ad
1396 1530 1439 1574 sc·

343 1615 532 1695 quirendam
554 1627 586 1680 et
608 1618 805 1680 retinendam
825 1620 972 1684 contulit.
1002 1617 1114 1684 Talem
1144 1628 1253 1684 autam
1274 1615 1437 1697 quamdam

344 1734 473 1780 causam
496 1717 593 1802 inissa
613 1719 828 1796 arbitramur,
851 1740 912 1786 cur
932 1721 987 1801 qui
1009 1722 1049 1784 ab
1072 1719 1240 1785 Ezechieio
1261 1708 1381 1782 dicitur
1400 1718 1438 1776 in·

344 1817 494 1896 culpatus
528 1819 708 1882 ambulasse
737 1821 768 1882 in
798 1823 946 1885 omnibns
979 1823 1036 1886 riis
1063 1825 1153 1898 suis,
1186 1820 1287 1884 donec
1321 1824 1437 1885 inventa
1498 1893 1499 1914 Χ

345 1916 445 1981 inerit
466 1919 496 1982 iu
528 1937 566 1983 eo
587 1921 738 2000 iniquitas
753 1965 941 1986 ........
965 1921 1063 1987 Forte
1085 1925 1185 2003 igitur
1203 1941 1229 1984 a.
1258 1922 1436 2002 Apostolus,
1498 1919 1499 1988 ἶ

345 2021 401 2097 qui
415 2021 512 2083 sciret
534 2022 637 2086 muita
660 2023 763 2085 minus
784 2023 932 2087 conicere
947 2025 986 2087 sd
1009 2024 1222 2105 comparanda
1237 2024 1318 2086 bona
1335 2024 1438 2086 suiuu-

288 2197 292 2202 .
346 2128 444 2184 tatem
466 2133 629 2198 nostram,
651 2141 748 2203 quam
770 2125 909 2188 divinam
933 2127 1084 2190 virtutem
1098 2168 1107 2200 ,
1123 2126 1251 2188 demum
1276 2127 1321 2188 ait
1343 2123 1438 2194 duem,

344 2236 408 2282 aon
428 2238 491 2283 csse
505 2222 746 2302 valentiamque
760 2225 929 2300 currentis,
943 2227 995 2288 sed
1009 2223 1067 2289 net
1089 2223 1280 2297 miserenti„
1295 2243 1358 2288 non
1371 2238 1440 2303 qus·

344 2321 371 2382 si
387 2319 473 2384 Deus
495 2341 557 2386 uon
581 2325 737 2402 solentes,
754 2336 812 2390 aut
832 2345 895 2391 uon
916 2339 1084 2392 curreutes
1104 2327 1259 2407 adjuvet:
1282 2326 1337 2390 sed
1358 2324 1439 2405 qnasi

346 2421 427 2486 nihil
447 2424 488 2488 ait
510 2425 593 2490 velie
606 2435 639 2488 et
653 2446 788 2491 currere
803 2446 880 2508 prae
896 2427 954 2492 Dei
976 2430 1205 2492 misericordia.
1228 2426 1337 2508 Atque
1356 2425 1440 2489 idcir·

344 2537 384 2584 co
400 2539 458 2601 por
477 2542 557 2598 esse,
574 2523 632 2589 Dei
654 2526 905 2604 misericordiae,
921 2545 1017 2608 qnam
1043 2529 1202 2592 hnmanae
1214 2527 1372 2590 votunuti
1392 2533 1440 2589 sut

346 2623 457 2686 cursui
479 2624 598 2688 bonum
620 2627 726 2707 potius
746 2628 893 2690 adscribi.
913 2647 930 2686 ι
948 2628 990 2692 Et
1012 2630 1064 2692 ubi
1085 2631 1204 2692 semina
1228 2627 1441 2710 Pelagisnismi

345 2723 377 2784 iu
398 2724 458 2788 hac
478 2726 668 2791 locutione?
689 2727 731 2792 ιιι
756 2729 810 2791 ubi
832 2729 1036 2794 fundamenta
1060 2732 1137 2794 tanti
1159 2727 1311 2794 erroris?
1332 2727 1372 2792 Et
1394 2727 1440 2790 ubi

346 2827 468 2888 erroris
493 2829 567 2902 via,
597 2847 693 2909 quam
716 2832 902 2910 peragrarit
922 2830 1081 2908 Rudinus,
1104 2821 1252 2911 origenis
1272 2833 1441 2896 doctrinam
1499 2893 1500 2910 ,

346 2930 599 2996 commendans?

429 3025 543 3104 Quoad
568 3051 645 3095 aero
664 3036 856 3110 secuudum,
873 3037 953 3098 idest
973 3034 1116 3117 ejusdem
1133 3033 1251 3098 Rudini
1273 3052 1347 3098 cum
1363 3032 1443 3097 Pels-

348 3125 400 3205 giu
421 3145 622 3210 consensum,
645 3137 737 3214 qnasi
759 3135 827 3200 tieri
849 3139 964 3216 possit,
988 3137 1155 3200 asserentis
1176 3135 1219 3198 nd
1236 3133 1442 3215 perfectionem

346 3237 375 3291 ct
396 3246 460 3292 nun
481 3231 584 3296 dicum
604 3235 647 3296 ad
680 3235 920 3300 similitudinem
947 3238 1001 3300 scd
1027 3235 1245 3318 aequalitatem
1260 3235 1320 3299 Dei
1345 3236 1444 3296 itama-

348 3329 591 3396 somniatorem
611 3345 640 3394 et
659 3334 822 3398 scientiane
839 3334 1022 3415 pervenire,
1045 3338 1121 3398 odeo
1141 3345 1177 3398 ιιι
1197 3353 1253 3398 nec
1272 3330 1444 3415 capitatione

349 3447 404 3492 nec
422 3429 607 3510 ipuorcntio
634 3435 759 3516 quidem
776 3455 906 3516 paccare
921 3438 1044 3518 pessit:
1065 3439 1127 3501 hoc
1149 3439 1279 3517 iuquam
1309 3435 1443 3499 docuisse

348 3529 518 3596 diuiduum
534 3534 625 3598 valde
637 3537 847 3602 dubitandum
863 3548 921 3604 cst.
935 3537 1030 3602 Hunc
1053 3541 1150 3614 euim,
1161 3538 1308 3618 quamvis
1319 3537 1357 3600 de
1372 3534 1444 3598 mni·

351 3633 390 3693 tis
402 3650 502 3711 pauca
519 3638 680 3714 supersint
695 3639 792 3718 ipsius
807 3641 938 3721 scripta,
952 3659 992 3703 ex
1009 3642 1055 3704 his
1067 3651 1170 3704 tameo
1181 3649 1316 3719 apparet
1329 3645 1444 3700 contra·

352 3731 432 3792 riam
455 3736 592 3798 tenuisse
612 3739 800 3801 senteutiam
821 3750 879 3803 aut
898 3739 1012 3802 saltem
1029 3741 1124 3804 talem
1146 3755 1208 3803 non
1222 3739 1383 3802 admisisse
1401 3751 1443 3798 er·

350 3849 470 3896 rorem.
503 3832 545 3898 Et
567 3855 601 3900 re
622 3838 751 3917 quidem
777 3859 864 3915 aera,
883 3842 912 3904 iu
928 3839 1025 3904 Libro
1047 3841 1087 3904 ιι.
1113 3839 1157 3904 Dc
1185 3835 1444 3904 Benedictiociiur

350 3929 630 4015 Putriurcdcrom,
646 3959 686 4004 ex
700 3939 844 4021 iosapho
867 3961 995 4006 sensum
1020 3945 1190 4029 mysticum
1218 3959 1387 4021 quaereus,
1407 3937 1445 3998 5¹¹·

351 4033 443 4114 quit:
461 4033 561 4100 «tam
577 4041 659 4102 enim
674 4042 751 4104 mihi
769 4043 897 4106 videtur
910 4046 936 4106 is
951 4043 1036 4107 ιιιιιιιι
1058 4041 1218 4122 (ioseph)
1238 4043 1359 4121 pesitus
1373 4051 1441 4106 estes

350 4134 463 4212 quales
485 4137 568 4201 beati
592 4141 692 4204 icturi
713 4152 798 4207 suut.
823 4143 899 4208 idco
920 4146 1040 4208 dicitur
1062 4145 1091 4208 ei
1113 4145 1227 4208 deinde
1247 4162 1266 4207 a
1287 4151 1391 4223 patre:
1409 4133 1444 4198 od

353 4253 400 4296 sse
419 4249 578 4302 reuertere.
603 4239 750 4308 Redeunt
770 4245 852 4310 enisu
875 4255 946 4326 post
967 4247 1236 4311 resurrectionem
1256 4261 1376 4318 omncs,
1397 4234 1443 4318 ιιι
