3138 4950
874 476 951 550 XVI

438 680 601 746 Catholici.
618 681 807 747 Eustatlnins
829 684 919 747 testis
940 681 1085 746 omnium
1106 681 1272 756 oculatus,
1288 697 1374 763 unae
1394 685 1458 744 acta

351 786 473 851 suntin
488 783 574 850 Urbe
589 785 808 863 conluctante
823 783 954 868 Synodo
971 782 1009 848 V.
1027 793 1058 848 et
1074 794 1199 865 postea,
1217 785 1249 847 in
1266 782 1338 848 Vita
1360 803 1385 846 s.
1402 781 1461 846 En·

354 887 452 968 tychii
480 889 526 950 ait
545 893 692 963 cunctos,
708 886 764 966 qni
785 893 1015 963 convenerant,
1030 887 1212 968 episcopos.
1225 887 1258 948 in
1279 886 1398 966 quibus
1412 883 1461 946 Vi·

352 983 464 1070 gilium
489 987 606 1068 Papam
629 987 640 1068 (
651 997 684 1052 ct
704 989 766 1052 luno
787 987 984 1068 amplissimo
1005 988 1073 1069 ipso
1093 987 1178 1068 Papa
1200 994 1400 1052 contestatus
1418 993 1462 1050 est

351 1091 385 1153 iu
401 1087 584 1153 Constituto
598 1088 787 1164 novissimo,
801 1088 841 1153 de
855 1107 890 1152 ae
910 1088 1043 1154 lonntns
1060 1096 1093 1152 et
1113 1089 1153 1152 de
1167 1087 1374 1165 Iustiniana)
1391 1105 1462 1151 una·

351 1191 483 1256 nimllcr
495 1209 560 1254 uon
580 1187 741 1264 uiolentia,
758 1207 822 1254 non
842 1185 1024 1253 necessitate
1043 1189 1271 1270 subscripsisse
1294 1189 1394 1253 trium
1408 1187 1463 1253 Ca·
1546 1239 1547 1272 3

354 1293 534 1374 uitulorum
556 1294 774 1373 anathemati3
801 1309 840 1357 nc
866 1292 981 1357 deinde
1007 1291 1152 1373 singulos
1179 1291 1219 1356 ad
1245 1293 1395 1373 proprias
1421 1291 1462 1352 di·
1546 1279 1547 1368 s

353 1398 500 1460 accesisse
522 1395 680 1458 civitates.

433 1493 695 1562 scotomaticus
716 1497 915 1560 contrariam
938 1501 1064 1576 partem
1086 1495 1255 1571 abeuntes,
1271 1503 1461 1558 commenta-

356 1598 378 1662 ti
398 1608 486 1673 sunt,
510 1595 664 1678 vigilium
688 1605 765 1662 tunc
786 1599 818 1660 in
840 1597 976 1662 exilium
1006 1615 1080 1661 cnm
1103 1597 1175 1660 eliis
1199 1597 1297 1662 luisse
1319 1597 1461 1678 deporta·

354 1708 423 1762 turn
437 1719 479 1763 ox
493 1701 653 1781 sacrilego
671 1697 844 1763 lastiniani
860 1698 1023 1774 mundato,
1040 1717 1079 1762 eo
1101 1697 1189 1779 quod
1211 1697 1355 1762 noluerit
1370 1698 1459 1762 trium

354 1799 580 1882 capitulorum
610 1801 814 1867 subscribere
845 1801 1041 1866 damnationi
1062 1819 1081 1862 a
1105 1798 1255 1865 Patribus
1285 1801 1317 1864 iu
1338 1798 1460 1882 Syncdo

349 1903 504 1967 sancitae.
526 1901 648 1968 Deinde
679 1911 829 1968 asserunt
849 1902 968 1983 Papam
990 1903 1032 1965 ub
1053 1902 1154 1967 exilio
1180 1898 1460 1976 revocatnm‚1n·

352 2008 492 2071 atiniano
514 2008 792 2071 vehementissime
813 2015 962 2086 urgento,
985 2007 1175 2069 necessitate
1196 2005 1388 2070 adstrictum
1408 2001 1462 2068 cr·
1546 2041 1547 2050 κ

352 2110 535 2188 uitulorum
556 2107 753 2174 damnationi
775 2125 850 2173 cnm
872 2109 989 2172 ceteris
1009 2107 1246 2187 subscripsisse.
1546 2121 1547 2208 t

869 2307 963 2377 xvn
1008 2275 1013 2286 ’

439 2513 604 2582 cartotict.
628 2515 742 2584 Trium
765 2516 991 2599 capitulorum
1020 2515 1206 2582 defensores
1226 2534 1245 2580 a
1269 2513 1416 2580 Patribus
1435 2511 1465 2575 in

354 2615 485 2702 Synodo
506 2619 719 2700 cougregatis,
735 2637 773 2683 ac
788 2619 962 2702 praecipue
984 2615 1137 2700 dVigilio
1157 2620 1189 2682 in
1211 2618 1328 2683 ultimo
1350 2616 1464 2682 Consti·
1546 2627 1547 2700 t

357 2727 442 2797 tuto,
465 2722 612 2802 acephali
636 2730 808 2801 vocantur,
829 2721 1122 2806 semieutychiani,
1149 2719 1303 2786 Nestorio
1323 2729 1356 2784 et
1373 2719 1464 2800 Euty·

357 2822 409 2886 chi
432 2822 604 2902 foederati,
625 2833 658 2890 et
678 2822 861 2906 hujusmodi
872 2821 969 2902 sopiti
987 2821 1135 2887 scandali
1151 2821 1328 2887 incentores
1342 2831 1370 2884 at
1385 2839 1464 2884 reco-

357 2931 491 2988 autores.

438 3023 650 3092 scotomatica
675 3024 730 3090 isti
752 3046 794 3091 ex
814 3027 964 3104 adverso,
987 3031 1152 3109 quotquot
1181 3025 1371 3103 orthodoxi,
1394 3024 1465 3088 idest
1546 3013 1547 3090 l

360 3123 498 3207 vigilius
512 3129 680 3211 ceterique
693 3130 724 3193 in
740 3127 870 3212 Synodo
891 3129 1084 3194 damnarunt
1099 3127 1159 3191 tria
1174 3127 1339 3206 capitula,
1355 3127 1462 3192 eisdem
1546 3157 1547 3166 κ

359 3230 462 3294 titulis
482 3231 646 3313 injuriosis
666 3233 916 3315 compellarunt.
933 3231 1083 3309 Quorum
1105 3231 1265 3313 primores
1287 3227 1462 3298 Facundus,

359 3329 544 3408 Liberatus,
560 3341 593 3397 et
608 3331 764 3400 Rusticus
784 3349 915 3414 parona
930 3335 1048 3412 scripta
1065 3331 1217 3411 probare,
1232 3330 1333 3410 gratis
1354 3337 1462 3400 tamen,

358 3435 466 3497 conati
485 3441 562 3498 suut
584 3432 736 3516 vigilium
752 3444 785 3499 st
805 3453 881 3500 snos
902 3435 1028 3498 haeresi
1044 3431 1179 3497 inlectos
1201 3429 1312 3505 luisse,
1334 3447 1398 3510 qua
1412 3427 1462 3508 ipsi

360 3549 398 3596 ea
419 3531 568 3614 Capitula
591 3534 799 3600 defendentes
831 3551 950 3616 reapse
967 3534 1088 3611 inlecti,
1119 3532 1380 3596 anathematizati
1403 3530 1463 3595 lne-

362 3640 436 3699 rant
456 3625 497 3699 ab
519 3635 675 3701 Ecclesia.

783 3936 787 3948 ι
866 3839 974 3907 lell

448 4042 612 4110 Catholici.
632 4043 766 4127 vigilius
785 4045 869 4130 Papa
884 4047 1038 4112 moritur:
1055 4065 1093 4112 ac
1108 4049 1139 4112 lu
1150 4047 1350 4114 coemeterio
1364 4062 1389 4109 s.
1403 4037 1461 4106 Pri·
1546 4051 1547 4064 ¹

364 4144 478 4211 scillae
497 4139 645 4229 scpdltna
667 4157 725 4212 cst.
745 4147 864 4212 Deinde
886 4149 957 4231 ejus
979 4167 1099 4230 corpus
1114 4150 1312 4213 transfertur
1333 4147 1364 4210 in
1386 4139 1462 4208 nasi

364 4244 461 4310 licam
484 4244 682 4328 Vatlonuarn,
705 4249 760 4314 ubi
780 4249 861 4332 lapis
883 4249 1057 4332 inscriptus
1078 4249 1220 4332 gloriosa
1234 4249 1305 4330 ejus
1326 4251 1408 4330 gesta
1426 4237 1461 4301 ab
