3042 4940
317 370 357 444 ll

319 474 527 556 piscopornm
549 477 734 546 nostrornm
759 485 791 546 in
812 483 939 552 Galliae
970 491 1155 571 regionibus
1175 491 1426 576 consistentiam,

319 573 501 642 laciendum
522 597 591 644 esse
619 587 845 664 prospeximus
866 598 927 654 etc.
950 610 966 650 r
989 591 1085 670 Quot
1108 595 1183 660 item
1205 597 1340 662 iteravit
1358 595 1429 663 Gre-

316 677 428 754 gorius
449 675 587 758 Magnus
608 685 639 745 in
661 685 796 763 epistola
816 685 865 754 51.
890 689 979 754 Libri
1003 693 1044 758 li.

397 777 540 860 Ideoque
559 785 585 846 si
607 787 702 849 ambo
725 786 894 856 Pontifices
915 803 948 856 et
967 799 1157 873 praesertim
1178 794 1333 878 Pelagius
1353 798 1430 879 iuge·

316 893 382 940 nne
402 893 598 961 asseverem,
624 896 696 964 post
716 892 949 970 acephalorum
971 897 1220 972 damnationem,
1253 901 1312 978 nni
1336 897 1430 984 Enip-

315 976 384 1040 chis
404 979 564 1048 haeresim
586 988 818 1070 instaurarunt,
840 994 922 1057 idest
943 1004 1015 1076 post
1034 1014 1155 1062 annum
1174 996 1246 1064 536.
1268 1001 1302 1062 in
1323 998 1432 1064 Osien-

315 1079 355 1142 tis
370 1083 555 1162 regionibus
576 1089 701 1154 nullam
724 1093 764 1155 de
779 1093 840 1157 nee
862 1095 1098 1162 formidandum
1118 1102 1344 1179 quaestionem
1360 1102 1431 1166 inir-

314 1197 363 1257 sc,
384 1187 528 1265 exceptis
550 1191 713 1256 nonnullis
728 1192 886 1274 Capitulis
908 1208 1001 1263 extra
1023 1199 1117 1264 ntem
1139 1203 1288 1281 agitatis:
1303 1203 1428 1268 ubinam

312 1290 389 1348 sunt
409 1282 558 1365 (trigenis
578 1290 609 1352 in
631 1290 723 1373 Syris
745 1313 876 1361 errores
899 1299 1072 1366 renovati?
1092 1302 1262 1386 otaSpris
1279 1301 1430 1368 Constra-

315 1383 482 1466 tinopolim
506 1407 609 1472 nsque
631 1410 689 1472 per
703 1407 907 1475 promotores
928 1419 1042 1466 eornm
1066 1419 1104 1466 sc
1125 1405 1279 1480 vindicas,
1297 1407 1347 1470 nti
1367 1409 1430 1488 op·

277 1505 280 1513 ·
314 1493 433 1549 nentur
452 1489 642 1568 adversarii,
679 1497 819 1561 traducti
841 1518 951 1564 coram
984 1501 1114 1584 synodo
1141 1507 1353 1570 oecumenica
1374 1524 1429 1586 pru

314 1584 447 1652 illorum
468 1591 698 1660 anathemate?
719 1595 761 1660 Et
782 1617 856 1676 cur,
880 1602 1037 1666 mediante
1051 1603 1232 1688 Synodnsc
1247 1617 1374 1686 postca,
1394 1606 1429 1670 tic
1518 1663 1519 1676 ,

313 1685 362 1750 his
383 1687 566 1769 haereticis,
589 1704 622 1758 at
644 1697 780 1762 istorum
796 1701 901 1782 impiis
922 1713 954 1766 et
975 1707 1105 1785 paganis
1119 1706 1326 1786 dogmatibus
1339 1707 1430 1772 silna-

311 1807 360 1867 ra,
376 1800 408 1854 et
429 1793 547 1858 horum
570 1801 762 1864 mentionem
785 1807 1073 1880 praetermiserunt
1096 1808 1221 1872 laudati
1246 1807 1425 1884 Pontifices,

312 1896 345 1954 et
366 1889 566 1971 potissimum
583 1896 745 1978 Pelagius,
760 1920 857 1981 quem
881 1909 979 1970 trium
998 1905 1225 1989 Capitnlorum
1246 1908 1426 1972 defensores
1518 1955 1519 1976 ι

313 1991 470 2058 adversus
485 1996 670 2078 hujusmodi
686 2002 877 2082 impietates,
894 2007 980 2084 lcum
996 2018 1079 2073 essct
1099 2009 1333 2088 apocrisiarius
1347 2007 1426 2090 apud

310 2091 545 2178 lastinianum)
560 2101 736 2167 zelatorem
753 2107 996 2184 proclamarunt
1009 2107 1025 2174 i
1039 2109 1070 2176 st
1085 2108 1302 2189 lastinianus,
1323 2109 1424 2192 siepi⁴
1518 2107 1519 2138 ¹

308 2215 484 2278 scaporum
506 2213 684 2269 conventus
713 2206 775 2272 snb
797 2207 927 2286 Menos,
948 2211 975 2274 si
997 2209 1133 2291 vigilios
1154 2211 1254 2292 Papa,
1279 2222 1318 2276 ιιι
1338 2212 1424 2296 sinat

310 2294 484 2366 Facundus
506 2311 538 2365 et
559 2301 730 2370 Liberatus
750 2317 783 2372 nt
803 2310 917 2374 deinde
933 2308 1105 2393 Euagrius,
1128 2314 1171 2378 tts
1198 2313 1421 2388 elaborarunt,
1518 2295 1519 2326 ¹

307 2408 346 2464 ιιι
366 2399 598 2470 damnarentur
622 2406 771 2490 (trigenis
801 2429 943 2491 errores,
965 2429 1068 2494 qnsre
1096 2416 1217 2480 horem
1237 2418 1423 2482 memoriam

309 2504 464 2582 transegit
487 2504 665 2588 Pelagius?
746 2501 751 2510 ¹

392 2601 542 2672 Fortasse
556 2609 704 2692 Origenis
723 2615 882 2696 suppositi
902 2635 1034 2682 errores
1054 2619 1241 2700 huiusmodi
1262 2627 1368 2699 enni,
1390 2623 1424 2685 nt
1518 2631 1519 2704 s

307 2702 380 2774 linei
396 2706 588 2775 christianae
604 2712 690 2778 hand
712 2717 824 2780 obesse
848 2725 1063 2797 putareutnrr
1085 2727 1118 2784 ct
1140 2721 1259 2784 horum
1283 2722 1426 2801 quamtis

307 2816 401 2871 extra
417 2809 489 2874 littei
511 2812 681 2878 discrimen
703 2816 804 2882 libere
819 2821 931 2898 agitsri
949 2819 1078 2902 posset?
1091 2828 1151 2885 sut
1162 2821 1231 2886 sine
1246 2821 1320 2888 noct
1335 2839 1424 2904 praa·
1518 2879 1519 2894 ι

304 2907 441 2990 judicio,
455 2913 575 2992 cuique
596 2915 696 2980 licere
717 2922 880 2985 contraire
904 2921 1023 2988 Christi
1045 2922 1218 2999 divinitati,
1242 2924 1424 2990 aeternitati
1518 2983 1519 2992 ,

307 3027 485 3090 poenarum
502 3017 640 3093 mentiri,
657 3019 761 3084 libero
776 3022 924 3098 arbitrio,
940 3024 1171 3088 resurrectioni
1184 3022 1263 3088 etc?
1279 3026 1425 3090 Attamen
1518 3069 1519 3072 κ

305 3109 468 3193 Euagrius
489 3115 565 3180 dicit
586 3119 696 3197 plnres
718 3123 750 3186 in
771 3119 950 3187 Palaestina
971 3125 1008 3188 io
1029 3122 1171 3188 Orientis
1188 3125 1335 3205 portibus
1354 3125 1427 3192 Ori·

306 3217 395 3296 genis
424 3219 508 3282 tueri
530 3219 692 3300 dogmata,
725 3241 847 3305 eosque
868 3244 886 3288 a
909 3229 1109 3291 monasteriis
1130 3228 1251 3308 ejectos
1274 3235 1425 3308 isunnam

303 3335 507 3384 communem
522 3325 666 3387 omnium
687 3327 874 3406 perniciem,
897 3334 940 3402 et,
963 3331 1112 3407 quamvis
1126 3329 1158 3390 in
1173 3329 1263 3392 raris
1285 3330 1357 3394 loca
1379 3329 1424 3391 tli-
1518 3357 1519 3360 ¹

303 3422 404 3500 spersi
428 3421 562 3499 luerint,
585 3425 704 3490 multos
721 3427 898 3506 pellexisse
919 3428 950 3492 in
971 3447 1063 3494 snsnr
1084 3428 1280 3510 opinionem.
1298 3427 1426 3495 Fortss·

305 3539 341 3586 rc
364 3522 511 3605 Pelagine
534 3526 618 3607 Papa
651 3529 772 3593 oblitus
793 3538 853 3605 est,
887 3547 962 3594 cnm
984 3540 1067 3594 esset
1086 3532 1315 3611 spocrtstsriur
1337 3529 1424 3612 apntl

304 3621 522 3692 lastinianum
544 3629 605 3692 snb
628 3627 758 3710 Vigiiio,
775 3631 823 3696 nti
843 3639 957 3696 narrat
973 3629 1158 3709 Liberatus,
1173 3631 1294 3698 obiitus
1312 3639 1377 3708 est,
1391 3648 1426 3696 sa

306 3725 483 3807 aliquando
507 3748 570 3794 uns
593 3749 667 3796 cnm
699 3731 815 3795 Menos
838 3753 982 3810 curasse,
1013 3742 1051 3798 ut
1071 3724 1425 3799 anathematizarentur

305 3827 454 3908 Origeuis
475 3830 637 3911 dogmata,
661 3835 863 3910 arianorum,
886 3836 1149 3900 manichaeornm
1170 3843 1203 3900 et
1226 3851 1425 3917 paganorum
1518 3915 1519 3920 ἵ

305 3915 558 4008 praeseferentia
580 3950 729 3998 errores:
759 3953 901 4014 quorum
924 3953 1076 4000 errorum
1098 3944 1273 4000 sectatores
1291 3951 1424 4012 compe·

301 4029 383 4094 risse
405 4030 572 4112 Pelagium
595 4043 733 4101 tcststnr
746 4035 944 4102 Liberatus?
959 4035 1102 4118 ideoque
1122 4036 1253 4118 qnando
1273 4035 1424 4116 Pelagius

300 4129 359 4206 ait,
381 4130 422 4194 ah
442 4149 525 4198 anno
545 4132 616 4202 536.
639 4136 770 4201 circiter
783 4137 822 4200 sd
836 4137 895 4200 an.
918 4134 988 4204 556.
1004 4139 1122 4221 nemini
1142 4139 1175 4202 in
1190 4137 1332 4202 Orientis
1352 4151 1424 4216 par·

302 4229 390 4298 tibus
420 4230 659 4302 terminandum
691 4237 790 4321 lubae
809 4237 850 4304 ne
880 4236 954 4304 hilei
974 4239 1229 4320 quamtionibns,
1249 4243 1307 4302 ant
1338 4237 1417 4318 ipsc,
1518 4319 1519 4322 Ἴ
