3066 4950
340 484 583 568 hachigilinru
596 484 792 570 quandoque
803 486 982 568 suscepisse
992 485 1352 567 legationemCeuuina
1362 485 1437 550 enin

341 589 619 670 Constantinopoli
638 598 710 656 acta
737 591 798 653 sub
823 591 969 670 Agapete
999 587 1098 667 Papa,
1126 588 1293 652 manifeste
1320 587 1441 651 trainnt

344 699 420 756 tunc
445 689 576 772 Synodo
602 690 684 757 dnos
709 692 868 756 adstitisse
897 692 1021 772 legatos
1047 689 1275 769 Theophane·
1300 697 1333 752 ei
1360 688 1440 750 Pels-

341 796 450 874 gium3
472 811 511 856 ac
529 793 614 857 hunc
635 794 691 857 din
706 811 942 873 perseverasse,
967 801 1045 856 teste
1066 791 1241 873 Procopio,
1262 791 1325 854 snb
1342 787 1441 868 vigilii

342 893 443 973 ipsius
457 893 661 958 Pontificatu.
677 893 829 959 Moneote
850 913 928 975 erpo
945 893 1075 974 Pelsgio
1094 894 1231 957 diacono
1250 892 1336 972 apud
1351 890 1443 956 losti-

340 996 486 1070 niseum,
508 996 587 1076 qnid
608 998 714 1060 altero
736 1015 818 1077 opus
838 1006 911 1059 eret
930 998 961 1060 in
984 995 1082 1076 hujus
1103 994 1247 1058 muueris
1268 988 1443 1056 exercitio?

320 1129 326 1142 ·
342 1096 553 1179 Quapropter
572 1107 606 1162 ei
625 1100 657 1161 in
679 1100 740 1163 lrac
761 1109 887 1179 partes
905 1101 1040 1163 scritate
1060 1095 1382 1162 decessisse'videtnr
1400 1091 1445 1156 li·

341 1198 496 1264 heroion:
527 1200 587 1262 nisi
609 1208 851 1279 prsesnmatnr,
875 1198 1028 1280 vigilium
1062 1198 1129 1262 nlla
1160 1199 1283 1276 absque
1311 1195 1444 1276 iuridici

343 1303 505 1374 missione,
529 1301 611 1364 clarc
643 1299 954 1382 Constantinopolim
987 1302 1154 1364 advenisse
1184 1317 1260 1363 cum
1281 1295 1444 1360 Theodora

342 1411 517 1485 pnciurum
539 1403 579 1466 de
593 1402 683 1466 Sedis
699 1403 907 1482 Apostolicae
932 1405 1156 1481 usurpatione,
1172 1399 1258 1480 quoi
1283 1405 1446 1462 laureum·

178 1553 186 1578 .
220 1575 225 1580 ,
342 1513 453 1586 peresi
473 1505 685 1586 probandum.
1181 1547 1184 1556 .

424 1605 618 1684 Novissime,
640 1608 742 1672 sicubi
767 1609 798 1671 in
821 1609 880 1672 hae
900 1611 1090 1689 quaestione
1109 1605 1252 1670 studium
1284 1619 1394 1675 rnrnm
1412 1617 1445 1664 so

345 1711 456 1784 vertit,
490 1721 525 1772 nt
547 1709 687 1774 Liberati
721 1711 1082 1775 historics·anctoritas
1110 1708 1326 1772 imminuatur
1347 1705 1378 1766 in
1404 1703 1445 1778 iis,

346 1809 492 1889 quande
516 1808 632 1892 vigilio
654 1810 753 1890 Pspa,
776 1813 815 1876 de
836 1811 964 1894 synodo
987 1809 1025 1874 ll.
1048 1818 1082 1874 et
1101 1811 1141 1872 de
1155 1808 1304 1889 Origenis
1326 1805 1446 1868 danna·

346 1913 433 1976 tione
454 1921 567 1976 narrat
587 1917 619 1977 in
641 1916 739 1977 citato
753 1914 860 1988 libro,
882 1915 998 1978 lectori
1019 1913 1169 1993 objiciam
1184 1911 1225 1974 sii
1246 1912 1316 1989 ipro
1339 1906 1445 1970 descri-

345 2019 438 2091 ptum
471 2012 605 2094 Agapeti
639 2013 744 2094 Papae
765 2014 888 2078 aditum
908 2014 948 2076 ad
980 2012 1198 2079 lastinianum
1230 2011 1262 2072 iu
1284 2029 1313 2073 c.
1339 2005 1443 2071 m:

348 2109 504 2176 «Verum
528 2123 658 2178 mortuo
679 2113 805 2178 lenone
825 2113 1005 2190 Mercurio,
1022 2116 1187 2194 Agapetus
1207 2111 1446 2176 archidiaconus

345 2211 512 2278 Romanae
534 2214 698 2280 Ecclesiae
722 2215 806 2296 Papa
828 2217 1011 2291 ordinatur,
1032 2216 1065 2278 iu
1086 2215 1209 2294 regulis
1230 2208 1445 2278 ecclesiasticis

348 2317 495 2396 opprime
515 2317 674 2381 eruditus.
707 2317 783 2394 Quo
805 2326 950 2398 tempore
971 2315 1157 2382 Theodotus
1187 2333 1248 2379 rex
1279 2313 1445 2394 gothorum

346 2419 490 2482 scribens
504 2419 562 2497 ipsi
586 2417 692 2499 Papse
706 2428 740 2483 et
754 2417 888 2484 Senatui
904 2419 1064 2492 Romano,
1076 2417 1306 2482 interminatur
1328 2432 1391 2478 non
1402 2429 1446 2476 so·

346 2518 418 2582 loni
442 2527 607 2583 senatores
636 2520 691 2584 sed
713 2527 747 2584 et
767 2537 888 2584 uxores
903 2527 945 2584 ‘et
974 2519 1055 2582 illins
1076 2535 1204 2593 eornm,
1227 2515 1337 2596 gladio
1355 2533 1389 2576 se
1407 2512 1446 2574 in·

350 2627 601 2698 terempturunr,
624 2623 683 2686 nisi
704 2624 843 2700 epissent
873 2623 958 2701 apud
982 2619 1229 2701 imperatorem,
1262 2626 1299 2682 nt
1320 2617 1445 2681 destina·

349 2728 420 2784 tom
443 2724 623 2786 exercitum
651 2724 809 2788 suumne
833 2722 923 2787 ltalia
953 2723 1172 2786 submoveret.
1201 2720 1264 2784 Seri
1287 2719 1373 2798 Paps
1392 2734 1446 2798 pro

350 2822 463 2886 eodem
482 2841 577 2888 censa
601 2825 760 2906 legatione
778 2835 940 2904 suscepta,
958 2823 1266 2904 Constantinopolim
1289 2822 1445 2900 proiectos

348 2932 407 2988 est.
430 2923 471 2988 lli
492 2926 633 3004 primunr
654 2926 785 3006 quidem
818 2926 994 2990 honorilice
1021 2927 1198 3004 suscipiens
1226 2926 1369 2988 directos
1393 2919 1444 2984 sili

349 3026 392 3088 ob
412 3024 626 3105 Imperatore,
646 3029 770 3106 sprevit
791 3034 896 3092 temen
917 3029 1024 3092 animo
1050 3031 1287 3107 praesentiam
1316 3039 1446 3103 onusque

350 3127 390 3189 ed
411 3128 617 3193 salutandum
639 3130 803 3209 suscipere
825 3130 941 3209 noluit.
964 3128 1087 3194 Deinde
1103 3133 1171 3194 viso
1187 3130 1347 3209 principe,
1367 3127 1444 3204 legs·

348 3231 444 3292 tionis
464 3239 634 3308 susceptae
654 3231 769 3310 agebel
789 3248 931 3296 causam.
957 3229 1138 3310 imperator
1157 3238 1267 3294 aulem
1292 3249 1350 3310 pro
1372 3227 1445 3290 mol·

350 3334 390 3395 iis
405 3330 472 3396 fisci
494 3332 698 3410 expensione
714 3331 808 3396 liclia
823 3333 1017 3396 destinatum
1039 3335 1222 3397 exercitum
1237 3341 1385 3396 avertere
1398 3347 1446 3392 no·

348 3431 432 3507 lens,
447 3433 697 3513 supplicationes
709 3432 816 3514 Papae
839 3436 946 3498 nolnii
970 3435 1095 3500 sudire.
1109 3435 1153 3498 At
1166 3436 1236 3511 ille,
1251 3434 1337 3515 qnod
1355 3445 1443 3496 sno·

350 3534 425 3609 luit,
448 3532 566 3600 Christi
594 3537 755 3616 legatione
776 3536 982 3616 tangebatur.
999 3536 1146 3617 lienique
1166 3539 1348 3617 perennius
1368 3536 1444 3614 prin·

347 3635 486 3716 cipibus,
517 3647 554 3698 ut
576 3636 765 3701 Arrihimum
786 3637 871 3718 Pepe
900 3639 930 3700 in
951 3639 1146 3704 salutatione
1166 3649 1199 3704 ei
1230 3639 1443 3704 communione

347 3739 540 3816 susciperet,
564 3738 619 3800 ille
641 3739 723 3813 lieri,
740 3739 855 3818 iuquit,
873 3759 977 3819 posse,
992 3741 1018 3802 si
1039 3759 1073 3804 se
1095 3741 1208 3806 libello
1231 3744 1380 3823 probaret
1399 3756 1444 3801 or·

349 3838 545 3915 thodoxum,
567 3848 599 3903 et
619 3842 658 3903 etl
681 3840 868 3903 cathedram
890 3858 982 3904 suam
1004 3851 1272 3906 revertemini.»

428 3938 607 4020 Procopius
631 3959 720 4014 vero,
737 3942 792 4020 qui
815 3940 896 4004 llelli
911 3939 1052 4008 Cotthici
1075 3945 1199 4006 initium
1220 3945 1333 4011 sestula
1351 3959 1440 4023 opera

348 4040 527 4119 descripsit,
550 4041 760 4121 animumque
780 4039 1170 4123 Theodaiipropinquins
1190 4046 1281 4108 norit
1300 4051 1330 4108 ci
1348 4043 1440 4106 cousi·

346 4139 390 4204 lia
412 4139 452 4204 de
472 4159 524 4216 ec,
540 4140 626 4221 quod
642 4141 819 4220 gerendum
840 4149 924 4206 esset
944 4143 1100 4208 adversos
1115 4143 1261 4210 Belissrii
1275 4144 1438 4224 expeditio·

348 4259 420 4306 uem
443 4241 473 4304 in
498 4241 636 4316 ltaliam,
658 4243 754 4306 aliter
775 4261 793 4306 a
815 4241 967 4310 Liberato
990 4263 1058 4310 rem
1074 4246 1225 4312 describit
1234 4248 1324 4326 ;sire
1342 4243 1437 4328 potins
