3138 4950
1177 439 1239 511 ³89

559 533 799 609 CONCLUSlO

128 727 251 821 Syiiocs
280 741 569 808 contradictionum
594 743 677 808 inter
709 745 884 811 Catholicae
903 753 931 809 ct
959 743 1182 812 schismaticos
1203 745 1240 811 in

162 836 297 909 isistorio
315 845 511 924 quaestionis
530 847 565 910 dc
585 845 687 910 tribus
712 845 889 928 Capitulis:
909 847 1077 930 proscipere
1107 843 1239 913 intentis

170 936 280 1025 t'tcttti
300 943 407 1029 Popoa
427 953 456 1011 et
474 941 659 1014 iustiniani
678 945 879 1030 imperatoris
900 957 929 1013 ct
949 946 1071 1031 synodi
1090 947 1122 1015 t.
1146 947 1240 1014 cotis.

123 1186 342 1331 Novissime,
365 1252 392 1318 si
412 1249 682 1321 documentorum
712 1253 869 1334 omnium,
891 1271 976 1338 qnae
996 1253 1080 1320 iuter
1104 1267 1241 1341 apocry-

123 1351 184 1434 pba
207 1365 240 1420 at
262 1359 360 1420 nntba
384 1357 620 1433 mandavimus,
645 1365 738 1422 tenor
766 1359 928 1423 oculatius
957 1359 1175 1434 examinetur,
1206 1364 1241 1421 et

122 1459 298 1537 praccipue
321 1465 466 1539 tempore
488 1471 518 1522 et
541 1459 790 1523 circumstantiis
810 1461 940 1535 notatis,
966 1459 1162 1540 quibuscum
1191 1457 1240 1520 tli-

123 1568 206 1622 otata
232 1560 564 1642 sidentur,p1nribns
585 1578 625 1625 cx
647 1561 773 1625 indiciis
793 1562 932 1640 amulius
954 1561 1159 1624 revelabitur
1179 1557 1241 1622 iai·

124 1669 271 1726 satorum
295 1669 328 1726 et
349 1664 606 1728 obtrectatorum
628 1661 773 1727 calamus
804 1666 864 1726 tria
893 1663 1043 1744 Capitale
1065 1662 1238 1726 detenden-

124 1765 216 1828 tium.
235 1763 301 1842 Qui
323 1767 458 1845 genuina
475 1758 714 1847 vinditiones,
731 1759 915 1841 iustiniani,
932 1773 964 1830 et
976 1766 1096 1852 synoti
1114 1761 1150 1828 V.
1167 1770 1241 1829 ncta

124 1875 156 1930 et
177 1869 298 1950 scripte
320 1876 553 1948 corruperunt,
576 1875 818 1950 perverterunt,
844 1887 923 1932 suaa
947 1865 1031 1948 parti
1057 1885 1240 1932 accommo·
1262 1871 1276 1898 '

121 1967 246 2033 dautcss
265 1970 407 2047 adeunt,
423 1989 506 2052 quae
520 1983 597 2034 sera
618 1978 693 2034 sunt
707 1977 739 2033 et
760 1987 845 2050 quaa
861 1968 954 2042 laisa,
971 1968 1123 2050 acceptis,
1137 1965 1241 2032 veluti

122 2069 280 2147 diximus,
303 2071 334 2133 in
357 2071 592 2136 intolerandam
614 2087 653 2135 ac
673 2069 842 2135 neiaudam
866 2070 1105 2134 tra'nsicrantur
1125 2067 1242 2133 antilo-

120 2181 205 2252 gium
232 2173 395 2249 Pontifex,
416 2172 630 2248 Iustiniauus,
651 2180 685 2237 et
705 2163 874 2246 antistites,
896 2173 952 2252 qni
968 2189 1041 2236 enm
1056 2171 1105 2234 bis
1125 2171 1156 2233 in
1178 2170 1241 2233 bac

120 2275 313 2354 quaestione
332 2274 538 2350 loborarnut,
554 2293 592 2340 ac
614 2289 677 2338 uua
696 2271 871 2339 laudabilis
886 2280 1081 2339 cunctorum
1102 2271 1188 2337 lama
1208 2271 1242 2335 in

121 2377 330 2458 ignominiam
352 2385 574 2442 convertatur.

204 2477 305 2556 Quod
327 2480 353 2542 si
375 2497 415 2544 ex
438 2480 499 2544 bac
520 2477 694 2544 collatione
714 2473 888 2544 uideantur
901 2471 1089 2560 hujusmodi
1110 2492 1172 2539 non
1192 2493 1242 2540 es·

116 2597 153 2644 ac
173 2580 396 2645 admittendae
417 2581 686 2646 contradictiones
708 2581 755 2644 uti
777 2578 950 2654 absurdae,
982 2579 1142 2658 magisne
1174 2593 1242 2641 ma·

116 2683 164 2764 gis
186 2689 340 2747 anstrum
362 2681 538 2747 invalescet
551 2682 694 2748 studium
711 2699 788 2762 erga
803 2677 912 2762 vigilii
927 2677 1167 2755 Pontificatum,
1190 2693 1243 2741 er·

120 2801 159 2862 ga
176 2782 303 2866 Synodi
319 2782 359 2848 V.
376 2783 606 2861 definitionem,
630 2791 662 2847 et
682 2779 899 2848 orthodoxam
913 2776 1085 2846 iustiniani
1099 2779 1194 2842 fidem
1209 2781 1243 2842 et

116 2887 319 2966 probitatem
349 2885 379 2946 in
404 2885 463 2948 bac
485 2884 622 2964 gerenda
644 2885 842 2964 quaestione.
864 2881 979 2962 itaqua
1000 2878 1091 2945 brevi
1119 2893 1243 2942 sermo·

117 3004 158 3051 ne
179 2987 465 3051 schismaticorum
488 2983 711 3066 trincauitnla
732 2981 971 3048 deiendentium
988 2981 1165 3046 testimonia
1189 2995 1243 3058 ga-

115 3090 226 3154 nuinis
250 3097 435 3169 comparata
465 3084 703 3152 catholicorum
725 3085 1010 3158 declarationibus,
1040 3089 1073 3146 et
1100 3081 1242 3146 aliorum

115 3191 339 3267 documentis,
360 3191 503 3271 quisine
524 3189 666 3268 partium
686 3189 794 3253 studio
817 3187 914 3268 bujus
936 3185 1169 3266 compegerunt
1187 3193 1242 3244 aa·

117 3295 197 3359 tatis
221 3293 404 3370 historiam,
428 3294 507 3357 tales
529 3291 701 3374 proferunt
721 3290 902 3370 antilogion.

675 3492 689 3561 i

203 3697 370 3765 Gotboiici.
394 3698 446 3765 Ab
466 3699 571 3774 initio,
593 3699 661 3764 sice
683 3696 790 3778 primo
811 3689 972 3761 mediante
992 3684 1103 3772 Vigiiii
1134 3681 1243 3754 Ponti·

112 3803 238 3866 licetne
259 3820 342 3866 uuun
364 3803 395 3865 in
415 3801 523 3882 lepida
543 3800 705 3879 insculpto
726 3800 818 3864 istius
839 3797 961 3877 legitur
980 3811 1110 3859 nomen:
1129 3785 1243 3870 Viciiio

110 3901 299 3966 beatissimo
321 3899 424 3981 Popo.
445 3901 509 3966 Per
530 3901 613 3965 idem
637 3909 763 3980 tempus
783 3900 824 3962 ab
846 3899 989 3962 bratone
1005 3891 1144 3975 Vigiiins
1164 3889 1244 3954 diei·

113 4015 174 4068 tur
211 4002 331 4068 Portos·
359 4003 487 4085 crocis:
508 4001 731 4066 sanctissimus
761 4001 861 4082 Papo.
892 3997 984 4064 Tunc
1013 4006 1050 4061 ut
1076 3995 1242 4076 legitimus
1280 4051 1284 4056 .

113 4104 277 4172 Pontifex
292 4101 429 4188 vigilius
449 4105 634 4169 consulitur
654 4104 695 4166 nb
717 4103 899 4178 Eleutcrio‚
920 4102 989 4165 sire
1004 4098 1189 4163 Prolaturo
1209 4109 1243 4156 n·

110 4211 256 4291 piscono
277 4207 475 4281 brucarensi,
491 4207 545 4270 cui
568 4205 741 4286 respondet
770 4203 949 4269 secundum
973 4200 1064 4266 Sedis
1079 4196 1244 4279 Apostoli·

111 4330 177 4375 cao
200 4317 335 4374 statuta.
354 4307 491 4390 insuper
511 4327 622 4374 coram
639 4307 785 4373 Ecclesia
807 4307 838 4370 iu
859 4303 1004 4388 epistolis
1021 4301 1167 4386 genuinis
1187 4296 1242 4363 vt-
