3042 4940
1148 387 1189 458 bb

89 511 146 562 non
162 496 264 562 scium
293 507 404 562 coram
426 494 571 562 Ecclesia
592 495 783 575 (iatbollca‚
805 509 920 562 rerunt
951 502 984 561 et
1004 497 1036 560 in
1057 513 1189 578 conspe·

92 607 143 664 ctu
163 599 397 666 baereticorum
418 600 644 664 obtestabatur
663 599 703 665 do
725 597 833 681 vigilii
851 608 887 664 et
906 599 1047 664 aliorum
1068 598 1190 680 episco-

88 719 197 780 porum
221 719 333 766 norma
355 704 386 766 in
414 704 474 766 bac
494 702 693 785 quaestione.
719 700 751 768 st
772 717 912 782 namque
933 700 1081 780 Pelagius
1108 716 1191 780 quo·

85 801 245 867 dammodo
266 803 415 868 mentitus
437 802 549 867 inisset
568 803 610 867 de
630 804 691 868 bac
711 821 770 882 ro;
793 811 851 868 ant
871 811 943 867 acta
963 801 1095 885 synodi,
1116 803 1190 866 siva

87 897 187 983 vigilii
207 911 293 984 qesta
314 913 491 985 pratmset,
511 923 571 969 aen
595 905 774 985 quidquam
798 904 934 970 celasset
954 922 1083 980 eorum,
1105 921 1190 984 quae

85 1003 309 1081 inbacardua,
323 1005 545 1086 diuturnaque
564 1007 769 1071 contentione
790 1004 1088 1087 egeratl'outile13
1111 1023 1190 1068 non·

85 1122 121 1167 ne
140 1105 233 1169 latins
247 1107 313 1170 iter
331 1107 604 1172 obtrectatoribus
618 1108 799 1188 aperuisset
820 1105 1022 1188 vituperandi
1045 1113 1113 1170 tum
1137 1102 1192 1167 vi·

85 1207 200 1286 gilium,
224 1215 292 1272 lum
319 1209 491 1289 suiipsius
521 1227 704 1291 personant,
729 1219 763 1274 ot
782 1209 893 1284 decus,
917 1208 960 1272 ita
983 1217 1020 1272 ut
1045 1225 1105 1272 ceu
1129 1207 1189 1272 lal-

83 1310 179 1372 soriua
193 1309 321 1390 publice
334 1312 576 1390 improbaretur
589 1307 672 1390 Papa
683 1307 700 1374 'i
712 1307 862 1374 Proiecto
879 1307 973 1372 raldo
985 1307 1189 1374 Pontificattti

83 1405 221 1474 liomano
241 1410 435 1490 probrosum
458 1411 520 1474 boc
540 1410 674 1484 luisset,
703 1416 736 1472 et
757 1409 925 1474 haereticis
947 1409 1079 1488 majoris
1099 1425 1192 1474 soan-

83 1509 142 1574 dali
157 1513 294 1587 neronio,
310 1511 416 1595 siquid
439 1513 470 1574 in
491 1512 540 1576 bia
555 1511 746 1592 deliquisset
767 1511 927 1592 Pelagius,
943 1511 982 1574 de
1003 1509 1191 1591 praedeces·

82 1629 149 1676 sore
166 1631 226 1678 sno
247 1615 410 1678 mulnario
431 1631 588 1689 asserens,
607 1631 692 1695 qoae
712 1629 826 1676 revers
845 1610 980 1691 vigilius
1001 1611 1189 1674 admisisset.

153 1710 275 1779 Verum
298 1732 361 1778 non
384 1713 532 1795 Pelagius
561 1714 783 1778 tantummodo
813 1712 984 1793 culpabilis
1005 1711 1112 1788 toret,
1134 1712 1189 1776 sed

83 1819 112 1876 et
130 1815 186 1896 ipsi
201 1813 316 1882 istriae
335 1816 477 1897 episcopi
501 1819 600 1882 trium
620 1814 846 1896 copttotorom
862 1813 1045 1878 defensores
1066 1814 1098 1877 ic
1119 1831 1193 1894 pro·

83 1918 146 1996 nris
161 1935 258 1982 musa
274 1917 379 1982 minus
393 1916 678 1998 iecissent,·l'iqilii
692 1909 1028 1997 cuiqam'omittentes,
1044 1933 1109 1995 qua
1124 1931 1192 1979 atu·

81 2017 159 2098 obus
176 2019 313 2084 illorum
335 2021 515 2100 pervicacia
537 2020 734 2085 innotuisset.
766 2017 849 2084 Cam
870 2019 954 2082 euim
984 2017 1120 2096 praelati
1142 2017 1190 2080 bt,

80 2121 182 2185 alarici
203 2123 402 2186 recentiores
421 2128 528 2187 tenent
547 2122 721 2203 aliquoties
736 2119 890 2202 vigiliam
913 2126 1051 2184 mutasse
1066 2127 1191 2181 seuten-

83 2220 163 2298 tiam,
189 2239 231 2285 οι
251 2220 392 2286 adverso
412 2223 554 2303 episcopi
574 2220 801 2304 capitulorum
823 2221 1026 2295 deteosores,
1048 2238 1191 2300 quorum
1265 2283 1271 2293 ,

83 2321 170 2386 valde
189 2324 347 2388 intererat
366 2322 473 2402 Panae
494 2341 682 2403 expugnaro
700 2324 882 2406 judicium,
905 2323 946 2384 ab
967 2323 1056 2386 initio
1077 2321 1191 2403 aiunt,

82 2421 180 2502 insuta
196 2431 322 2488 tantum
337 2425 490 2490 restitisse
510 2425 718 2500 damnationi,
737 2441 796 2489 nec
817 2425 888 2496 inde
910 2434 1032 2506 postea,
1056 2425 1118 2488 iliis
1133 2422 1193 2487 Ca·

82 2525 187 2604 ottoiis
207 2525 499 2600 anathematizatis,
522 2535 714 2592 retractasse
733 2527 934 2590 senteutiam.
960 2524 1036 2588 ideo
1059 2521 1138 2588 binii
1159 2533 1193 2588 cl

82 2626 237 2692 sociorum
256 2627 415 2692 incusatio
429 2625 637 2690 non=catiorot
650 2645 750 2708 super
765 2625 934 2707 vigilium,
947 2625 1001 2689 sed
1017 2642 1117 2706 super
1131 2623 1191 2690 Ca·

82 2727 254 2803 uitulorum
277 2737 451 2808 patronos,
474 2728 530 2808 qni
553 2727 751 2793 manifestam
772 2726 878 2808 Panae
899 2727 1136 2792 instabilitatem
1159 2729 1191 2789 in

82 2827 109 2890 io
127 2829 186 2893 bac
206 2830 413 2912 diiudicanda
426 2833 627 2910 quaestione,
645 2838 681 2894 nt
698 2848 793 2909 sacua
815 2832 975 2912 reciperet
988 2846 1073 2909 qnae
1094 2837 1188 2892 antea

81 2927 260 3008 admiserat,
275 2929 498 3010 neglexerunt.
516 2929 611 3007 Quod
631 2948 708 2994 sane
725 2931 771 2994 eis
785 2931 973 3010 proiecisset
988 2939 1025 2994 ul
1049 2929 1133 2993 l’otri
1157 2929 1192 2992 it·

82 3027 128 3094 dei
141 3030 304 3096 delectum
318 3033 524 3098 ostenderent
543 3032 657 3114 lnejtts
677 3049 864 3098 succusano
885 3029 1016 3113 vigilio,
1030 3033 1056 3096 si
1078 3049 1192 3112 reapse

83 3129 112 3196 in
131 3134 190 3198 boc
210 3141 387 3216 necasset.

152 3233 211 3302 ilia
225 3238 327 3318 igitur
337 3236 453 3302 sedulo
466 3237 685 3315 consideratis,
698 3237 738 3302 do
752 3238 875 3302 sincera
893 3235 1012 3316 Pelagii
1026 3234 1192 3305 locatione

82 3349 150 3400 cura
169 3336 261 3402 nolas
274 3339 316 3402 ait
337 3338 499 3417 dubitare,
514 3340 701 3406 inconcussa
723 3355 856 3419 quoqne
871 3345 1011 3411 manent,
1028 3355 1113 3417 quae
1127 3337 1193 3414 ipse

80 3446 205 3502 enarrat
225 3437 268 3502 da
288 3437 416 3520 liiqilio.
438 3439 542 3522 cujus
561 3440 717 3504 sobrietas
739 3439 905 3521 praelusit
924 3446 958 3502 et
983 3438 1140 3517 sagacitas
1161 3439 1193 3502 itt

82 3533 137 3600 bac
165 3539 364 3606 moderanda
394 3543 605 3622 quaestione,
637 3530 720 3606 adeo
744 3550 782 3606 ut
807 3539 1014 3606 heterodoxis
1041 3538 1192 3604 anteran-

82 3646 133 3702 tnr
145 3649 336 3721 praetextus
351 3645 452 3724 insius
472 3644 696 3726 corripiendas
708 3642 937 3717 instabilitatis,
953 3649 1011 3706 aut
1026 3639 1191 3721 uerildiacs

78 3743 159 3820 qnod
183 3761 261 3809 saoo
282 3744 322 3808 de
341 3743 495 3809 Pontibce
512 3743 824 3826 Romanosnanicari
845 3761 957 3808 sensns
986 3741 1116 3824 quidem
1138 3759 1195 3806 no·

80 3849 142 3906 ater
161 3844 297 3926 reluqil,
319 3841 413 3921 Quae
432 3846 539 3910 omnia
559 3863 634 3912 cum
651 3843 738 3908 Petri
761 3844 807 3908 tto
832 3841 956 3918 Marsa,
971 3839 1051 3906 Binii
1074 3849 1107 3906 et
1128 3839 1195 3904 Sir·

79 3945 182 4008 mundi
205 3944 401 4026 patefaciant
415 3945 610 4023 illusionem,
626 3963 686 4028 pro
702 3943 819 4026 vigilio
842 3952 976 4008 tractata
994 3942 1193 4008 confirmant.

153 4043 227 4111 Non
249 4063 343 4110 nemo
364 4054 482 4124 umen,
505 4056 596 4128 outo,
619 4048 702 4114 banc
721 4046 830 4128 legent
852 4043 959 4126 vigilii
982 4045 1191 4124 praesertim,

79 4159 114 4206 ac
132 4155 318 4212 caierorntu
339 4149 565 4229 episcoporum
587 4147 837 4213 occidentalium
858 4147 899 4211 ab
914 4147 1004 4212 initio
1026 4147 1192 4226 quaestio·

83 4245 126 4310 nts
148 4248 374 4328 resistentiam,
397 4257 433 4316 nt
453 4249 499 4314 ait
521 4247 692 4332 Pelagine,
715 4251 748 4339 in
770 4247 873 4314 tribus
893 4245 1080 4314 damnandis
1100 4245 1194 4332 Capi·
