3028 4942
84 523 153 572 rere
172 515 205 572 at
222 510 301 575 seite
331 509 503 576 tenendum
525 512 626 592 egisse
650 506 814 574 Rudinum
834 509 868 572 iu
888 507 1015 590 eertptle
1035 507 1184 590 Orlqenis
1210 503 1214 510 ’

84 611 315 688 transferendis,
338 613 369 674 in
389 610 521 675 Litteris
542 612 583 674 ad
608 612 812 676 Anastasium
840 607 960 692 Papam
981 609 1075 686 datis,
1096 618 1130 673 at
1149 610 1181 676 in

82 712 209 792 reliquis
230 713 330 794 ipsius
351 714 444 777 libris
465 715 497 778 in
518 713 684 779 Ecclesiae
705 713 959 778 aedificationem
975 712 1068 776 editis
1081 733 1090 773 ε
1105 729 1184 776 cun·

83 817 135 878 etis
155 815 202 878 his
226 816 349 896 positis,
366 833 425 896 pro
450 825 562 882 nostro
582 817 752 897 principali
773 822 966 894 argumento
988 815 1071 878 illud
1101 833 1182 894 qun·

80 931 137 993 que
163 917 343 980 necessario
370 919 523 996 infertur,
549 915 697 997 Origenis
723 917 903 980 doctrinam
929 916 1106 978 immunem
1130 917 1180 982 ire

80 1015 115 1076 stt
132 1021 299 1085 erroribus
320 1025 349 1086 ei
369 1023 532 1102 inscriptis
552 1038 570 1082 a
593 1017 787 1100 Theophilo,
811 1015 990 1099 Epiphanio
1011 1027 1043 1080 et
1066 1015 1180 1081 lliern·

81 1134 176 1198 aymo.

150 1219 280 1296 Quanto
313 1243 391 1286 sero
411 1223 486 1305 jare
511 1224 591 1288 haee
612 1241 672 1303 pro
693 1221 815 1286 lluttiot
837 1220 900 1284 tide
926 1237 964 1284 ae
996 1220 1180 1283 sinceritate

81 1321 107 1382 in
119 1323 303 1400 quaestione
325 1325 508 1403 origeniana
525 1324 818 1404 (quemadmodum
834 1330 866 1385 et
886 1323 918 1385 in
933 1324 1048 1384 ceteris
1060 1320 1070 1398 t
1083 1329 1177 1384 extra

80 1421 162 1484 omne
182 1424 325 1486 malitiae
346 1443 446 1504 genus
467 1426 640 1489 incedentis
662 1425 788 1505 suscepi
810 1423 1069 1496 demonstranda,
1086 1437 1178 1485 enee·
1298 1469 1303 1478 .

82 1541 186 1586 sorum
208 1523 343 1588 Petram
372 1525 594 1605 suffragantur
616 1527 814 1589 testimonias
837 1525 877 1586 ad
900 1542 983 1605 quos
1003 1531 1037 1586 et
1058 1523 1178 1586 ricinos

80 1632 107 1684 et
125 1626 247 1690 dissitos
271 1635 347 1689 tuno
367 1627 450 1688 iema
473 1626 620 1708 ejusdem
634 1627 810 1690 honorifice
832 1626 981 1705 pervenit
1000 1627 1068 1688 siva
1089 1631 1177 1706 ante,

78 1724 136 1787 stre
150 1725 221 1804 post
240 1743 316 1789 aues
337 1745 412 1789 eam
433 1725 631 1810 Hieronymo
652 1727 871 1790 dissensiones.
887 1723 1069 1789 Universim
1090 1739 1178 1784 nam·

80 1843 135 1903 que
157 1837 189 1888 et
211 1829 333 1906 unique
359 1829 408 1888 vir
438 1828 666 1892 ostentabatur
692 1827 903 1898 lamillimus,
922 1824 1100 1906 piissimus,
1119 1823 1179 1887 mi·

80 1923 229 2002 tissimus,
250 1927 528 2008 rrtipiesirrs'msss,
550 1930 772 2001 doctissimus,
793 1926 1021 1992 sanctissimus.
1053 1923 1094 1988 Et
1115 1928 1176 1988 hoe

81 2025 191 2090 laetum
217 2038 276 2103 est,
300 2031 445 2110 inquam,
461 2048 520 2109 per
542 2031 673 2092 totidem
699 2032 786 2093 viros
809 2029 974 2092 doetrinae
998 2029 1176 2091 catholicae

80 2128 228 2192 relatores
249 2133 386 2210 parique
416 2131 536 2209 pietate
556 2133 703 2210 insignes.
734 2128 857 2209 lteapse
880 2129 1044 2192 Palladius
1065 2129 1096 2191 tn
1116 2125 1176 2192 Hi·

78 2227 168 2292 stnrio
185 2229 334 2303 Potum,
349 2231 460 2294 beatae
482 2229 642 2296 Melaniae
655 2247 806 2294 romanae
827 2234 978 2308 pietatem
1001 2230 1172 2304 extollens,

78 2331 134 2405 sit,
154 2351 229 2394 eum
251 2351 288 2393 es
321 2330 556 2417 Hierosolymis
578 2333 696 2396 vixisse
716 2331 948 2394 nobilissimum
970 2340 1003 2392 et
1032 2331 1176 2392 moribus

77 2432 266 2497 simillimum
282 2440 314 2497 et
329 2432 539 2498 fortissimum
561 2432 730 2495 liuttinum
744 2451 785 2496 es
803 2429 952 2512 Aquileia
968 2432 1098 2494 eivltste
1114 2431 1176 2494 lta·

78 2530 156 2613 line3
177 2535 231 2615 qni
255 2543 362 2614 postea
386 2535 500 2613 diguus
531 2535 659 2597 nutritus
680 2541 727 2594 est
750 2533 987 2616 presbyteratu.
1010 2527 1085 2607 Quo
1112 2547 1174 2593 noa

77 2640 119 2694 est
135 2635 282 2697 inventus
306 2635 389 2696 inter
410 2635 553 2696 homiues
575 2653 634 2696 nee
654 2633 792 2706 doctior,
815 2649 873 2694 nee
889 2631 1037 2693 mitior.»
1060 2629 1175 2693 Hiero·

78 2748 206 2812 aymus,
236 2752 312 2800 eunt
333 2735 476 2796 nondum
497 2735 537 2796 ne
557 2733 698 2813 Origene
726 2733 872 2813 quaestio
894 2749 949 2793 eos
969 2732 1174 2811 seiunxiaseq

79 2832 113 2892 ad
134 2831 332 2898 Florentium
354 2837 518 2897 scribens:
536 2833 686 2898 «Frater
707 2831 881 2904 Ruttlans,
911 2833 978 2904 ait,
1011 2831 1174 2895 individua

79 2933 148 2993 mihi
169 2935 385 3012 germanitatis
407 2935 565 3014 charitate
586 2951 751 2998 connexus
766 2938 824 2994 est.
837 2929 913 2995 Noli
928 2949 983 2992 uos
998 2933 1067 3011 ejus
1082 2931 1176 2993 aesti-

80 3047 162 3094 mare
182 3035 366 3098 uirtutibus.
392 3035 429 3096 tn
449 3035 506 3098 illo
529 3035 704 3114 conspicies
734 3049 906 3113 expressae
926 3025 1100 3094 sanctitatis
1122 3049 1176 3093 ve·
1282 3107 1287 3116 Ι

78 3134 161 3211 eligia
172 3155 183 3214 ;
198 3146 230 3198 et
250 3155 311 3215 ego
327 3138 405 3199 einis
427 3145 459 3199 et
476 3137 619 3199 uilissimi
634 3154 708 3215 pars
722 3134 805 3212 luti3
827 3143 860 3196 et
877 3133 943 3213 jum
966 3131 1076 3194 darilla
1097 3131 1175 3192 dnm

81 3244 214 3312 regetur,
236 3240 312 3300 satis
334 3237 437 3299 habeo
452 3239 477 3300 si
493 3238 697 3317 splendorem
715 3253 842 3298 morum
864 3235 952 3296 illins
974 3232 1175 3294 imbecillitas

81 3333 243 3398 uentorum
265 3354 414 3398 meorum
437 3336 524 3403 ierre
544 3337 741 3400 sustineat.»
760 3335 790 3400 S.
809 3333 963 3397 Paulinus
985 3331 1088 3395 Nolae
1109 3332 1176 3411 epi·

67 3429 186 3510 'scopus
208 3435 239 3496 in
272 3433 417 3515 Epistola
441 3434 497 3498 lX.
519 3439 558 3498 ad
581 3437 739 3500 Severum
761 3435 800 3496 de
821 3435 933 3496 eodem
955 3432 1021 3493 ait:
1038 3453 1054 3490 n
1071 3430 1176 3509 ipsam

82 3535 319 3610 annotationem,
334 3554 432 3616 quum
454 3537 691 3600 commonitorii
709 3539 777 3598 viee
799 3537 946 3608 miseras,
968 3532 1083 3594 litteris
1098 3531 1175 3595 meis

82 3632 214 3710 inditam,
231 3637 335 3700 direxi
357 3637 397 3698 ud
422 3636 588 3700 Bullinum
613 3624 851 3720 presbyterum,
871 3641 999 3696 sanetae
1017 3629 1177 3694 Melaniae

83 3731 111 3792 tn
129 3737 260 3812 spiritati
284 3737 528 3816 staeouritem,
554 3755 629 3800 sere
649 3744 816 3810 sanetum,
839 3741 872 3796 et
896 3734 946 3812 pie
968 3733 1121 3806 doctum,
1144 3738 1177 3792 et

82 3829 117 3892 nb
136 3833 192 3896 hoe
214 3836 293 3898 mitri
314 3835 426 3896 intima
445 3835 614 3898 allectione
635 3835 891 3915 coninnetum.n

152 3931 252 3998 Porro
274 3934 313 3996 ad
335 3935 484 3998 eumdem
507 3937 572 4014 ipse
592 3935 755 4009 scribens,
784 3935 825 3996 sb
845 3952 885 3996 eo
906 3931 1056 4013 epistolas
1076 3930 1172 3995 etiem

83 4027 183 4096 breves
203 4035 304 4114 petit3
336 4035 396 4096 sibi
417 4037 499 4097 enirn
533 4053 647 4114 magno
668 4035 838 4113 refrigerio
860 4051 913 4094 eas
945 4031 1015 4095 tore
1036 4030 1171 4092 asserit:
1233 4063 1236 4069 ·

85 4128 179 4205 «Qun
201 4134 300 4214 msqis
321 4151 400 4214 egeo
422 4131 479 4195 Dei
502 4132 743 4208 misericordia,
766 4139 803 4192 ut
824 4130 999 4208 pleniorem
1022 4129 1097 4192 mihi
1120 4146 1173 4191 eo·

84 4230 157 4306 piam
178 4237 222 4300 tui
238 4234 380 4310 tribunt3
402 4235 478 4315 quia
495 4252 555 4314 pro
575 4233 694 4298 divitiis
716 4234 777 4296 noe
796 4231 857 4294 erit
879 4231 1026 4310 pauperi,
1043 4229 1094 4294 vel
1115 4229 1172 4290 mi-
