3028 4942
332 372 393 442 132

193 523 196 537 .
330 477 480 550 firmans,
511 475 600 538 nnbls
620 473 834 540 exhibetura
859 472 974 539 Pbotio
995 473 1026 536 iu
1048 470 1246 538 Bibliotheca
1269 469 1347 536 Cnd.
1370 467 1438 536 ttt.

332 577 397 654 Qui
417 577 624 659 quantumvis
642 575 733 640 valde
747 575 806 639 sibi
828 575 987 651 conscius,
1003 573 1176 654 Origenem
1191 591 1327 646 errasse,
1343 574 1439 652 eique

332 679 469 759 imputet
489 695 629 752 errores,
646 677 685 740 de
706 676 823 756 quibus
843 677 1017 758 culpatur3
1034 677 1239 740 nihilominus
1255 685 1363 740 texens
1390 693 1440 736 ve·

332 790 438 846 terum
459 781 654 860 scriptorum
677 780 841 859 opiniones
862 780 901 842 de
923 781 984 844 bac
1006 798 1053 855 re,
1075 778 1343 844 celebratissimos
1361 777 1441 838 dicit

333 884 422 946 viros
436 868 479 944 'ac
493 881 603 960 plures
620 898 702 956 ,snae
723 880 885 946 contraire
904 883 1090 946 sententiae.
1110 879 1290 960 inquibus,
1312 879 1440 942 censitis

329 1003 355 1048 s.
381 983 549 1064 Pamphilo
569 992 601 1046 et
621 981 949 1058 Eusebio,.alterum
968 982 1076 1064 iungit
1094 980 1300 1066 anonymum
1311 1001 1323 1058 5
1345 979 1442 1058 cujus

334 1085 444 1159 verba,
458 1085 516 1149 etsi
528 1103 590 1148 nou
605 1086 793 1160 universim,
805 1102 881 1150 cum
895 1085 1096 1166 propositum
1107 1093 1253 1148 nostrum
1262 1084 1375 1164 iurent
1388 1083 1443 1143 ad·

334 1186 477 1264 mudum,
492 1187 548 1250 bic
562 1186 744 1250 describere
765 1193 798 1250 al
818 1185 985 1250 illustrare
1004 1187 1116 1266 sategi.
1134 1184 1186 1250 Sic
1206 1201 1343 1263 namque
1361 1183 1442 1246 scri·

332 1289 385 1364 bit
402 1286 557 1352 Pbotius:

412 1388 594 1470 «Legimus
615 1389 735 1453 librum
757 1403 817 1469 pro
837 1386 991 1468 Origene,
1013 1388 1151 1469 ejusque
1170 1385 1239 1452 Deo
1260 1386 1364 1450 invisis
1390 1385 1446 1446 do

333 1490 502 1569 urnalibus.
525 1489 629 1553 Libris
643 1493 787 1572 quinque
801 1509 883 1572 opus
897 1491 1100 1570 absolvitur3
1116 1490 1203 1570 quod
1224 1507 1282 1552 uec
1302 1487 1446 1564 Scripta

333 1591 377 1655 ris
399 1609 513 1656 nomen
535 1595 565 1655 iu
587 1593 682 1656 titulo
703 1592 843 1656 exbibet.
876 1590 982 1656 Dictio
1002 1611 1107 1673 neque
1128 1593 1215 1656 clara
1238 1600 1306 1662 est,
1336 1607 1445 1667 nequa

333 1709 438 1772 pura,
461 1712 520 1758 nec
539 1681 737 1758 laudandum
760 1694 836 1775 quid
859 1694 1058 1776 praeferens.
1088 1693 1234 1774 Scriptor
1254 1699 1359 1756 autem
1384 1707 1445 1769 pro

332 1793 484 1876 Origene,
500 1797 637 1878 ejusque
657 1798 821 1860 sententiis
842 1797 899 1861 bos
915 1795 983 1862 iare
1004 1805 1098 1860 testes
1111 1794 1238 1868 laudat,
1254 1791 1443 1872 Dionysium

332 1897 599 1974 alexandrinum,
622 1895 822 1962 Demetrium
844 1917 976 1978 quoque
1000 1904 1034 1960 el
1055 1895 1274 1964 Clementem,
1296 1893 1444 1970 aliosque

336 1998 504 2078 plurimos.
529 1998 611 2062 Prae
631 2002 746 2063 ceteris
768 2018 846 2063 rere
869 1998 1035 2079 Pamphilo
1057 1999 1192 2081 martyri
1215 1997 1445 2066 inni.titur,‚at·

333 2116 398 2178 que
411 2098 550 2162 Eusebio
558 2098 736 2163 Caesareae
751 2099 950 2165 Palaestinae
965 2102 1126 2180 episcopo.
1141 2097 1293 2162 Ceterum
1306 2096 1386 2158 baec
1401 2095 1443 2156 A·

333 2200 461 2281 pologia
484 2211 545 2264 uun
566 2202 686 2265 solutio
707 2212 755 2264 est
782 2213 819 2266 ut
848 2203 1026 2282 plurimum
1047 2219 1183 2276 eorum,
1205 2217 1291 2280 quae
1311 2195 1444 2276 Origeni

334 2301 546 2383 objiciuntur,
567 2301 621 2365 sed
644 2304 854 2366 recusationis
873 2303 979 2382 potius
1000 2301 1217 2383 adstipulatio.
1238 2299 1327 2364 Adeo
1349 2297 1406 2360 bic
1427 2315 1443 2358 a

335 2400 528 2482 blasphemis
542 2403 629 2484 illius
650 2404 852 2484 opinionibus
872 2405 956 2466 liber
970 2421 1031 2466 nou
1052 2413 1101 2466 est
1121 2403 1261 2466 omniun.
1285 2399 1399 2479 ltaque
1416 2407 1446 2462 et

335 2505 457 2566 animas
470 2513 544 2568 aute
556 2521 694 2584 corpora
709 2508 848 2570 existere
863 2507 1005 2568 latetur:
1028 2521 1139 2569 sacrae
1153 2520 1285 2586 quoqne
1299 2501 1443 2580 Scriptu·
1506 2547 1507 2592 ,

336 2623 394 2668 rae
414 2623 451 2668 ac
471 2616 655 2676 sauctorum
680 2606 815 2670 Petrum
837 2609 1024 2671 testimoniis
1045 2607 1083 2670 ad
1107 2606 1192 2670 bunc
1213 2619 1360 2666 errorem
1380 2611 1444 2664 ata·
1506 2593 1507 2630 n

335 2704 533 2783 bilioudum,
555 2717 592 2769 ut
614 2715 720 2786 putat,
742 2708 913 2786 adhibitie;
943 2717 1172 2787 etcorporum
1194 2718 1327 2786 quoque
1348 2703 1444 2764 aliam

336 2805 424 2886 lingit
446 2811 707 2889 resumptionem.
739 2807 861 2874 Verum
883 2810 923 2872 de
947 2818 1055 2872 sancta
1079 2807 1236 2870 Trinitate
1257 2806 1337 2870 nibil
1358 2823 1445 2868 erra·

337 2915 444 2970 torum
465 2907 569 2971 affert.
587 2907 672 2985 Quin
694 2911 788 2974 etiam
812 2911 874 2976 buc
887 2914 1001 2974 asserit
1022 2911 1062 2974 de
1081 2911 1234 2990 Origene,
1249 2908 1331 2971 nibil
1354 2925 1442 2980 eum,

336 3008 567 3088 quodquidam
583 3011 622 3072 ad
641 3011 755 3088 dogma
770 3011 810 3074 de
824 3008 980 3074 Trinitate
1000 3013 1125 3086 attinet,
1141 3027 1267 3074 errasse
1279 3029 1290 3070 .·
1304 3025 1445 3088 puguan-

336 3118 399 3170 tem
421 3117 545 3173 tanatum
567 3129 642 3174 cum
661 3111 790 3178 Sabellii
809 3113 956 3186 haeresi,
973 3113 1067 3193 cujus
1083 3120 1150 3176 tum
1171 3110 1362 3190 improbitas
1382 3125 1447 3170 mn·

335 3227 476 3290 paupere
496 3231 530 3275 se
551 3233 584 3276 sa
606 3213 772 3288 atterebat,
789 3223 820 3276 ct
842 3233 1054 3296 personarum
1073 3213 1223 3276 Triadem
1245 3211 1443 3274 manifestam

337 3313 475 3374 maximo
497 3312 673 3393 multisque
689 3315 789 3376 modis
804 3313 1006 3378 differentem
1028 3314 1250 3378 demonstrare
1264 3319 1443 3378 conantem,

338 3418 374 3474 ul
387 3429 404 3474 a
419 3420 507 3475 recto
521 3423 620 3493 atque
635 3413 738 3477 officio
754 3417 850 3477 etiam
869 3416 899 3478 iu
920 3417 1116 3478 contrariam
1133 3421 1258 3492 partem
1275 3411 1444 3488 abreptum

337 3512 435 3578 leima
452 3516 629 3578 rideretur.
653 3515 828 3582 Enimvero
843 3535 902 3596 pro
925 3518 996 3578 aliis
1017 3516 1087 3596 ejus
1101 3513 1318 3594 dogmatibus,
1331 3509 1444 3589 quinos

338 3632 443 3696 neque
459 3617 536 3680 satis
550 3618 692 3696 speciose
714 3620 860 3681 assentiri
875 3617 995 3694 audet3
1017 3635 1122 3696 neque
1144 3621 1237 3696 putat
1252 3611 1445 3693 praedictum

337 3732 467 3780 causam
491 3734 583 3795 passe
604 3718 719 3796 aptari.

397 3815 485 3880 «Pro
498 3817 695 3898 hujusmodi,
709 3822 855 3899 inquam,
868 3818 1072 3898 dogmatibus
1086 3815 1221 3880 multam
1232 3813 1361 3877 adbibct
1376 3825 1446 3886 ope·

337 3935 419 3992 ram,
442 3929 479 3982 ut
498 3919 706 3995 demonstret,
728 3921 778 3982 vel
799 3920 1039 3984 exercitationis
1060 3935 1157 3982 eausa
1180 3916 1351 3980 dumtaxat
1371 3913 1445 3974 baec

338 4019 378 4081 ab
399 4037 438 4083 eo
452 4037 520 4082 esso
541 4022 639 4096 dicta,
664 4020 716 4084 vel
730 4029 819 4084 certa
840 4023 881 4084 ab
901 4022 985 4095 aliis,
1008 4020 1065 4100 qui
1086 4018 1214 4082 diversa
1234 4018 1400 4084 sentirent,
1415 4029 1444 4070 c·

334 4121 390 4204 jus
409 4121 538 4201 scriptis
558 4122 676 4184 inserta
699 4122 806 4186 luisse.
840 4119 967 4186 Testem
990 4121 1088 4202 bajus
1109 4119 1223 4184 laudat
1248 4135 1323 4182 curn
1345 4116 1442 4194 ipsum

338 4221 533 4304 (Origeneml
550 4223 610 4286 boc
625 4223 830 4302 clamantem,
846 4235 945 4304 atque
966 4223 1223 4295 conoendcutem,
1247 4237 1322 4283 cum
1345 4215 1443 4278 vireu·
