3186 4946
332 486 379 540 tes
398 472 486 538 illius
505 472 603 536 dicti:
625 487 690 535 aaa
708 470 775 556 {sit
793 489 891 538 ossus
907 472 1070 556 judicium
1083 472 1202 556 inferre
1218 467 1438 554 llcsplsras'or,

331 575 419 658 quod
440 575 559 640 dicitur
578 573 618 638 de
639 572 799 639 Michaele
819 583 932 640 contra
953 576 1130 654 diabolum,
1152 583 1185 641 nt
1205 577 1237 639 in
1257 575 1322 638 alio
1339 574 1438 638 loco:

329 674 696 758 testamenmentum
716 675 903 757 reprobunt,
924 677 1046 759 plors'os
1072 687 1176 744 castam
1202 675 1438 758 blasphemam

330 781 460 862 quidam
480 796 613 855 eorum,
634 779 691 861 qni
711 779 850 843 libenter
870 781 1088 844 contentiones
1109 781 1297 860 reperiunt,
1318 777 1439 842 adscri-

329 883 411 946 ltunt
429 882 519 945 nobis
538 888 573 943 et
592 887 719 944 nostroe
741 881 906 944 doctrinae
927 883 1169 960 blasphemiam,
1183 899 1282 960 nuper
1297 898 1360 962 qua
1376 877 1436 959 ipsi

331 984 480 1060 viderint,
503 983 668 1065 quomodo
689 982 770 1047 illud
792 984 947 1047 audiant:
969 1002 1067 1065 motta
1086 982 1210 1058 ebriosi,
1232 1000 1330 1064 nsque
1344 981 1439 1046 mol&

329 1083 394 1149 dici
413 1103 545 1167 repetam
565 1082 625 1148 Dei
642 1083 864 1166 possidebunt:
887 1086 964 1151 licet
984 1094 1110 1167 patrem
1131 1086 1271 1150 malitiae
1286 1095 1317 1150 et
1332 1084 1439 1166 perdi-

329 1189 423 1253 tionis
443 1207 571 1264 eornm,
593 1189 649 1269 qui
670 1188 710 1250 de
731 1205 831 1267 regno
852 1185 911 1250 [lei
931 1188 1115 1268 ejicientur,
1136 1188 1243 1250 dicant
1263 1203 1356 1266 posse
1376 1184 1439 1248 sal·

329 1292 400 1355 sari
411 1311 424 1370 5
445 1289 532 1371 quod
554 1308 594 1354 ne
615 1299 719 1352 mente
740 1288 873 1370 quidem
894 1297 1007 1370 captus
1028 1290 1136 1353 dicere
1157 1295 1380 1369 potestate.»

410 1388 446 1452 lu
468 1389 516 1454 his
537 1390 716 1453 novissimis
739 1390 858 1468 verbis,
873 1388 1005 1470 quidem
1019 1407 1127 1452 aarum
1141 1397 1203 1452 cto.
1221 1387 1376 1467 usquead
1391 1384 1439 1450 di·

327 1511 394 1556 ccre
409 1501 521 1573 potest,
545 1491 672 1555 Rulliuo
693 1492 870 1572 exprobrat
891 1489 1120 1573 Hieronymus,
1146 1489 1234 1570 qnod
1249 1505 1377 1552 sensum
1393 1485 1439 1550 vl·

327 1595 437 1657 tiamet
456 1593 614 1675 origenis.
637 1593 779 1674 ldeoque
793 1602 831 1657 ut
844 1592 950 1656 lector
959 1592 1085 1672 judicet
1102 1602 1165 1654 tam
1180 1592 1211 1654 in
1227 1606 1323 1654 cansa
1340 1589 1439 1668 nnius

328 1695 522 1772 falsationis,
546 1703 610 1760 tum
633 1697 771 1760 maxima
793 1703 829 1758 nt
849 1712 936 1758 mens
958 1694 1112 1758 Auctoris
1127 1693 1259 1772 patefiat
1274 1690 1439 1784 Epistulas

326 1799 412 1862 circa
428 1799 523 1878 plura
545 1805 653 1862 errata
676 1796 778 1862 eidem
801 1797 964 1878 inscripta,
980 1815 1055 1860 eum
1076 1796 1184 1859 adlsno
1201 1796 1335 1872 viseret3
1352 1792 1439 1875 ejus·

326 1899 398 1963 dem
430 1899 594 1982 Epistolae
625 1901 752 1980 reliqna
770 1899 865 1980 juxta
889 1897 1007 1962 Rudini
1030 1898 1269 1961 translationem
1296 1895 1438 1976 adjicere

326 2017 386 2082 par
406 2008 479 2064 este
501 2019 586 2082 quaa
606 2002 650 2065 ita
668 2021 704 2065 ae
725 2001 840 2064 halset:
864 1998 1036 2076 «Quidam
1059 2017 1196 2074 eorum,
1219 2001 1278 2078 qui
1298 1998 1438 2060 libenter

326 2101 444 2166 lsalsent
464 2104 626 2166 criminari
648 2106 813 2182 prosimos
832 2121 922 2177 auos,
944 2101 1132 2165 adscribunt
1154 2100 1244 2164 nobis
1267 2109 1299 2164 et
1319 2098 1438 2163 doctri-

325 2219 385 2266 nae
405 2211 533 2267 nostrae
555 2203 676 2266 crimen
698 2203 927 2285 blasphemiae,
950 2202 1038 2283 qnod
1057 2220 1077 2266 a
1096 2201 1188 2265 uoltis
1201 2217 1365 2280 nunqnam
1379 2217 1437 2264 au·

324 2303 476 2383 dierunt3
498 2304 538 2368 de
558 2322 624 2384 quo
646 2305 703 2384 ipsi
727 2302 876 2379 viderint,
894 2305 1037 2368 nolentes
1052 2304 1227 2368 observare
1249 2301 1435 2366 mandatum

326 2405 421 2481 illud,
436 2404 532 2486 qnod·
542 2406 632 2481 dicit,
647 2407 723 2487 qnia
744 2402 891 2468 maledici
910 2425 1042 2486 repetem
1064 2405 1121 2470 oet
1142 2424 1206 2470 acts
1219 2401 1436 2486 possidebunt,

325 2507 464 2570 dicentes
486 2525 556 2582 ma,
579 2516 704 2587 patrem
726 2509 867 2572 malitiae
888 2527 927 2572 ac
948 2509 1150 2590 perditionis,
1172 2515 1204 2572 et
1226 2525 1353 2581 eornm,
1379 2503 1437 2586 qni

325 2607 365 2669 de
386 2624 485 2687 regno
505 2606 564 2671 [lei
584 2607 775 2688 ejicientur,
797 2607 879 2671 idest
899 2609 1078 2684 diabolum,
1095 2609 1202 2674 dicere
1216 2627 1286 2672 csse
1311 2606 1438 2670 salvan·

324 2709 425 2774 dums
447 2709 534 2790 quod
556 2727 595 2772 ne
615 2709 732 2791 aliquia
753 2709 883 2791 quidem
906 2719 1013 2774 mente
1033 2716 1146 2792 captus
1162 2719 1195 2776 et
1211 2709 1376 2774 manifeste
1389 2706 1438 2770 in·

323 2813 448 2874 saniona
468 2811 576 2875 dicere
598 2819 712 2891 potest.
736 2811 797 2876 Sed
820 2811 900 2875 nihil
922 2813 1040 2876 mirum
1064 2814 1206 2887 ridetur,
1229 2811 1256 2874 si
1271 2808 1436 2872 adultera·

327 2918 390 2975 tur
402 2911 546 2975 doctriua
568 2928 639 2974 mea
660 2912 702 2973 als
722 2908 856 2976 inimicis
877 2913 967 2987 meis,
990 2921 1023 2978 et
1037 2913 1093 2976 tali
1109 2911 1271 2977 adulterio
1286 2927 1436 2974 corruat·

323 3021 433 3093 patur,
454 3013 543 3094 quali
565 3014 726 3078 adulterio
748 3021 904 3093 corrupta
925 3023 973 3078 est
995 3013 1138 3096 Epistola
1162 3012 1257 3077 Pauli
1271 3010 1432 3094 Apostoli.

324 3109 462 3189 Quidam
484 3115 567 3178 enim
587 3115 648 3179 sets
670 3115 794 3180 nomine
811 3114 903 3180 l’aull
921 3117 1089 3197 epistolam
1104 3114 1218 3180 lalsam
1237 3115 1433 3193 conscripse-

306 3248 308 3254 ·
324 3223 412 3291 runt,
426 3223 463 3279 ut
476 3217 706 3280 conturbarent
720 3215 1027 3295 Thessalonicenses,
1039 3215 1131 3298 quasi
1144 3219 1278 3281 instaret
1292 3214 1359 3278 dies
1373 3212 1435 3280 llo·

323 3315 413 3391 mini,
435 3324 469 3380 et
487 3317 679 3382 seducerent
700 3337 767 3382 eos.

405 3417 572 3502 «Propter
586 3422 667 3485 lsaoc
682 3439 760 3502 erge
774 3420 951 3502 Epistulam
967 3423 998 3484 in
1013 3419 1153 3486 mounda
1169 3419 1326 3501 Epistola,
1336 3437 1436 3501 quam

322 3517 363 3580 ad
384 3515 680 3587 Thessalonicenses
699 3525 823 3599 scribit,
847 3526 926 3586 lseec
946 3523 1049 3586 dixit:
1072 3541 1219 3602 ropumrts
1243 3531 1348 3586 cutam
1365 3539 1435 3597 oca,

319 3620 449 3702 fratres,
469 3642 527 3703 pas·
546 3626 713 3688 Moratum
737 3623 864 3690 Domini
884 3622 988 3689 nostri
1007 3622 1081 3688 lesu
1106 3623 1238 3700 carissi,
1259 3633 1288 3687 ct
1311 3632 1437 3686 costros

319 3723 568 3804 conprcputs'pois
588 3725 624 3790 io
641 3727 760 3808 ipsum,
774 3736 809 3790 ut
821 3746 886 3791 eos
901 3725 1089 3792 moremini
1103 3725 1166 3789 cito
1180 3745 1200 3789 c
1214 3743 1307 3792 samu
1322 3733 1436 3801 oestro,

319 3839 416 3904 utque
437 3826 630 3901 terreamini,
652 3847 750 3908 nequa
765 3847 823 3909 per
843 3828 1005 3909 spiritum,
1028 3846 1124 3909 acque
1139 3845 1197 3908 prr
1223 3825 1362 3902 verbum,
1384 3843 1437 3892 tte·
1541 3911 1545 3918 ⁸

320 3941 380 4004 pate
396 3944 452 4004 per
471 3925 633 4006 epistolam
653 3937 806 4010 tanquam
823 3949 881 4010 per
901 3947 958 3992 cos
978 3927 1119 4006 missum,
1141 3927 1237 4009 paesi
1256 3925 1350 3991 instet
1369 3926 1435 3992 dira

322 4023 462 4090 Domini.
485 4027 580 4095 Nemo
599 4050 652 4094 cos
672 4033 801 4095 seducat
821 4033 888 4095 utto
914 4032 1013 4096 modo.
1048 4031 1138 4096 Talia
1168 4049 1247 4110 ergo
1274 4031 1434 4112 quaedam

324 4127 417 4191 rideo
436 4131 533 4194 etiam
555 4132 644 4194 nobis
665 4132 822 4196 accidere.
845 4129 927 4196 Nam
949 4133 1079 4212 quidam
1100 4141 1216 4197 auctor
1238 4133 1431 4206 haereseos,

324 4246 404 4294 cnm
418 4232 480 4295 snb
501 4234 681 4314 praesentia
704 4234 882 4299 multorum
901 4235 1009 4300 habita
1021 4235 1103 4300 inter
1117 4251 1174 4327 nos
1191 4233 1304 4300 tusses
1325 4232 1435 4313 dispu-
