3138 4950
339 355 400 428 did

338 458 380 520 ob
402 455 496 520 iidem
519 454 727 518 christianam
755 457 924 535 expositus
944 457 1041 528 estet,
1068 451 1098 516 ei
1126 451 1254 516 litterar
1279 449 1380 523 dedit.
1409 451 1454 515 io·

338 560 470 638 quiens:
497 552 587 630 Coae,
609 553 653 616 mi
672 563 773 632 poter,
795 571 833 616 me
854 562 964 620 nostro
983 571 1082 616 conso
1101 551 1289 614 sententium
1309 561 1417 614 mutes.

352 709 358 716 .
422 657 534 735 Quare
563 653 734 729 Eusebius,
761 657 817 736 qui
844 657 925 720 baec
945 660 1083 720 leantur
1108 657 1139 718 iu
1162 653 1259 718 Libro
1281 651 1337 716 vt.
1359 673 1387 718 c.
1413 651 1452 716 ll.

340 764 373 826 in
394 779 421 825 c.
445 758 502 821 lll.
524 758 643 820 subdit:
662 755 853 836 «Origenes
881 757 1042 822 decimum
1067 764 1220 820 octavum
1241 757 1356 820 aetatis
1376 775 1453 820 suae

341 879 460 930 annum
493 861 623 939 agebat,
654 875 730 922 cum
758 856 896 922 Sebolao
924 859 1118 922 christianae
1144 857 1336 922 institutioni
1363 877 1452 938 praa·
1549 855 1550 942 l

342 963 523 1030 dolebatur.
549 960 582 1024 ln
603 979 671 1040 ono
699 977 833 1024 munere
861 961 1069 1040 exequendo,
1089 959 1167 1023 dum
1194 961 1453 1039 persecutionum
1549 959 1550 1024 l

342 1065 508 1138 uiolentia,
533 1063 652 1142 Aquila
675 1060 894 1126 Alexandriae
916 1061 1155 1141 praefecturam
1189 1068 1331 1140 gerente,
1364 1061 1456 1125 sebe
1549 1123 1550 1132 ,

343 1173 469 1228 menter
495 1163 750 1243 ingravescebat,
781 1175 970 1242 permagnus
996 1180 1074 1226 sane
1103 1163 1179 1227 feeit
1207 1163 1455 1243 progressiones.

342 1264 418 1342 Quo
453 1264 583 1344 guidem
614 1274 758 1346 tempore
783 1265 878 1326 etiam
902 1271 1037 1344 propter
1060 1263 1284 1328 incredibilem
1309 1265 1455 1328 bumaui·

343 1374 442 1430 tatem
463 1383 540 1445 ergo
562 1381 673 1428 omnes
693 1371 820 1428 sanctos
843 1373 1004 1446 martyres
1025 1383 1100 1426 eum
1124 1367 1249 1444 ignotos
1270 1373 1342 1428 tum
1366 1373 1457 1430 uoles

343 1466 554 1540 deciaratum,
580 1474 614 1530 et
634 1483 773 1545 pronum
796 1466 835 1529 de
856 1467 920 1528 illis
942 1467 1168 1528 benemerendi
1199 1465 1360 1542 studium,
1385 1467 1458 1530 insi·

343 1585 437 1648 gnum
452 1586 526 1631 cum
539 1568 649 1646 primis
662 1575 695 1630 et
709 1567 871 1631 celebrem
884 1567 1088 1648 splendorem
1102 1568 1239 1632 nominis
1249 1567 1336 1646 apud
1350 1585 1457 1632 omnes

342 1667 438 1734 iidem
460 1669 668 1732 christianam
690 1668 854 1748 prolessos
875 1679 1069 1732 consecutus
1088 1677 1146 1732 est.
1163 1666 1246 1732 Nam
1267 1685 1330 1730 uon
1352 1667 1458 1732 colom

342 1771 395 1846 iis,
410 1788 485 1836 cum
506 1779 613 1836 easeot
634 1770 664 1834 in
688 1769 838 1846 vinculis,
855 1779 886 1832 et
907 1771 946 1831 ad
970 1777 1167 1848 postremam
1182 1769 1222 1834 de
1236 1770 1301 1834 illis
1318 1788 1459 1851 pronun·

341 1874 458 1935 uictam
485 1889 504 1934 a
517 1871 629 1953 jndice
646 1871 836 1934 sententiam
851 1871 1095 1949 responderent,
1108 1889 1215 1951 nsque
1229 1878 1361 1950 praetio
1383 1871 1454 1936 init:

348 1974 582 2038 verumetiam
604 1981 726 2052 posteo,
750 1989 824 2035 cum
850 1972 950 2035 saneti
980 1973 1029 2034 iili
1058 1972 1096 2034 ad
1124 1989 1235 2037 necem
1260 1972 1459 2038 abduceren-

344 2083 412 2146 tur,
435 2091 549 2154 magne
569 2073 724 2155 mouendi
746 2073 898 2138 libertate
921 2091 999 2138 usus
1020 2080 1079 2138 est:
1096 2082 1175 2138 etse
1190 2092 1254 2138 uua
1267 2075 1384 2138 libenti
1398 2075 1460 2138 ani·

344 2194 399 2239 nto
421 2177 573 2257 periculis
600 2173 721 2255 objecit
751 2193 855 2256 usque
880 2176 974 2250 adeo,
996 2187 1046 2252 nt,
1068 2195 1143 2242 cnm
1163 2178 1230 2259 jam
1255 2177 1416 2243 audacter
1433 2184 1462 2244 et

346 2278 482 2342 fidenter
497 2278 701 2352 adventaret,
716 2286 750 2342 et
764 2279 901 2359 ingenuo
917 2287 951 2343 et
963 2279 1067 2343 libore
1081 2279 1197 2344 osculo
1215 2279 1385 2344 charitatis
1398 2297 1463 2342 sae·
1549 2311 1550 2336 i

347 2397 386 2458 pe
407 2385 533 2444 sauctus
554 2379 716 2444 salutaret
736 2387 909 2464 martyros,
923 2399 1038 2460 porum
1060 2378 1186 2444 abesset
1200 2380 1279 2460 quio
1295 2380 1460 2460 gentilium

349 2480 537 2552 multitudo,
560 2499 645 2562 quaa
666 2481 813 2560 undique
841 2481 1111 2556 circumsistebat,
1144 2489 1300 2561 tanquam
1324 2481 1463 2544 ardenti·

348 2580 408 2642 bus
432 2580 593 2644 lariorum
616 2582 697 2646 tedis
717 2584 893 2661 exagitata,
916 2583 1078 2662 lapidibus
1099 2601 1174 2646 eum
1190 2582 1396 2646 concidisset:
1417 2581 1464 2645 ui·
1549 2653 1550 2656 Ἴ

347 2683 374 2749 si
395 2681 547 2744 dextram
575 2683 702 2746 divinae
728 2685 852 2763 gratiae
875 2684 983 2747 subito
1011 2684 1071 2746 eibi
1100 2683 1294 2763 adjutricem
1315 2683 1461 2764 adeptus,
1549 2709 1550 2778 }

347 2785 429 2850 mire
450 2791 483 2848 et
503 2792 635 2863 praeter
654 2786 799 2848 uranium
821 2785 1003 2864 opinionem
1025 2785 1213 2864 nulugisset.
1228 2782 1332 2860 »Quo
1346 2785 1464 2848 deside·
1549 2783 1550 2786 ’

349 2886 398 2945 rio
423 2885 531 2948 adbuc
550 2885 754 2949 anhelantem
775 2903 816 2950 aa
838 2885 1078 2950 Commentario
1107 2885 1410 2964 comprehendimus
1428 2883 1461 2945 is

347 2983 524 3066 Epistulam
546 2987 588 3050 od
609 2983 785 3063 Romanos,
805 3007 822 3050 a
845 2988 939 3068 cujus
961 2987 1119 3049 relatione
1139 2985 1394 3067 supersedimus.

428 3089 583 3154 Similiter
598 3090 775 3170 Apostolus
790 3109 831 3154 ex
848 3089 936 3154 dctis
952 3109 999 3154 cc.
1015 3087 1105 3153 xttt.
1121 3087 1208 3152 XlV.
1223 3086 1295 3152 XV.
1317 3089 1350 3150 in
1372 3087 1460 3152 dolas

350 3193 534 3256 civitatibus
552 3191 679 3274 judaeis
694 3201 793 3273 etque
814 3193 985 3273 gentilibus
1001 3191 1188 3273 praedicans
1203 3189 1383 3267 Christum,
1400 3207 1458 3252 ma·

349 3312 443 3376 gnam
464 3293 598 3359 illorum
621 3293 861 3358 multitudinem
883 3293 922 3355 ad
945 3292 1039 3356 iidem
1062 3295 1225 3356 convertit
1243 3293 1288 3355 ita
1311 3302 1349 3357 ut
1370 3291 1457 3352 saido

349 3395 499 3460 concitati
520 3394 664 3458 infideles
694 3395 734 3456 de
755 3412 917 3479 synagoga
937 3403 969 3460 et
991 3393 1138 3474 gentibus
1164 3393 1323 3458 adsersus
1361 3396 1456 3474 ipsum

349 3495 541 3574 irruperint,
570 3501 764 3576 quaerentes
792 3513 868 3560 cum
899 3494 1094 3570 interlicere,
1116 3495 1197 3558 olias
1228 3501 1343 3574 aperte
1372 3493 1458 3557 turba

350 3598 503 3674 excitata,
526 3596 605 3660 alias
626 3597 756 3660 occulte
778 3597 863 3660 sitae
877 3613 957 3660 suae
979 3595 1110 3658 insidias
1132 3602 1307 3672 struentes,
1329 3592 1458 3658 adeunt
1549 3581 1550 3602 ¹

350 3699 541 3764 decivitate
564 3699 602 3761 ad
625 3699 722 3761 aliam
745 3701 973 3778 transmigrare
995 3705 1180 3777 cogeretur.

428 3797 641 3862 Tantumdem
667 3798 834 3880 Origenes!
849 3799 963 3861 eodem
996 3798 1082 3875 uelo,
1102 3811 1172 3877 tpuo
1194 3795 1383 3878 Apostolus,
1410 3811 1457 3854 ae·

348 3907 459 3965 stuaos
485 3918 561 3981 erga
576 3900 704 3976 lusum,
719 3901 857 3983 ejusque
881 3901 1009 3964 raluans
1034 3900 1170 3979 vestigia
1182 3897 1410 3966 alexandriae,
1425 3892 1457 3970 ii·

350 4019 406 4080 pso
428 4010 540 4066 narrat
562 4000 776 4082 duramento
810 4003 910 4065 citato
932 3998 1029 4066 Libro
1052 3997 1107 4064 vl.
1140 4019 1168 4068 c.
1194 3997 1252 4062 lli.
1268 4001 1276 4074 i
1295 4021 1312 4060 s
1333 4001 1455 4078 propter

352 4103 463 4168 alacre
483 4102 601 4184 eiuset
624 4102 719 4166 solda
736 4107 924 4184 promptum
944 4102 1090 4168 studium
1107 4107 1141 4166 ct
1161 4109 1297 4182 propter
1310 4096 1451 4164 sermonis

352 4203 536 4270 libertatem
551 4205 583 4270 in
598 4205 698 4274 verbo
720 4202 838 4274 Cbritti
853 4203 1051 4285 divulgando
1072 4203 1271 4271 declaratum
1287 4201 1399 4268 iterum
1411 4201 1451 4258 at·
