3028 4942
331 419 389 490 tet

412 525 516 588 Porro
537 525 576 588 de
598 527 752 607 reliquis,
774 535 858 608 qnae
879 527 1012 591 Photius
1035 525 1240 606 reprehendit
1262 527 1293 588 io
1316 521 1433 605 dpolu·

332 629 410 705 gisla
423 647 434 708 3
449 637 598 708 tauquam
614 629 672 691 iste
693 636 724 690 et
739 628 895 708 Origenes
915 630 1010 692 simul
1022 631 1201 691 animarum
1218 630 1433 708 praeexisten-

335 731 409 790 tiam
432 740 463 792 et
484 731 623 792 rliornm
641 747 828 811 corporum,
845 749 941 812 quare
958 751 1042 794 nunc
1057 733 1210 809 gerimus,
1228 731 1436 792 resurreetio·

334 849 404 893 nem
422 832 453 891 in
476 832 525 892 die
547 832 730 906 novissima,
753 832 933 894 admittant:
952 851 1025 894 cnm
1049 833 1150 893 desint
1171 833 1269 910 ipsius
1285 831 1436 910 Apologi-

333 940 401 994 stae
424 933 532 1006 verhs,
557 935 663 995 nescio
677 934 841 1014 quomodo
863 943 893 993 et
916 935 999 996 uude
1018 934 1042 994 is
1060 932 1139 993 tales
1160 932 1306 1011 Origeeis
1326 951 1437 994 seusus

197 1025 205 1040 '
332 1033 502 1112 collegerit
523 1033 621 1114 hujus
642 1035 856 1096 adstruendae
872 1036 972 1114 gratie
990 1034 1157 1112 opinionis:
1175 1043 1206 1094 et
1227 1032 1336 1112 qualia
1355 1031 1436 1095 Scri·

332 1139 448 1211 pturac
471 1133 648 1196 testimonia
674 1133 873 1214 Patremque
895 1135 976 1196 dicta
1000 1135 1163 1213 potuerint
1185 1135 1261 1196 huic
1284 1151 1364 1196 suac
1386 1134 1437 1197 ad·

333 1234 481 1312 stipulari
497 1237 672 1298 doctrinae.
690 1235 884 1308 berneredo,
904 1238 1009 1316 quoad
1025 1237 1204 1298 animarum
1221 1235 1436 1314 praeesisten·

337 1334 425 1410 tiam,
449 1353 512 1396 nou
533 1336 670 1414 legerit,
693 1354 773 1414 ques
793 1335 949 1414 Origenes
971 1336 1000 1398 in
1027 1332 1159 1398 Cantica
1184 1333 1390 1398 canticorum
1411 1355 1440 1397 c·
1509 1375 1510 1384 ι

335 1437 480 1497 narravit
511 1439 614 1500 varias
642 1436 907 1517 philosophorum
940 1433 1105 1518 opiniones
1128 1437 1166 1498 de
1189 1437 1249 1499 hac
1276 1455 1311 1498 re
1347 1436 1441 1511 (uel-

334 1537 367 1598 lo
390 1544 494 1598 tamen
515 1555 575 1599 suo
597 1537 754 1602 mediante
774 1537 916 1619 judicio)
950 1539 1050 1601 ueluti
1071 1557 1132 1602 suo
1150 1539 1226 1600 loeo
1250 1539 1279 1600 ie
1300 1539 1439 1601 secunda

337 1635 432 1699 Parte
446 1639 583 1717 egimus,
595 1617 791 1719 Inujusmodt
812 1641 989 1720 sphalmata
1006 1640 1045 1700 ab
1066 1641 1135 1719 ipso
1156 1649 1372 1702 removentes.
1396 1638 1440 1701 Ae
1509 1691 1510 1696 ,

333 1737 407 1800 ideo
430 1739 508 1801 ntia
527 1741 661 1802 veritate
682 1740 811 1803 derium
833 1739 1005 1820 Origenem
1027 1739 1216 1804 criminandi
1237 1757 1349 1816 causa,
1374 1757 1441 1820 per·

336 1859 446 1920 peram
468 1842 630 1905 studuisse
655 1842 858 1904 adversarios
880 1841 922 1904 ob
952 1843 1154 1921 suppositum
1177 1843 1274 1920 ipsius
1295 1859 1440 1904 errorem

334 1939 375 2001 de
396 1941 577 2005 animarum
599 1943 857 2022 praeexistentia,
875 1943 1056 2022 probatur3
1077 1941 1119 2003 ita
1138 1950 1169 2003 et
1190 1940 1364 2005 credidisse
1380 1940 1441 2004 col·

335 2042 449 2122 ligitur
470 2044 509 2106 do
535 2045 773 2108 resurrectione
797 2063 860 2107 non
884 2046 917 2106 ie
937 2045 998 2106 alis
1021 2061 1158 2124 corpora
1180 2051 1439 2122 superventura,

333 2145 388 2206 sed
412 2146 442 2206 io
463 2145 588 2222 erdem,
611 2163 695 2225 quae
716 2146 747 2207 in
769 2147 828 2209 hae
851 2147 914 2208 nite
936 2145 1119 2220 induimus,
1143 2144 1184 2206 ah
1205 2143 1440 2208 infirmitatibus

336 2253 440 2310 lamen
462 2247 629 2326 expianda.

415 2345 595 2411 Novissime
609 2349 649 2410 ab
667 2347 826 2432 Anonymi
848 2349 1001 2413 sententia
1021 2347 1102 2411 illud
1118 2365 1249 2428 quoqne
1264 2347 1343 2410 mihi
1363 2345 1443 2409 vide·

336 2454 392 2512 ter
413 2447 672 2527 explanandum,
703 2449 867 2529 quomodo
888 2458 920 2513 et
950 2447 1149 2529 Theophilus
1171 2458 1203 2511 ct
1224 2447 1440 2531 Hieronymus

336 2549 531 2630 quandoque
553 2552 659 2615 mirati
685 2554 760 2625 siut,
783 2563 856 2616 ante
873 2552 957 2615 illud
981 2568 1111 2626 aevum,
1141 2551 1221 2615 idcst
1245 2560 1319 2612 aete
1341 2548 1440 2614 seculi

336 2653 442 2732 quarti
466 2652 560 2715 duom
582 2673 640 2733 per
669 2655 820 2718 ecclesias
842 2662 910 2717 tum
932 2653 1074 2717 Orientis
1105 2663 1172 2715 tum
1193 2652 1380 2715 Occidentis
1399 2651 1440 2712 le·

337 2763 406 2818 ctos
430 2756 527 2818 inisse
554 2755 702 2836 Origenis
722 2757 823 2820 libros
849 2765 933 2819 tante
956 2755 1183 2835 simplicitate,
1205 2761 1240 2816 ut
1262 2755 1377 2833 eequis
1400 2751 1440 2814 ri·

335 2856 470 2920 deretur
490 2857 676 2939 huiusmodi
697 2857 978 2938 comprehendisse
999 2874 1141 2930 errores,
1158 2874 1216 2918 nee
1237 2855 1276 2916 dc
1297 2854 1440 2935 ejusdem

336 2957 484 3038 Origeois
499 2958 661 3021 dubitasse
676 2959 883 3032 orthodoxia,
899 2976 958 3020 ecc
979 2958 1051 3021 ideo
1075 2967 1236 3037 repertos,
1253 2958 1309 3036 qui
1325 2959 1354 3018 ei
1370 2975 1444 3020 con·

338 3061 533 3123 tradioeret:
551 3062 609 3123 nisi
625 3062 754 3140 quando
776 3079 834 3140 per
854 3059 965 3122 orbem
981 3061 1191 3122 christianum
1213 3060 1354 3121 innotuit
1377 3075 1444 3120 cor·
1509 3089 1510 3108 ι

335 3171 431 3242 rupta
456 3160 648 3224 Periurclton
671 3164 787 3236 versio,
804 3180 842 3226 ac
864 3180 924 3224 nna
947 3179 1099 3225 errorum
1115 3157 1290 3240 Syntepmu
1311 3161 1353 3220 oh
1369 3175 1443 3222 oen·
1509 3149 1510 3202 l

335 3263 385 3327 los
399 3263 543 3326 fidelium
564 3265 746 3344 expositum
766 3265 837 3338 leit,
855 3273 887 3326 ct
907 3283 948 3326 cx
964 3263 1106 3344 ejusdem
1123 3261 1292 3343 Theophili
1315 3269 1347 3323 et
1370 3257 1442 3322 llic·

335 3366 462 3450 ronymi
482 3364 590 3429 studio
612 3365 644 3426 in
668 3365 785 3445 vulgus
808 3365 993 3444 prolatum,
1016 3383 1082 3444 quo
1105 3367 1213 3428 euecti
1239 3359 1442 3464 scandalizati
1509 3413 1510 3438 ,

334 3477 421 3529 sent.

418 3561 569 3628 Proiecto
592 3566 687 3628 etiem
711 3567 788 3630 milri
810 3586 883 3630 cem
907 3565 981 3646 ipsis
1002 3565 1246 3627 admirationem
1262 3581 1325 3625 uon
1347 3563 1444 3623 mine

336 3682 404 3729 rem
426 3665 576 3740 contulit,
599 3677 630 3729 et
652 3668 785 3747 insuper
806 3665 874 3732 lere
894 3667 1217 3747 incomprehensibile
1240 3667 1343 3726 visum
1372 3663 1441 3732 luit,
1509 3747 1510 3758 ἵ

336 3774 441 3830 totum
456 3768 666 3832 christianum
688 3770 813 3844 orbem,
835 3780 867 3831 et
883 3769 1072 3848 praesertim
1093 3769 1259 3846 episcopos
1275 3768 1285 3844 (
1295 3767 1393 3828 sicuti
1406 3763 1443 3823 dc

337 3867 480 3932 ecclesiis
495 3869 645 3932 airicsuis
660 3871 796 3950 ingenue
816 3869 937 3933 latetur
953 3870 1164 3950 Augustinus)
1180 3869 1280 3932 libros
1299 3863 1442 3947 Origenis

332 3973 533 4050 percurrisse
551 3972 606 4033 tali
623 3972 735 4034 mentis
757 3971 961 4051 simplicitate
977 3982 1014 4035 ut
1035 3973 1065 4033 ie
1086 3971 1229 4053 genuinis
1250 3971 1350 4050 ipsius
1370 3966 1443 4030 scri·

337 4071 398 4150 plis
427 4089 487 4133 nou
522 4073 806 4135 animadverterint
837 4090 954 4152 pronos
982 4073 1168 4155 hujusmodi
1194 4071 1349 4134 Auctoris
1379 4081 1444 4130 sco·

335 4189 403 4250 sus,
420 4191 525 4252 oeque
543 4173 846 4252 comprehenderint
867 4175 1038 4236 erraticam
1056 4177 1154 4256 ipsius
1170 4181 1320 4246 mentem,
1339 4177 1444 4247 totque

335 4272 528 4352 sphalmata,
552 4275 583 4338 io
605 4293 701 4354 quae,
725 4283 761 4339 ut
783 4277 841 4356 ipsi
863 4276 953 4356 ajunt
975 4275 1168 4352 adversarii,
1192 4273 1333 4354 impegit.
1358 4269 1442 4335 Cete-
