3186 4946
131 490 205 558 lum
226 511 267 558 es
295 491 518 575 superioribus
540 490 687 556 trsmtuli
699 512 712 572 ;
746 497 777 555 ut
798 491 846 560 bis
867 492 963 574 jnusi
976 535 986 566 ,
1001 507 1093 572 onae
1114 489 1244 570 abipso

129 597 323 660 commatice
344 595 521 677 doloseque
538 594 690 660 translata
704 601 798 675 sunt,
814 601 851 657 ut
865 612 931 675 qno
947 593 1080 658 comilio
1097 595 1244 674 superio·

134 713 172 760 ra
187 699 339 774 iacuerit,
362 698 431 778 ipse
452 696 557 761 lector
570 703 730 776 agnoscat.
749 693 868 760 Contra
888 696 1070 760 sacerdotes
1090 712 1169 776 ergo
1183 693 1244 760 Ec·

131 799 252 862 clesise
274 800 468 879 generaliter
482 799 659 879 disputem,
683 798 833 878 aquibus
854 798 999 880 indiguus
1019 801 1245 865 commuuione

134 899 210 980 ejus
231 898 339 964 inerat
357 899 534 982 iudicatus,
557 902 637 964 baec
657 899 766 963 intulit
779 899 943 981 Origenes.
960 918 976 958 s
992 897 1245 980 Quae-aequuu-

137 1007 214 1075 tur,
247 1011 372 1082 partam
393 1003 593 1065 constituunt
618 1000 802 1065 litterarum
833 998 980 1081 Origenis
1001 1001 1045 1063 ita
1072 1020 1107 1066 se
1130 1002 1247 1066 baben·

135 1104 240 1166 tium:
262 1121 342 1184 quas
363 1103 498 1168 tortasse
519 1104 652 1167 nimium
673 1121 787 1166 severe
807 1104 916 1183 arguit
936 1100 1163 1188 Hieronymus.

220 1225 237 1264 s
259 1203 344 1280 Quid
366 1225 493 1272 necesse
514 1213 563 1269 ost
583 1203 622 1268 de
644 1205 878 1286 prophetaram
897 1206 1098 1270 sermonibus
1118 1205 1243 1283 dicere,

133 1305 256 1386 quibus
270 1309 452 1387 saeuissime
473 1307 656 1389 pastoribus
673 1315 705 1370 et
726 1306 901 1388 maioribus
923 1313 1013 1381 natu,
1031 1307 1247 1374 etsacerdoti-

136 1408 200 1472 bus
214 1417 246 1472 et
259 1411 455 1490 principibus
476 1409 588 1490 populi
603 1408 841 1473 comminantur
851 1415 884 1472 et
896 1416 1038 1492 arguunt
1052 1408 1133 1474 eos'?
1153 1408 1245 1488 Quae

135 1509 261 1590 absque
282 1511 371 1576 nobis
392 1513 431 1574 de
452 1513 568 1576 sanetis
589 1511 766 1590 Scripturis
786 1510 905 1576 elicere
925 1512 1078 1594 potestis,
1098 1519 1131 1578 et
1151 1514 1246 1595 liqui-

135 1609 180 1673 do
202 1612 373 1691 pervidere
392 1613 480 1693 quod
502 1612 636 1676 torsitsn
658 1610 719 1674 boo
742 1618 866 1692 temnus
886 1612 939 1689 sit,
955 1612 994 1676 de
1015 1631 1080 1693 quo
1102 1614 1242 1679 dicitur:
1332 1663 1340 1679 .

134 1710 232 1774 nolite
246 1715 367 1776 creden
387 1712 511 1791 uesicis,
533 1733 588 1778 osc
600 1710 1010 1794 spnetisio'prirsoipibuss
1032 1724 1065 1778 et
1083 1733 1168 1780 nunc
1188 1717 1246 1780 im·

135 1813 269 1893 plentur
282 1818 488 1880 vaticinium:
513 1817 606 1880 ducas
616 1813 730 1896 populi
747 1813 808 1878 mci
821 1834 868 1878 mc
884 1813 1076 1890 nescierunt,
1088 1813 1151 1896 lilii
1170 1818 1248 1881 stoi-

135 1916 272 1991 ts'srrrrt,
293 1928 323 1982 ct
342 1936 409 1982 uos
427 1928 502 1982 runt
521 1917 684 2000 sumentes.
708 1914 868 1999 Sapientes
888 1925 964 1981 suot
983 1926 1020 1982 ot
1038 1917 1161 2000 socioot
1180 1939 1248 1982 mo·

136 2017 191 2093 lo,·
206 2019 278 2082 isse
292 2030 395 2084 soreos
410 2023 512 2103 locere
525 2019 678 2108 muriunt.
696 2019 844 2096 Quorum
860 2020 958 2101 magis
975 2020 1134 2096 misereri,
1149 2038 1247 2101 qnam

137 2139 196 2184 ens
218 2120 322 2186 odisse
344 2124 523 2205 debemns;
545 2133 578 2188 et
598 2141 693 2189 orare
714 2140 774 2204 pro
796 2123 871 2199 illis,
893 2140 992 2204 quam
1012 2123 1058 2187 eis
1080 2121 1248 2187 maledice·

140 2239 189 2284 re.
213 2221 261 2286 dd
284 2223 536 2289 benedicendum
565 2228 703 2290 enimet
727 2242 790 2288 nou
810 2223 849 2286 ad
873 2222 1126 2288 maledicendum
1147 2224 1247 2289 creati

135 2341 262 2388 sumus.
294 2325 381 2391 Unde
401 2336 430 2390 ct
450 2326 587 2394 Micioni
607 2345 680 2390 cum
699 2327 864 2390 mensum
893 2323 1052 2390 diabolum
1075 2325 1250 2407 disputaret

137 2427 177 2488 ds
198 2424 302 2507 Moysi
319 2447 466 2509 corpore,
497 2447 535 2492 rte
557 2439 645 2494 tortio
664 2427 788 2511 quidem
807 2429 892 2492 molo
912 2446 1011 2490 nosos
1031 2437 1076 2491 est
1089 2425 1250 2508 judicium

137 2527 256 2608 inferre
284 2529 512 2610 blasphemiae,
544 2531 596 2593 ssd
615 2528 723 2594 dicte:
754 2528 891 2609 increpet
911 2528 969 2592 tibi
995 2525 1159 2592 Dominus.
1188 2528 1249 2593 Cui

137 2630 218 2710 quit
239 2631 343 2695 simile
374 2635 470 2695 eliam
492 2634 523 2694 in
544 2630 699 2695 Zacharia
721 2632 880 2711 legimus:
912 2629 1047 2710 increpet
1068 2627 1125 2694 tibi
1145 2627 1251 2693 Domi·

136 2747 200 2792 nass
212 2775 224 2806 ,
243 2728 384 2806 diobols;
405 2741 434 2796 et
461 2732 600 2812 increpet
622 2731 702 2800 Deus
721 2731 758 2794 irs
779 2741 827 2805 te,
849 2729 907 2813 qui
930 2729 1021 2811 elooil
1038 2727 1249 2794 Hierusalem·

138 2829 257 2912 ltaque
278 2841 311 2898 et
330 2853 388 2900 nos
419 2837 567 2915 cupimus
588 2834 746 2915 increpari
767 2852 786 2897 a
809 2832 944 2897 Domino
966 2849 1034 2908 eos,
1057 2833 1112 2914 qui
1134 2832 1251 2897 uolunt

137 2953 216 2998 enm
238 2936 454 3001 humilitates
472 2938 628 3016 proximis
649 2935 819 3016 increpari.
836 2932 969 2998 [licente
983 2943 1092 2999 antem
1107 2932 1248 2998 biicbae·

137 3036 185 3111 le,
199 3033 339 3116 increpet
352 3034 410 3099 tibi
420 3033 585 3112 Dumium,
598 3035 739 3110 diabole,
754 3045 785 3098 ct
796 3033 950 3108 Zacharia
965 3034 1124 3110 similiter,
1137 3042 1250 3100 utrum

140 3137 299 3219 increpet,
322 3157 362 3202 an
385 3157 447 3202 non
468 3141 612 3218 increpet
632 3136 719 3201 [leus
740 3137 918 3211 diabolum,
932 3139 998 3215 ipsa
1022 3135 1146 3201 viderit.
1169 3135 1251 3201 Etsi

140 3241 300 3322 increpat,
323 3240 488 3321 quomodo
509 3241 664 3319 increpet,
688 3241 754 3319 ipsa
776 3247 940 3319 agnoscat.
954 3257 971 3296 o

200 3339 244 3404 Et
258 3348 330 3422 post
346 3342 460 3416 multa,
470 3359 554 3422 quae
569 3343 732 3421 prolixum
748 3350 797 3404 est
810 3339 966 3416 scribare,
981 3339 1070 3402 addit
1082 3337 1250 3419 Origenes:

140 3465 156 3504 s
173 3441 244 3508 Nos
262 3444 324 3506 boc
338 3444 504 3519 sentimus,
520 3443 609 3524 quod
623 3443 796 3525 ejicientur
809 3443 849 3506 de
872 3459 971 3523 regno
993 3442 1174 3515 coelorum,
1191 3458 1255 3504 nou

140 3545 249 3612 solum
271 3545 328 3626 qui
350 3546 479 3625 grandia
500 3553 728 3625 peccaverunt,
745 3563 797 3608 ex.
815 3562 844 3624 g.
868 3542 1091 3616 fornicatores,
1113 3542 1255 3606 adulteri

142 3654 175 3710 et
198 3645 421 3710 masculorum
443 3645 712 3710 concubitoreset
733 3644 835 3723 lurco,
857 3644 912 3708 sed
927 3651 959 3707 et
980 3643 1036 3722 qui
1057 3643 1180 3705 minora
1201 3642 1256 3706 de·

142 3747 314 3826 liquerunt
329 3767 370 3812 es
392 3766 431 3812 eo
445 3748 534 3828 quod
554 3747 709 3826 seriptum
725 3755 794 3809 est:
810 3763 908 3826 oeque
924 3739 1048 3818 ebriosi,
1070 3760 1168 3824 mque
1189 3761 1256 3807 rso·

143 3844 239 3910 isdici
259 3865 392 3928 soonam
414 3845 472 3910 Dei
487 3845 708 3928 possidebunt:
733 3853 767 3908 et
795 3855 858 3909 tam
880 3846 912 3909 iu
939 3845 1080 3909 bonitate
1106 3862 1203 3927 quam
1224 3846 1256 3908 iu

143 3950 316 4014 serenitate
337 3947 396 4014 Dei
423 3969 492 4014 esse
520 3967 714 4014 mensnram.
746 3944 837 4011 Unda
857 3955 972 4011 cuncta
1000 3948 1133 4013 nitimur
1159 3964 1257 4027 agere

143 4053 291 4131 consilio,
324 4054 356 4116 iu
378 4054 441 4116 riui
468 4070 599 4133 quoqne
620 4061 718 4132 potu,
740 4056 773 4113 et
793 4049 824 4112 in
847 4048 1065 4113 moderatione
1081 4047 1255 4126 sermonis,

143 4163 181 4218 nt
200 4154 299 4219 nullis
323 4155 501 4220 audeamus
525 4152 728 4218 maledicere.
756 4148 844 4230 Ergo
870 4169 944 4214 oum
974 4157 1108 4231 propter
1127 4147 1185 4213 Dei
1220 4151 1258 4213 ti·

145 4271 266 4322 moram
288 4275 461 4324 careamus
483 4257 514 4320 in
534 4257 718 4337 qnempiam
735 4253 903 4318 meledicta
918 4251 1067 4318 conferre
1085 4251 1258 4318 recordan-
