<?xml version="1.0" encoding="UTF-8"?>
<!DOCTYPE html PUBLIC "-//W3C//DTD XHTML 1.0 Transitional//EN"
    "http://www.w3.org/TR/xhtml1/DTD/xhtml1-transitional.dtd">
<html xmlns="http://www.w3.org/1999/xhtml" xml:lang="en" lang="en">
 <head>
  <title>
</title>
<meta http-equiv="Content-Type" content="text/html;charset=utf-8" />
  <meta name='ocr-system' content='tesseract 3.04.00' />
  <meta name='ocr-capabilities' content='ocr_page ocr_carea ocr_par ocr_line ocrx_word'/>
</head>
<body>
  <div class='ocr_page' id='page_1' title='image "./insgregoriinyss01vincgoog/insgregoriinyss01vincgoog_0096.png"; bbox 0 0 3186 4946; ppageno 0'>
   <div class='ocr_carea' id='block_1_1' title="bbox 138 301 1257 484">
    <p class='ocr_par' dir='ltr' id='par_1_1' title="bbox 138 301 1257 484">
     <span class='ocr_line' id='line_1_1' title="bbox 138 301 1257 484; baseline 0.001 -18"><span class='ocrx_word' id='word_1_1' title='bbox 138 420 221 466; x_wconf 89' lang='lat' dir='ltr'><strong>uere</strong></span> <span class='ocrx_word' id='word_1_2' title='bbox 242 419 281 466; x_wconf 88' lang='lat' dir='ltr'><strong>ac</strong></span> <span class='ocrx_word' id='word_1_3' title='bbox 300 402 454 484; x_wconf 74' lang='lat' dir='ltr'><strong>dignitato</strong></span> <span class='ocrx_word' id='word_1_4' title='bbox 478 402 564 467; x_wconf 81' lang='lat' dir='ltr'><strong>Patri</strong></span> <span class='ocrx_word' id='word_1_5' title='bbox 585 411 615 468; x_wconf 91' lang='lat' dir='ltr'><strong>et</strong></span> <span class='ocrx_word' id='word_1_6' title='bbox 639 400 721 468; x_wconf 79' lang='lat' dir='ltr'><strong>Filio</strong></span> <span class='ocrx_word' id='word_1_7' title='bbox 750 404 930 479; x_wconf 88' lang='lat' dir='ltr'><strong>sociatum,</strong></span> <span class='ocrx_word' id='word_1_8' title='bbox 960 399 1162 467; x_wconf 88' lang='lat' dir='ltr'><strong>tradiderunt</strong></span> <span class='ocrx_word' id='word_1_9' title='bbox 1185 301 1257 484; x_wconf 47' lang='lat' dir='ltr'><strong>SpviS</strong></span> 
     </span>
    </p>
   </div>
   <div class='ocr_carea' id='block_1_2' title="bbox 139 501 1360 3825">
    <p class='ocr_par' dir='ltr' id='par_1_2' title="bbox 139 501 1321 1598">
     <span class='ocr_line' id='line_1_2' title="bbox 139 501 1251 585; baseline 0 -17"><span class='ocrx_word' id='word_1_10' title='bbox 139 507 241 568; x_wconf 87' lang='lat' dir='ltr'><strong>ritum</strong></span> <span class='ocrx_word' id='word_1_11' title='bbox 262 501 414 568; x_wconf 62' lang='lat' dir='ltr'><strong>&amp;uotum</strong></span> <span class='ocrx_word' id='word_1_12' title='bbox 431 551 440 568; x_wconf 93' lang='lat'><strong>.</strong></span> <span class='ocrx_word' id='word_1_13' title='bbox 457 551 464 566; x_wconf 95' lang='lat'><em>.</em></span> <span class='ocrx_word' id='word_1_14' title='bbox 481 551 514 570; x_wconf 85' lang='lat'><strong>..</strong></span> <span class='ocrx_word' id='word_1_15' title='bbox 537 505 618 570; x_wconf 90' lang='lat' dir='ltr'><strong>Sane</strong></span> <span class='ocrx_word' id='word_1_16' title='bbox 639 504 725 585; x_wconf 85' lang='lat' dir='ltr'><strong>quod</strong></span> <span class='ocrx_word' id='word_1_17' title='bbox 748 505 806 568; x_wconf 89' lang='lat' dir='ltr'><strong>iste</strong></span> <span class='ocrx_word' id='word_1_18' title='bbox 826 503 964 584; x_wconf 86' lang='lat' dir='ltr'><strong>Spiritus</strong></span> <span class='ocrx_word' id='word_1_19' title='bbox 984 521 1251 584; x_wconf 86' lang='lat' dir='ltr'><strong>unumquemque</strong></span> 
     </span>
     <span class='ocr_line' id='line_1_3' title="bbox 139 606 1252 688; baseline 0.001 -19"><span class='ocrx_word' id='word_1_20' title='bbox 139 615 326 670; x_wconf 88' lang='lat' dir='ltr'><strong>sanctornm</strong></span> <span class='ocrx_word' id='word_1_21' title='bbox 349 608 401 670; x_wconf 83' lang='lat' dir='ltr'><strong>rol</strong></span> <span class='ocrx_word' id='word_1_22' title='bbox 423 609 667 688; x_wconf 87' lang='lat' dir='ltr'><strong>prophetarum,</strong></span> <span class='ocrx_word' id='word_1_23' title='bbox 697 609 748 669; x_wconf 83' lang='lat' dir='ltr'><strong>vel</strong></span> <span class='ocrx_word' id='word_1_24' title='bbox 771 606 1001 687; x_wconf 76' lang='lat' dir='ltr'><strong>Apostolorum</strong></span> <span class='ocrx_word' id='word_1_25' title='bbox 1022 607 1252 686; x_wconf 85' lang='lat' dir='ltr'><strong>inspiraverit;</strong></span> 
     </span>
     <span class='ocr_line' id='line_1_4' title="bbox 145 707 1256 789; baseline 0.002 -19"><span class='ocrx_word' id='word_1_26' title='bbox 145 715 174 770; x_wconf 87' lang='lat' dir='ltr'><strong>sl</strong></span> <span class='ocrx_word' id='word_1_27' title='bbox 195 728 261 772; x_wconf 93' lang='lat' dir='ltr'><strong>noo</strong></span> <span class='ocrx_word' id='word_1_28' title='bbox 283 709 367 773; x_wconf 91' lang='lat' dir='ltr'><strong>alius</strong></span> <span class='ocrx_word' id='word_1_29' title='bbox 387 707 526 788; x_wconf 77' lang='lat' dir='ltr'><strong>Spiritus</strong></span> <span class='ocrx_word' id='word_1_30' title='bbox 547 713 578 772; x_wconf 92' lang='lat' dir='ltr'><strong>in</strong></span> <span class='ocrx_word' id='word_1_31' title='bbox 601 709 775 782; x_wconf 83' lang='lat' dir='ltr'><strong>veteribus,</strong></span> <span class='ocrx_word' id='word_1_32' title='bbox 797 710 880 773; x_wconf 89' lang='lat' dir='ltr'><strong>alius</strong></span> <span class='ocrx_word' id='word_1_33' title='bbox 904 729 981 773; x_wconf 87' lang='lat' dir='ltr'><strong>sero</strong></span> <span class='ocrx_word' id='word_1_34' title='bbox 1002 710 1033 771; x_wconf 91' lang='lat' dir='ltr'><strong>io</strong></span> <span class='ocrx_word' id='word_1_35' title='bbox 1059 710 1118 782; x_wconf 88' lang='lat' dir='ltr'><strong>his,</strong></span> <span class='ocrx_word' id='word_1_36' title='bbox 1145 711 1201 789; x_wconf 87' lang='lat' dir='ltr'><strong>qni</strong></span> <span class='ocrx_word' id='word_1_37' title='bbox 1223 711 1256 773; x_wconf 89' lang='lat' dir='ltr'><strong>in</strong></span> 
     </span>
     <span class='ocr_line' id='line_1_5' title="bbox 144 808 1321 890; baseline 0.006 -22"><span class='ocrx_word' id='word_1_38' title='bbox 144 808 286 871; x_wconf 82' lang='lat' dir='ltr'><strong>adventu</strong></span> <span class='ocrx_word' id='word_1_39' title='bbox 309 809 427 872; x_wconf 84' lang='lat' dir='ltr'><strong>Christi</strong></span> <span class='ocrx_word' id='word_1_40' title='bbox 449 811 591 890; x_wconf 87' lang='lat' dir='ltr'><strong>inspirati</strong></span> <span class='ocrx_word' id='word_1_41' title='bbox 612 819 706 884; x_wconf 89' lang='lat' dir='ltr'><strong>suut,</strong></span> <span class='ocrx_word' id='word_1_42' title='bbox 729 809 850 884; x_wconf 83' lang='lat' dir='ltr'><strong>luerit,</strong></span> <span class='ocrx_word' id='word_1_43' title='bbox 873 810 1125 874; x_wconf 79' lang='lat' dir='ltr'><strong>manifestissime</strong></span> <span class='ocrx_word' id='word_1_44' title='bbox 1153 811 1183 872; x_wconf 92' lang='lat' dir='ltr'><strong>io</strong></span> <span class='ocrx_word' id='word_1_45' title='bbox 1205 829 1257 874; x_wconf 87' lang='lat' dir='ltr'><strong>ec·</strong></span> <span class='ocrx_word' id='word_1_46' title='bbox 1318 823 1321 844; x_wconf 87' lang='lat'><strong>¹</strong></span> 
     </span>
     <span class='ocr_line' id='line_1_6' title="bbox 143 909 1257 992; baseline 0.004 -21"><span class='ocrx_word' id='word_1_47' title='bbox 143 909 252 972; x_wconf 87' lang='lat' dir='ltr'><strong>clesiis</strong></span> <span class='ocrx_word' id='word_1_48' title='bbox 275 912 523 990; x_wconf 73' lang='lat' dir='ltr'><strong>praedicator.»</strong></span> <span class='ocrx_word' id='word_1_49' title='bbox 547 909 662 974; x_wconf 85' lang='lat' dir='ltr'><strong>Videas</strong></span> <span class='ocrx_word' id='word_1_50' title='bbox 683 931 761 992; x_wconf 72' lang='lat' dir='ltr'><strong>ergo</strong></span> <span class='ocrx_word' id='word_1_51' title='bbox 783 921 851 976; x_wconf 91' lang='lat' dir='ltr'><strong>tum</strong></span> <span class='ocrx_word' id='word_1_52' title='bbox 872 913 904 974; x_wconf 91' lang='lat' dir='ltr'><strong>iu</strong></span> <span class='ocrx_word' id='word_1_53' title='bbox 927 911 1113 976; x_wconf 74' lang='lat' dir='ltr'><strong>Alexandro</strong></span> <span class='ocrx_word' id='word_1_54' title='bbox 1135 920 1202 975; x_wconf 89' lang='lat' dir='ltr'><strong>tum</strong></span> <span class='ocrx_word' id='word_1_55' title='bbox 1225 911 1257 976; x_wconf 89' lang='lat' dir='ltr'><strong>iu</strong></span> 
     </span>
     <span class='ocr_line' id='line_1_7' title="bbox 142 1013 1260 1096; baseline 0.003 -20"><span class='ocrx_word' id='word_1_56' title='bbox 142 1013 287 1093; x_wconf 81' lang='lat' dir='ltr'>Origene</span> <span class='ocrx_word' id='word_1_57' title='bbox 308 1033 405 1077; x_wconf 90' lang='lat' dir='ltr'><strong>uuam</strong></span> <span class='ocrx_word' id='word_1_58' title='bbox 426 1023 458 1077; x_wconf 92' lang='lat' dir='ltr'><strong>et</strong></span> <span class='ocrx_word' id='word_1_59' title='bbox 478 1013 623 1078; x_wconf 89' lang='lat' dir='ltr'><strong>eamdem</strong></span> <span class='ocrx_word' id='word_1_60' title='bbox 646 1014 754 1091; x_wconf 87' lang='lat' dir='ltr'><strong>tidem,</strong></span> <span class='ocrx_word' id='word_1_61' title='bbox 776 1015 985 1096; x_wconf 79' lang='lat' dir='ltr'><strong>ejusdemque</strong></span> <span class='ocrx_word' id='word_1_62' title='bbox 999 1013 1072 1077; x_wconf 90' lang='lat' dir='ltr'><strong>lidei</strong></span> <span class='ocrx_word' id='word_1_63' title='bbox 1088 1015 1260 1094; x_wconf 76' lang='lat' dir='ltr'><strong>professio·</strong></span> 
     </span>
     <span class='ocr_line' id='line_1_8' title="bbox 142 1115 1256 1195; baseline 0 -19"><span class='ocrx_word' id='word_1_64' title='bbox 142 1131 230 1184; x_wconf 82' lang='lat' dir='ltr'><strong>nem,</strong></span> <span class='ocrx_word' id='word_1_65' title='bbox 253 1115 364 1178; x_wconf 86' lang='lat' dir='ltr'><strong>cadem</strong></span> <span class='ocrx_word' id='word_1_66' title='bbox 385 1123 573 1195; x_wconf 75' lang='lat' dir='ltr'><strong>argumenta</strong></span> <span class='ocrx_word' id='word_1_67' title='bbox 598 1123 631 1179; x_wconf 90' lang='lat' dir='ltr'><strong>ct</strong></span> <span class='ocrx_word' id='word_1_68' title='bbox 651 1115 795 1178; x_wconf 90' lang='lat' dir='ltr'><strong>eamdem</strong></span> <span class='ocrx_word' id='word_1_69' title='bbox 820 1115 992 1178; x_wconf 83' lang='lat' dir='ltr'><strong>verborum</strong></span> <span class='ocrx_word' id='word_1_70' title='bbox 1008 1115 1256 1194; x_wconf 72' lang='lat' dir='ltr'><strong>expositionem,</strong></span> 
     </span>
     <span class='ocr_line' id='line_1_9' title="bbox 143 1214 1257 1290; baseline 0.002 -12"><span class='ocrx_word' id='word_1_71' title='bbox 143 1215 228 1278; x_wconf 87' lang='lat' dir='ltr'><strong>adeo</strong></span> <span class='ocrx_word' id='word_1_72' title='bbox 251 1224 288 1279; x_wconf 94' lang='lat' dir='ltr'><strong>ut</strong></span> <span class='ocrx_word' id='word_1_73' title='bbox 312 1216 452 1290; x_wconf 88' lang='lat' dir='ltr'><strong>dicatur,</strong></span> <span class='ocrx_word' id='word_1_74' title='bbox 475 1234 557 1280; x_wconf 91' lang='lat' dir='ltr'><strong>uuus</strong></span> <span class='ocrx_word' id='word_1_75' title='bbox 578 1214 659 1278; x_wconf 88' lang='lat' dir='ltr'><strong>idest</strong></span> <span class='ocrx_word' id='word_1_76' title='bbox 679 1215 865 1280; x_wconf 77' lang='lat' dir='ltr'><strong>Alexander</strong></span> <span class='ocrx_word' id='word_1_77' title='bbox 886 1233 997 1280; x_wconf 88' lang='lat' dir='ltr'><strong>seusus</strong></span> <span class='ocrx_word' id='word_1_78' title='bbox 1017 1225 1050 1280; x_wconf 90' lang='lat' dir='ltr'><strong>et</strong></span> <span class='ocrx_word' id='word_1_79' title='bbox 1073 1217 1170 1278; x_wconf 86' lang='lat' dir='ltr'><strong>rerba</strong></span> <span class='ocrx_word' id='word_1_80' title='bbox 1184 1216 1257 1280; x_wconf 88' lang='lat' dir='ltr'><strong>ideo</strong></span> 
     </span>
     <span class='ocr_line' id='line_1_10' title="bbox 143 1316 1260 1399; baseline 0.003 -21"><span class='ocrx_word' id='word_1_81' title='bbox 143 1316 342 1397; x_wconf 72' lang='lat' dir='ltr'><strong>decerpsisse</strong></span> <span class='ocrx_word' id='word_1_82' title='bbox 363 1319 405 1380; x_wconf 91' lang='lat' dir='ltr'><strong>ab</strong></span> <span class='ocrx_word' id='word_1_83' title='bbox 425 1316 574 1398; x_wconf 75' lang='lat' dir='ltr'><strong>Origcuis</strong></span> <span class='ocrx_word' id='word_1_84' title='bbox 594 1319 732 1397; x_wconf 87' lang='lat' dir='ltr'><strong>scriptis,</strong></span> <span class='ocrx_word' id='word_1_85' title='bbox 747 1335 786 1382; x_wconf 89' lang='lat' dir='ltr'><strong>ao</strong></span> <span class='ocrx_word' id='word_1_86' title='bbox 806 1319 949 1398; x_wconf 90' lang='lat' dir='ltr'><strong>praecise</strong></span> <span class='ocrx_word' id='word_1_87' title='bbox 965 1318 1067 1393; x_wconf 86' lang='lat' dir='ltr'><strong>abiis,</strong></span> <span class='ocrx_word' id='word_1_88' title='bbox 1089 1335 1173 1399; x_wconf 83' lang='lat' dir='ltr'><strong>quas</strong></span> <span class='ocrx_word' id='word_1_89' title='bbox 1187 1336 1260 1382; x_wconf 87' lang='lat' dir='ltr'><strong>eor·</strong></span> 
     </span>
     <span class='ocr_line' id='line_1_11' title="bbox 145 1417 1261 1504; baseline 0.003 -24"><span class='ocrx_word' id='word_1_90' title='bbox 145 1426 257 1498; x_wconf 87' lang='lat' dir='ltr'><strong>rupta,</strong></span> <span class='ocrx_word' id='word_1_91' title='bbox 275 1419 321 1481; x_wconf 91' lang='lat' dir='ltr'><strong>uti</strong></span> <span class='ocrx_word' id='word_1_92' title='bbox 343 1419 506 1482; x_wconf 86' lang='lat' dir='ltr'><strong>haeretica</strong></span> <span class='ocrx_word' id='word_1_93' title='bbox 528 1418 713 1484; x_wconf 69' lang='lat' dir='ltr'><strong>refutarunt</strong></span> <span class='ocrx_word' id='word_1_94' title='bbox 733 1418 953 1502; x_wconf 75' lang='lat' dir='ltr'><strong>Theophilus,</strong></span> <span class='ocrx_word' id='word_1_95' title='bbox 982 1417 1200 1504; x_wconf 74' lang='lat' dir='ltr'><strong>Hieronymus</strong></span> <span class='ocrx_word' id='word_1_96' title='bbox 1227 1423 1261 1484; x_wconf 89' lang='lat' dir='ltr'><strong>et</strong></span> 
     </span>
     <span class='ocr_line' id='line_1_12' title="bbox 145 1517 358 1598; baseline -0.009 -16"><span class='ocrx_word' id='word_1_97' title='bbox 145 1517 358 1598; x_wconf 79' lang='lat' dir='ltr'><strong>Epiphanius.</strong></span> 
     </span>
    </p>

    <p class='ocr_par' dir='ltr' id='par_1_3' title="bbox 139 1618 1360 3825">
     <span class='ocr_line' id='line_1_13' title="bbox 228 1618 1260 1702; baseline 0.004 -20"><span class='ocrx_word' id='word_1_98' title='bbox 228 1620 350 1682; x_wconf 84' lang='lat' dir='ltr'><strong>Deinde</strong></span> <span class='ocrx_word' id='word_1_99' title='bbox 373 1623 498 1684; x_wconf 88' lang='lat' dir='ltr'><strong>minime</strong></span> <span class='ocrx_word' id='word_1_100' title='bbox 519 1623 646 1685; x_wconf 84' lang='lat' dir='ltr'><strong>silentio</strong></span> <span class='ocrx_word' id='word_1_101' title='bbox 668 1621 901 1702; x_wconf 87' lang='lat' dir='ltr'><strong>praetereunda</strong></span> <span class='ocrx_word' id='word_1_102' title='bbox 922 1626 1010 1696; x_wconf 88' lang='lat' dir='ltr'><strong>suot,</strong></span> <span class='ocrx_word' id='word_1_103' title='bbox 1033 1639 1117 1702; x_wconf 86' lang='lat' dir='ltr'><strong>quae</strong></span> <span class='ocrx_word' id='word_1_104' title='bbox 1138 1639 1164 1685; x_wconf 90' lang='lat' dir='ltr'><strong>s.</strong></span> <span class='ocrx_word' id='word_1_105' title='bbox 1192 1618 1260 1686; x_wconf 85' lang='lat' dir='ltr'><strong>lle·</strong></span> 
     </span>
     <span class='ocr_line' id='line_1_14' title="bbox 150 1718 1260 1800; baseline 0.002 -18"><span class='ocrx_word' id='word_1_106' title='bbox 150 1720 277 1782; x_wconf 90' lang='lat' dir='ltr'><strong>tbodius</strong></span> <span class='ocrx_word' id='word_1_107' title='bbox 298 1720 388 1782; x_wconf 90' lang='lat' dir='ltr'><strong>initio</strong></span> <span class='ocrx_word' id='word_1_108' title='bbox 409 1721 509 1783; x_wconf 89' lang='lat' dir='ltr'><strong>seculi</strong></span> <span class='ocrx_word' id='word_1_109' title='bbox 531 1718 587 1783; x_wconf 89' lang='lat' dir='ltr'><strong>lV.</strong></span> <span class='ocrx_word' id='word_1_110' title='bbox 610 1728 642 1784; x_wconf 90' lang='lat' dir='ltr'><strong>et</strong></span> <span class='ocrx_word' id='word_1_111' title='bbox 664 1721 762 1799; x_wconf 89' lang='lat' dir='ltr'><strong>paulo</strong></span> <span class='ocrx_word' id='word_1_112' title='bbox 785 1729 857 1800; x_wconf 86' lang='lat' dir='ltr'><strong>post</strong></span> <span class='ocrx_word' id='word_1_113' title='bbox 877 1741 901 1784; x_wconf 89' lang='lat' dir='ltr'><strong>s.</strong></span> <span class='ocrx_word' id='word_1_114' title='bbox 925 1719 1116 1785; x_wconf 81' lang='lat' dir='ltr'><strong>Eustathius</strong></span> <span class='ocrx_word' id='word_1_115' title='bbox 1136 1723 1260 1800; x_wconf 86' lang='lat' dir='ltr'><strong>episco-</strong></span> 
     </span>
     <span class='ocr_line' id='line_1_15' title="bbox 145 1819 1261 1902; baseline -0.002 -16"><span class='ocrx_word' id='word_1_116' title='bbox 145 1840 210 1902; x_wconf 89' lang='lat' dir='ltr'><strong>pus</strong></span> <span class='ocrx_word' id='word_1_117' title='bbox 227 1821 439 1884; x_wconf 89' lang='lat' dir='ltr'><strong>antiochenus</strong></span> <span class='ocrx_word' id='word_1_118' title='bbox 466 1823 667 1886; x_wconf 86' lang='lat' dir='ltr'><strong>tradiderunt</strong></span> <span class='ocrx_word' id='word_1_119' title='bbox 697 1822 736 1885; x_wconf 89' lang='lat' dir='ltr'><strong>de</strong></span> <span class='ocrx_word' id='word_1_120' title='bbox 762 1821 908 1901; x_wconf 81' lang='lat' dir='ltr'><strong>Origeuis</strong></span> <span class='ocrx_word' id='word_1_121' title='bbox 929 1821 1043 1897; x_wconf 91' lang='lat' dir='ltr'><strong>libris,</strong></span> <span class='ocrx_word' id='word_1_122' title='bbox 1067 1822 1120 1884; x_wconf 92' lang='lat' dir='ltr'><strong>ubi</strong></span> <span class='ocrx_word' id='word_1_123' title='bbox 1141 1819 1261 1886; x_wconf 87' lang='lat' dir='ltr'><strong>eisdem</strong></span> 
     </span>
     <span class='ocr_line' id='line_1_16' title="bbox 147 1919 1262 2001; baseline 0.001 -17"><span class='ocrx_word' id='word_1_124' title='bbox 147 1924 236 1984; x_wconf 87' lang='lat' dir='ltr'><strong>risus</strong></span> <span class='ocrx_word' id='word_1_125' title='bbox 257 1922 324 2001; x_wconf 92' lang='lat' dir='ltr'><strong>ipse</strong></span> <span class='ocrx_word' id='word_1_126' title='bbox 343 1927 392 1984; x_wconf 88' lang='lat' dir='ltr'><strong>est</strong></span> <span class='ocrx_word' id='word_1_127' title='bbox 412 1939 547 1988; x_wconf 89' lang='lat' dir='ltr'><strong>errasse.</strong></span> <span class='ocrx_word' id='word_1_128' title='bbox 573 1919 661 1988; x_wconf 91' lang='lat' dir='ltr'><strong>Unus</strong></span> <span class='ocrx_word' id='word_1_129' title='bbox 682 1925 765 1984; x_wconf 87' lang='lat' dir='ltr'><strong>anim</strong></span> <span class='ocrx_word' id='word_1_130' title='bbox 787 1921 870 1986; x_wconf 89' lang='lat' dir='ltr'><strong>idest</strong></span> <span class='ocrx_word' id='word_1_131' title='bbox 889 1941 916 1984; x_wconf 89' lang='lat' dir='ltr'><strong>s.</strong></span> <span class='ocrx_word' id='word_1_132' title='bbox 937 1921 1122 1986; x_wconf 84' lang='lat' dir='ltr'><strong>Methodius</strong></span> <span class='ocrx_word' id='word_1_133' title='bbox 1145 1919 1262 1985; x_wconf 81' lang='lat' dir='ltr'><strong>restitit</strong></span> 
     </span>
     <span class='ocr_line' id='line_1_17' title="bbox 147 2022 1262 2104; baseline 0 -18"><span class='ocrx_word' id='word_1_134' title='bbox 147 2022 283 2102; x_wconf 76' lang='lat' dir='ltr'><strong>Origeui</strong></span> <span class='ocrx_word' id='word_1_135' title='bbox 304 2024 346 2088; x_wconf 91' lang='lat' dir='ltr'><strong>oh</strong></span> <span class='ocrx_word' id='word_1_136' title='bbox 368 2041 426 2098; x_wconf 88' lang='lat' dir='ltr'><strong>ea,</strong></span> <span class='ocrx_word' id='word_1_137' title='bbox 451 2041 536 2102; x_wconf 88' lang='lat' dir='ltr'><strong>quaa</strong></span> <span class='ocrx_word' id='word_1_138' title='bbox 558 2024 682 2103; x_wconf 85' lang='lat' dir='ltr'><strong>potavit</strong></span> <span class='ocrx_word' id='word_1_139' title='bbox 703 2024 742 2086; x_wconf 86' lang='lat' dir='ltr'><strong>de</strong></span> <span class='ocrx_word' id='word_1_140' title='bbox 771 2023 883 2088; x_wconf 88' lang='lat' dir='ltr'><strong>lotura</strong></span> <span class='ocrx_word' id='word_1_141' title='bbox 910 2039 1088 2104; x_wconf 87' lang='lat' dir='ltr'><strong>corporum</strong></span> <span class='ocrx_word' id='word_1_142' title='bbox 1115 2038 1262 2086; x_wconf 87' lang='lat' dir='ltr'><strong>resurre-</strong></span> 
     </span>
     <span class='ocr_line' id='line_1_18' title="bbox 143 2123 1263 2204; baseline -0.002 -14"><span class='ocrx_word' id='word_1_143' title='bbox 143 2127 267 2201; x_wconf 88' lang='lat' dir='ltr'><strong>ctione,</strong></span> <span class='ocrx_word' id='word_1_144' title='bbox 289 2126 329 2188; x_wconf 88' lang='lat' dir='ltr'><strong>de</strong></span> <span class='ocrx_word' id='word_1_145' title='bbox 349 2128 539 2189; x_wconf 85' lang='lat' dir='ltr'><strong>aeternitate</strong></span> <span class='ocrx_word' id='word_1_146' title='bbox 560 2125 683 2199; x_wconf 89' lang='lat' dir='ltr'><strong>mundi,</strong></span> <span class='ocrx_word' id='word_1_147' title='bbox 700 2126 739 2188; x_wconf 91' lang='lat' dir='ltr'><strong>de</strong></span> <span class='ocrx_word' id='word_1_148' title='bbox 755 2126 868 2190; x_wconf 89' lang='lat' dir='ltr'><strong>tunicis</strong></span> <span class='ocrx_word' id='word_1_149' title='bbox 885 2125 1025 2204; x_wconf 78' lang='lat' dir='ltr'><strong>pelliceis</strong></span> <span class='ocrx_word' id='word_1_150' title='bbox 1040 2123 1121 2188; x_wconf 93' lang='lat' dir='ltr'><strong>idest</strong></span> <span class='ocrx_word' id='word_1_151' title='bbox 1136 2123 1175 2186; x_wconf 89' lang='lat' dir='ltr'><strong>de</strong></span> <span class='ocrx_word' id='word_1_152' title='bbox 1190 2139 1263 2188; x_wconf 85' lang='lat' dir='ltr'><strong>cos·</strong></span> 
     </span>
     <span class='ocr_line' id='line_1_19' title="bbox 143 2224 1262 2307; baseline -0.002 -17"><span class='ocrx_word' id='word_1_153' title='bbox 143 2245 231 2306; x_wconf 84' lang='lat' dir='ltr'><strong>pore</strong></span> <span class='ocrx_word' id='word_1_154' title='bbox 251 2236 323 2305; x_wconf 90' lang='lat' dir='ltr'><strong>post</strong></span> <span class='ocrx_word' id='word_1_155' title='bbox 344 2235 510 2306; x_wconf 89' lang='lat' dir='ltr'><strong>peccalum</strong></span> <span class='ocrx_word' id='word_1_156' title='bbox 534 2225 622 2288; x_wconf 78' lang='lat' dir='ltr'><strong>aldae</strong></span> <span class='ocrx_word' id='word_1_157' title='bbox 644 2227 792 2304; x_wconf 89' lang='lat' dir='ltr'><strong>imposito</strong></span> <span class='ocrx_word' id='word_1_158' title='bbox 813 2227 852 2288; x_wconf 92' lang='lat' dir='ltr'><strong>ad</strong></span> <span class='ocrx_word' id='word_1_159' title='bbox 876 2243 1021 2307; x_wconf 89' lang='lat' dir='ltr'><strong>poenam.</strong></span> <span class='ocrx_word' id='word_1_160' title='bbox 1039 2224 1133 2288; x_wconf 74' lang='lat' dir='ltr'><strong>Alter</strong></span> <span class='ocrx_word' id='word_1_161' title='bbox 1147 2239 1262 2304; x_wconf 86' lang='lat' dir='ltr'><strong>nempe</strong></span> 
     </span>
     <span class='ocr_line' id='line_1_20' title="bbox 142 2321 1270 2408; baseline -0.002 -18"><span class='ocrx_word' id='word_1_162' title='bbox 142 2347 172 2390; x_wconf 90' lang='lat' dir='ltr'><strong>s.</strong></span> <span class='ocrx_word' id='word_1_163' title='bbox 200 2325 390 2390; x_wconf 86' lang='lat' dir='ltr'><strong>Eustathius</strong></span> <span class='ocrx_word' id='word_1_164' title='bbox 410 2329 559 2390; x_wconf 85' lang='lat' dir='ltr'><strong>eumdem</strong></span> <span class='ocrx_word' id='word_1_165' title='bbox 582 2326 737 2390; x_wconf 85' lang='lat' dir='ltr'><strong>relutarit</strong></span> <span class='ocrx_word' id='word_1_166' title='bbox 758 2329 797 2390; x_wconf 92' lang='lat' dir='ltr'><strong>de</strong></span> <span class='ocrx_word' id='word_1_167' title='bbox 818 2329 867 2400; x_wconf 82' lang='lat' dir='ltr'><strong>iis,</strong></span> <span class='ocrx_word' id='word_1_168' title='bbox 892 2346 976 2408; x_wconf 85' lang='lat' dir='ltr'><strong>quae</strong></span> <span class='ocrx_word' id='word_1_169' title='bbox 996 2325 1125 2407; x_wconf 85' lang='lat' dir='ltr'><strong>scripsit</strong></span> <span class='ocrx_word' id='word_1_170' title='bbox 1145 2325 1184 2390; x_wconf 89' lang='lat' dir='ltr'><strong>de</strong></span> <span class='ocrx_word' id='word_1_171' title='bbox 1198 2321 1270 2388; x_wconf 82' lang='lat' dir='ltr'><strong>Eo·&#39;</strong></span> 
     </span>
     <span class='ocr_line' id='line_1_21' title="bbox 142 2427 1265 2511; baseline -0.001 -23"><span class='ocrx_word' id='word_1_172' title='bbox 142 2429 364 2511; x_wconf 78' lang='lat' dir='ltr'><strong>gastrimytho</strong></span> <span class='ocrx_word' id='word_1_173' title='bbox 386 2428 503 2508; x_wconf 80' lang='lat' dir='ltr'><strong>(cujus</strong></span> <span class='ocrx_word' id='word_1_174' title='bbox 524 2431 641 2491; x_wconf 89' lang='lat' dir='ltr'><strong>mentio</strong></span> <span class='ocrx_word' id='word_1_175' title='bbox 658 2429 690 2490; x_wconf 94' lang='lat' dir='ltr'><strong>iu</strong></span> <span class='ocrx_word' id='word_1_176' title='bbox 705 2427 801 2493; x_wconf 82' lang='lat' dir='ltr'><strong>Libro</strong></span> <span class='ocrx_word' id='word_1_177' title='bbox 818 2427 842 2492; x_wconf 91' lang='lat' dir='ltr'><strong>l.</strong></span> <span class='ocrx_word' id='word_1_178' title='bbox 860 2427 1006 2509; x_wconf 70' lang='lat' dir='ltr'><strong>Regum)</strong></span> <span class='ocrx_word' id='word_1_179' title='bbox 1023 2436 1055 2492; x_wconf 89' lang='lat' dir='ltr'><strong>et</strong></span> <span class='ocrx_word' id='word_1_180' title='bbox 1075 2427 1265 2507; x_wconf 87' lang='lat' dir='ltr'><strong>praesertim</strong></span> 
     </span>
     <span class='ocr_line' id='line_1_22' title="bbox 140 2527 1263 2610; baseline -0.002 -20"><span class='ocrx_word' id='word_1_181' title='bbox 140 2531 189 2590; x_wconf 90' lang='lat' dir='ltr'><strong>oh</strong></span> <span class='ocrx_word' id='word_1_182' title='bbox 214 2529 419 2594; x_wconf 86' lang='lat' dir='ltr'><strong>immodicum</strong></span> <span class='ocrx_word' id='word_1_183' title='bbox 442 2530 540 2607; x_wconf 85' lang='lat' dir='ltr'><strong>ipsius</strong></span> <span class='ocrx_word' id='word_1_184' title='bbox 559 2531 702 2592; x_wconf 90' lang='lat' dir='ltr'><strong>studium</strong></span> <span class='ocrx_word' id='word_1_185' title='bbox 726 2548 784 2609; x_wconf 91' lang='lat' dir='ltr'><strong>pro</strong></span> <span class='ocrx_word' id='word_1_186' title='bbox 807 2530 982 2610; x_wconf 78' lang='lat' dir='ltr'><strong>allegorico</strong></span> <span class='ocrx_word' id='word_1_187' title='bbox 1002 2547 1098 2592; x_wconf 87' lang='lat' dir='ltr'><strong>seusu</strong></span> <span class='ocrx_word' id='word_1_188' title='bbox 1122 2529 1154 2592; x_wconf 90' lang='lat' dir='ltr'><strong>in</strong></span> <span class='ocrx_word' id='word_1_189' title='bbox 1178 2527 1263 2592; x_wconf 90' lang='lat' dir='ltr'><strong>Scri·</strong></span> 
     </span>
     <span class='ocr_line' id='line_1_23' title="bbox 142 2629 1264 2709; baseline -0.002 -17"><span class='ocrx_word' id='word_1_190' title='bbox 142 2631 257 2708; x_wconf 89' lang='lat' dir='ltr'><strong>pturis</strong></span> <span class='ocrx_word' id='word_1_191' title='bbox 277 2629 391 2690; x_wconf 81' lang='lat' dir='ltr'><strong>divinis</strong></span> <span class='ocrx_word' id='word_1_192' title='bbox 412 2631 617 2708; x_wconf 84' lang='lat' dir='ltr'><strong>exponendis.</strong></span> <span class='ocrx_word' id='word_1_193' title='bbox 640 2629 701 2694; x_wconf 85' lang='lat' dir='ltr'><strong>Sed</strong></span> <span class='ocrx_word' id='word_1_194' title='bbox 723 2631 762 2694; x_wconf 90' lang='lat' dir='ltr'><strong>de</strong></span> <span class='ocrx_word' id='word_1_195' title='bbox 784 2631 831 2694; x_wconf 93' lang='lat' dir='ltr'><strong>his</strong></span> <span class='ocrx_word' id='word_1_196' title='bbox 852 2631 1003 2709; x_wconf 89' lang='lat' dir='ltr'><strong>superius</strong></span> <span class='ocrx_word' id='word_1_197' title='bbox 1023 2630 1099 2692; x_wconf 89' lang='lat' dir='ltr'><strong>satis</strong></span> <span class='ocrx_word' id='word_1_198' title='bbox 1121 2629 1264 2707; x_wconf 87' lang='lat' dir='ltr'><strong>disputa·</strong></span> 
     </span>
     <span class='ocr_line' id='line_1_24' title="bbox 142 2727 1264 2812; baseline -0.005 -18"><span class='ocrx_word' id='word_1_199' title='bbox 142 2742 221 2794; x_wconf 87' lang='lat' dir='ltr'><strong>tum</strong></span> <span class='ocrx_word' id='word_1_200' title='bbox 242 2737 312 2807; x_wconf 89' lang='lat' dir='ltr'><strong>est;</strong></span> <span class='ocrx_word' id='word_1_201' title='bbox 338 2747 505 2809; x_wconf 79' lang='lat' dir='ltr'><strong>perperam</strong></span> <span class='ocrx_word' id='word_1_202' title='bbox 521 2734 603 2795; x_wconf 86' lang='lat' dir='ltr'><strong>anim</strong></span> <span class='ocrx_word' id='word_1_203' title='bbox 626 2740 803 2810; x_wconf 85' lang='lat' dir='ltr'><strong>utromque</strong></span> <span class='ocrx_word' id='word_1_204' title='bbox 833 2732 1040 2812; x_wconf 80' lang='lat' dir='ltr'><strong>probavimus</strong></span> <span class='ocrx_word' id='word_1_205' title='bbox 1067 2727 1264 2806; x_wconf 88' lang='lat' dir='ltr'><strong>corripuisse</strong></span> 
     </span>
     <span class='ocr_line' id='line_1_25' title="bbox 141 2813 1360 2912; baseline -0.003 -18"><span class='ocrx_word' id='word_1_206' title='bbox 141 2831 348 2910; x_wconf 79' lang='lat' dir='ltr'><strong>Origeuem3</strong></span> <span class='ocrx_word' id='word_1_207' title='bbox 369 2849 474 2912; x_wconf 86' lang='lat' dir='ltr'><strong>eoque</strong></span> <span class='ocrx_word' id='word_1_208' title='bbox 497 2834 595 2910; x_wconf 80' lang='lat' dir='ltr'><strong>magis</strong></span> <span class='ocrx_word' id='word_1_209' title='bbox 610 2831 697 2911; x_wconf 89' lang='lat' dir='ltr'><strong>quod</strong></span> <span class='ocrx_word' id='word_1_210' title='bbox 714 2851 797 2896; x_wconf 91' lang='lat' dir='ltr'><strong>unns</strong></span> <span class='ocrx_word' id='word_1_211' title='bbox 811 2821 932 2896; x_wconf 65' lang='lat' dir='ltr'><strong>idest&#39;s.</strong></span> <span class='ocrx_word' id='word_1_212' title='bbox 949 2831 1135 2896; x_wconf 83' lang='lat' dir='ltr'><strong>Methodius</strong></span> <span class='ocrx_word' id='word_1_213' title='bbox 1156 2830 1262 2892; x_wconf 86' lang='lat' dir='ltr'><strong>ridea-</strong></span> <span class='ocrx_word' id='word_1_214' title='bbox 1353 2813 1360 2835; x_wconf 83' lang='lat'><em>&#39;</em></span> 
     </span>
     <span class='ocr_line' id='line_1_26' title="bbox 141 2932 1264 3014; baseline -0.001 -18"><span class='ocrx_word' id='word_1_215' title='bbox 141 2942 206 2998; x_wconf 90' lang='lat' dir='ltr'><strong>tur</strong></span> <span class='ocrx_word' id='word_1_216' title='bbox 221 2941 330 3012; x_wconf 87' lang='lat' dir='ltr'><strong>postea</strong></span> <span class='ocrx_word' id='word_1_217' title='bbox 346 2932 537 3012; x_wconf 79' lang='lat' dir='ltr'><strong>palinodiam</strong></span> <span class='ocrx_word' id='word_1_218' title='bbox 560 2935 720 3007; x_wconf 82' lang='lat' dir='ltr'><strong>cecinisse.</strong></span> <span class='ocrx_word' id='word_1_219' title='bbox 737 2935 854 3014; x_wconf 86' lang='lat' dir='ltr'><strong>quippe</strong></span> <span class='ocrx_word' id='word_1_220' title='bbox 872 2934 1032 2997; x_wconf 87' lang='lat' dir='ltr'><strong>immerito</strong></span> <span class='ocrx_word' id='word_1_221' title='bbox 1051 2933 1204 2998; x_wconf 78' lang='lat' dir='ltr'><strong>ductoris</strong></span> <span class='ocrx_word' id='word_1_222' title='bbox 1217 2932 1264 2995; x_wconf 93' lang='lat' dir='ltr'><strong>di·</strong></span> 
     </span>
     <span class='ocr_line' id='line_1_27' title="bbox 140 3031 1264 3112; baseline -0.003 -14"><span class='ocrx_word' id='word_1_223' title='bbox 140 3036 330 3100; x_wconf 76' lang='lat' dir='ltr'><strong>suessiones</strong></span> <span class='ocrx_word' id='word_1_224' title='bbox 350 3036 390 3098; x_wconf 90' lang='lat' dir='ltr'><strong>de</strong></span> <span class='ocrx_word' id='word_1_225' title='bbox 410 3036 602 3112; x_wconf 81' lang='lat' dir='ltr'><strong>corporibus</strong></span> <span class='ocrx_word' id='word_1_226' title='bbox 630 3035 806 3098; x_wconf 77' lang='lat' dir='ltr'><strong>excitandis</strong></span> <span class='ocrx_word' id='word_1_227' title='bbox 826 3033 938 3097; x_wconf 90' lang='lat' dir='ltr'><strong>aliisve</strong></span> <span class='ocrx_word' id='word_1_228' title='bbox 965 3033 1147 3098; x_wconf 77' lang='lat' dir='ltr'><strong>refutasset.</strong></span> <span class='ocrx_word' id='word_1_229' title='bbox 1176 3031 1264 3109; x_wconf 84' lang='lat' dir='ltr'><strong>Qua·</strong></span> 
     </span>
     <span class='ocr_line' id='line_1_28' title="bbox 139 3135 1262 3218; baseline 0 -20"><span class='ocrx_word' id='word_1_230' title='bbox 139 3145 286 3218; x_wconf 87' lang='lat' dir='ltr'><strong>propter</strong></span> <span class='ocrx_word' id='word_1_231' title='bbox 306 3137 337 3198; x_wconf 89' lang='lat' dir='ltr'><strong>io</strong></span> <span class='ocrx_word' id='word_1_232' title='bbox 359 3138 418 3199; x_wconf 90' lang='lat' dir='ltr'><strong>hac</strong></span> <span class='ocrx_word' id='word_1_233' title='bbox 439 3136 478 3200; x_wconf 91' lang='lat' dir='ltr'><strong>dc</strong></span> <span class='ocrx_word' id='word_1_234' title='bbox 499 3135 665 3200; x_wconf 80' lang='lat' dir='ltr'><strong>bletlsodio</strong></span> <span class='ocrx_word' id='word_1_235' title='bbox 686 3137 872 3217; x_wconf 87' lang='lat' dir='ltr'><strong>quaestione</strong></span> <span class='ocrx_word' id='word_1_236' title='bbox 893 3135 1001 3216; x_wconf 90' lang='lat' dir='ltr'><strong>quoad</strong></span> <span class='ocrx_word' id='word_1_237' title='bbox 1017 3136 1117 3215; x_wconf 90' lang='lat' dir='ltr'><strong>ipsios</strong></span> <span class='ocrx_word' id='word_1_238' title='bbox 1132 3153 1262 3200; x_wconf 88' lang='lat' dir='ltr'><strong>sensum</strong></span> 
     </span>
     <span class='ocr_line' id='line_1_29' title="bbox 141 3233 1263 3314; baseline -0.002 -15"><span class='ocrx_word' id='word_1_239' title='bbox 141 3238 189 3300; x_wconf 89' lang='lat' dir='ltr'><strong>de</strong></span> <span class='ocrx_word' id='word_1_240' title='bbox 212 3234 359 3314; x_wconf 70' lang='lat' dir='ltr'><strong>Osipeols</strong></span> <span class='ocrx_word' id='word_1_241' title='bbox 378 3237 482 3313; x_wconf 90' lang='lat' dir='ltr'><strong>libris,</strong></span> <span class='ocrx_word' id='word_1_242' title='bbox 504 3238 584 3299; x_wconf 87' lang='lat' dir='ltr'><strong>haec</strong></span> <span class='ocrx_word' id='word_1_243' title='bbox 604 3236 693 3298; x_wconf 82' lang='lat' dir='ltr'><strong>addit</strong></span> <span class='ocrx_word' id='word_1_244' title='bbox 713 3233 859 3298; x_wconf 83' lang='lat' dir='ltr'><strong>Valesius</strong></span> <span class='ocrx_word' id='word_1_245' title='bbox 880 3237 911 3298; x_wconf 92' lang='lat' dir='ltr'><strong>iu</strong></span> <span class='ocrx_word' id='word_1_246' title='bbox 932 3236 1015 3298; x_wconf 91' lang='lat' dir='ltr'><strong>notis</strong></span> <span class='ocrx_word' id='word_1_247' title='bbox 1030 3233 1192 3300; x_wconf 86' lang='lat' dir='ltr'><strong>Historiae</strong></span> <span class='ocrx_word' id='word_1_248' title='bbox 1206 3233 1263 3298; x_wconf 87' lang='lat' dir='ltr'><strong>So-</strong></span> 
     </span>
     <span class='ocr_line' id='line_1_30' title="bbox 143 3335 1265 3417; baseline 0 -17"><span class='ocrx_word' id='word_1_249' title='bbox 143 3338 250 3400; x_wconf 86' lang='lat' dir='ltr'><strong>cratis</strong></span> <span class='ocrx_word' id='word_1_250' title='bbox 266 3335 362 3401; x_wconf 87' lang='lat' dir='ltr'><strong>Libro</strong></span> <span class='ocrx_word' id='word_1_251' title='bbox 379 3336 434 3402; x_wconf 86' lang='lat' dir='ltr'><strong>vl.</strong></span> <span class='ocrx_word' id='word_1_252' title='bbox 457 3357 483 3400; x_wconf 87' lang='lat' dir='ltr'><strong>c.</strong></span> <span class='ocrx_word' id='word_1_253' title='bbox 499 3335 577 3402; x_wconf 82' lang='lat' dir='ltr'><strong>xiil</strong></span> <span class='ocrx_word' id='word_1_254' title='bbox 592 3354 601 3396; x_wconf 77' lang='lat' dir='ltr'><strong>s</strong></span> <span class='ocrx_word' id='word_1_255' title='bbox 619 3359 636 3398; x_wconf 80' lang='lat' dir='ltr'><strong>u</strong></span> <span class='ocrx_word' id='word_1_256' title='bbox 651 3337 711 3404; x_wconf 87' lang='lat' dir='ltr'><strong>Sed</strong></span> <span class='ocrx_word' id='word_1_257' title='bbox 734 3336 863 3417; x_wconf 86' lang='lat' dir='ltr'><strong>objiciet</strong></span> <span class='ocrx_word' id='word_1_258' title='bbox 878 3336 1035 3416; x_wconf 89' lang='lat' dir='ltr'><strong>quispiam</strong></span> <span class='ocrx_word' id='word_1_259' title='bbox 1057 3336 1088 3396; x_wconf 89' lang='lat' dir='ltr'><strong>iu</strong></span> <span class='ocrx_word' id='word_1_260' title='bbox 1112 3337 1170 3400; x_wconf 96' lang='lat' dir='ltr'><strong>illo</strong></span> <span class='ocrx_word' id='word_1_261' title='bbox 1191 3335 1265 3400; x_wconf 87' lang='lat' dir='ltr'><strong>Dia·</strong></span> 
     </span>
     <span class='ocr_line' id='line_1_31' title="bbox 142 3437 1264 3520; baseline -0.002 -18"><span class='ocrx_word' id='word_1_262' title='bbox 142 3439 239 3519; x_wconf 77' lang='lat' dir='ltr'><strong>logo,</strong></span> <span class='ocrx_word' id='word_1_263' title='bbox 263 3440 319 3520; x_wconf 89' lang='lat' dir='ltr'><strong>qui</strong></span> <span class='ocrx_word' id='word_1_264' title='bbox 334 3437 445 3504; x_wconf 83' lang='lat' dir='ltr'><strong>Xeooo</strong></span> <span class='ocrx_word' id='word_1_265' title='bbox 461 3440 707 3515; x_wconf 83' lang='lat' dir='ltr'><strong>inscribebatur,</strong></span> <span class='ocrx_word' id='word_1_266' title='bbox 725 3439 898 3518; x_wconf 77' lang='lat' dir='ltr'><strong>Origeuem</strong></span> <span class='ocrx_word' id='word_1_267' title='bbox 914 3457 932 3502; x_wconf 90' lang='lat' dir='ltr'><strong>a</strong></span> <span class='ocrx_word' id='word_1_268' title='bbox 949 3438 1115 3502; x_wconf 84' lang='lat' dir='ltr'><strong>Methodio</strong></span> <span class='ocrx_word' id='word_1_269' title='bbox 1130 3438 1264 3503; x_wconf 88' lang='lat' dir='ltr'><strong>sommis</strong></span> 
     </span>
     <span class='ocr_line' id='line_1_32' title="bbox 141 3528 1266 3639; baseline -0.002 -37"><span class='ocrx_word' id='word_1_270' title='bbox 141 3541 303 3604; x_wconf 85' lang='lat' dir='ltr'><strong>laudibus</strong></span> <span class='ocrx_word' id='word_1_271' title='bbox 316 3548 509 3604; x_wconf 88' lang='lat' dir='ltr'><strong>exornatum</strong></span> <span class='ocrx_word' id='word_1_272' title='bbox 526 3539 636 3604; x_wconf 78' lang='lat' dir='ltr'><strong>inisse:</strong></span> <span class='ocrx_word' id='word_1_273' title='bbox 654 3540 685 3600; x_wconf 94' lang='lat' dir='ltr'><strong>iu</strong></span> <span class='ocrx_word' id='word_1_274' title='bbox 703 3536 838 3620; x_wconf 71' lang='lat' dir='ltr'><strong>Dialopo</strong></span> <span class='ocrx_word' id='word_1_275' title='bbox 858 3557 934 3604; x_wconf 84' lang='lat' dir='ltr'><strong>sero</strong></span> <span class='ocrx_word' id='word_1_276' title='bbox 948 3528 1018 3639; x_wconf 75' lang='lat' dir='ltr'><strong>aspi</strong></span> <span class='ocrx_word' id='word_1_277' title='bbox 1036 3536 1171 3632; x_wconf 71' lang='lat' dir='ltr'><strong>psitarcia</strong></span> <span class='ocrx_word' id='word_1_278' title='bbox 1190 3533 1266 3600; x_wconf 82' lang='lat' dir='ltr'><strong>Gen·</strong></span> 
     </span>
     <span class='ocr_line' id='line_1_33' title="bbox 146 3638 1265 3722; baseline -0.002 -16"><span class='ocrx_word' id='word_1_279' title='bbox 146 3655 283 3706; x_wconf 75' lang='lat' dir='ltr'><strong>tuarum</strong></span> <span class='ocrx_word' id='word_1_280' title='bbox 305 3661 322 3704; x_wconf 92' lang='lat' dir='ltr'><strong>a</strong></span> <span class='ocrx_word' id='word_1_281' title='bbox 344 3641 511 3706; x_wconf 83' lang='lat' dir='ltr'><strong>Methodio</strong></span> <span class='ocrx_word' id='word_1_282' title='bbox 533 3643 701 3722; x_wconf 87' lang='lat' dir='ltr'><strong>appellari.</strong></span> <span class='ocrx_word' id='word_1_283' title='bbox 725 3640 776 3704; x_wconf 87' lang='lat' dir='ltr'><strong>Sic</strong></span> <span class='ocrx_word' id='word_1_284' title='bbox 809 3641 946 3704; x_wconf 88' lang='lat' dir='ltr'><strong>enimin</strong></span> <span class='ocrx_word' id='word_1_285' title='bbox 971 3642 1132 3719; x_wconf 84' lang='lat' dir='ltr'><strong>excerptis</strong></span> <span class='ocrx_word' id='word_1_286' title='bbox 1160 3638 1265 3704; x_wconf 83' lang='lat' dir='ltr'><strong>Plautii</strong></span> 
     </span>
     <span class='ocr_line' id='line_1_34' title="bbox 148 3741 1262 3825; baseline 0 -17"><span class='ocrx_word' id='word_1_287' title='bbox 148 3746 277 3825; x_wconf 77' lang='lat' dir='ltr'><strong>legitur</strong></span> <span class='ocrx_word' id='word_1_288' title='bbox 297 3744 424 3808; x_wconf 91' lang='lat' dir='ltr'><strong>duobos</strong></span> <span class='ocrx_word' id='word_1_289' title='bbox 445 3745 534 3808; x_wconf 85' lang='lat' dir='ltr'><strong>locis.</strong></span> <span class='ocrx_word' id='word_1_290' title='bbox 562 3742 750 3823; x_wconf 83' lang='lat' dir='ltr'><strong>Respondao</strong></span> <span class='ocrx_word' id='word_1_291' title='bbox 772 3741 840 3805; x_wconf 88' lang='lat' dir='ltr'><strong>fieri</strong></span> <span class='ocrx_word' id='word_1_292' title='bbox 862 3761 976 3824; x_wconf 89' lang='lat' dir='ltr'><strong>posse,</strong></span> <span class='ocrx_word' id='word_1_293' title='bbox 999 3741 1262 3818; x_wconf 73' lang='lat' dir='ltr'><strong>uehementes,</strong></span> 
     </span>
    </p>
   </div>
   <div class='ocr_carea' id='block_1_3' title="bbox 147 3843 1263 4127">
    <p class='ocr_par' dir='ltr' id='par_1_4' title="bbox 147 3843 1263 4127">
     <span class='ocr_line' id='line_1_35' title="bbox 147 3843 1263 3927; baseline -0.002 -17"><span class='ocrx_word' id='word_1_294' title='bbox 147 3847 243 3910; x_wconf 86' lang='lat' dir='ltr'><strong>initio</strong></span> <span class='ocrx_word' id='word_1_295' title='bbox 264 3845 393 3927; x_wconf 87' lang='lat' dir='ltr'><strong>quidem</strong></span> <span class='ocrx_word' id='word_1_296' title='bbox 415 3844 532 3925; x_wconf 87' lang='lat' dir='ltr'><strong>Operis</strong></span> <span class='ocrx_word' id='word_1_297' title='bbox 561 3845 649 3908; x_wconf 89' lang='lat' dir='ltr'><strong>illius</strong></span> <span class='ocrx_word' id='word_1_298' title='bbox 674 3843 846 3924; x_wconf 76' lang='lat' dir='ltr'><strong>Origcoem</strong></span> <span class='ocrx_word' id='word_1_299' title='bbox 877 3843 1126 3925; x_wconf 79' lang='lat' dir='ltr'><strong>perstrinxeri13</strong></span> <span class='ocrx_word' id='word_1_300' title='bbox 1148 3845 1181 3908; x_wconf 93' lang='lat' dir='ltr'><strong>io</strong></span> <span class='ocrx_word' id='word_1_301' title='bbox 1202 3843 1263 3908; x_wconf 88' lang='lat' dir='ltr'><strong>hue</strong></span> 
     </span>
     <span class='ocr_line' id='line_1_36' title="bbox 149 3942 1263 4027; baseline 0.004 -18"><span class='ocrx_word' id='word_1_302' title='bbox 149 3965 256 4023; x_wconf 80' lang='lat' dir='ltr'><strong>vcro,</strong></span> <span class='ocrx_word' id='word_1_303' title='bbox 276 3955 335 4012; x_wconf 90' lang='lat' dir='ltr'><strong>aot</strong></span> <span class='ocrx_word' id='word_1_304' title='bbox 355 3949 387 4010; x_wconf 94' lang='lat' dir='ltr'><strong>iu</strong></span> <span class='ocrx_word' id='word_1_305' title='bbox 408 3963 584 4027; x_wconf 76' lang='lat' dir='ltr'><strong>progressu</strong></span> <span class='ocrx_word' id='word_1_306' title='bbox 607 3943 751 4026; x_wconf 83' lang='lat' dir='ltr'><strong>ejusdem</strong></span> <span class='ocrx_word' id='word_1_307' title='bbox 781 3942 920 4022; x_wconf 87' lang='lat' dir='ltr'><strong>Operis,</strong></span> <span class='ocrx_word' id='word_1_308' title='bbox 949 3945 1042 4025; x_wconf 84' lang='lat' dir='ltr'><strong>quasi</strong></span> <span class='ocrx_word' id='word_1_309' title='bbox 1069 3944 1263 4026; x_wconf 79' lang='lat' dir='ltr'><strong>palinodiam</strong></span> 
     </span>
     <span class='ocr_line' id='line_1_37' title="bbox 150 4043 907 4127; baseline -0.003 -15"><span class='ocrx_word' id='word_1_310' title='bbox 150 4066 281 4127; x_wconf 80' lang='lat' dir='ltr'><strong>caucos,</strong></span> <span class='ocrx_word' id='word_1_311' title='bbox 302 4049 437 4114; x_wconf 88' lang='lat' dir='ltr'><strong>sommia</strong></span> <span class='ocrx_word' id='word_1_312' title='bbox 456 4065 532 4114; x_wconf 87' lang='lat' dir='ltr'><strong>eom</strong></span> <span class='ocrx_word' id='word_1_313' title='bbox 552 4046 703 4112; x_wconf 89' lang='lat' dir='ltr'><strong>laudibus</strong></span> <span class='ocrx_word' id='word_1_314' title='bbox 724 4043 907 4110; x_wconf 76' lang='lat' dir='ltr'><strong>affecerit.»</strong></span> 
     </span>
    </p>
   </div>
   <div class='ocr_carea' id='block_1_4' title="bbox 0 0 1598 4946">
    <p class='ocr_par' dir='ltr' id='par_1_5' title="bbox 0 0 1598 4946">
     <span class='ocr_line' id='line_1_38' title="bbox 0 0 1598 4946; baseline 0 0"><span class='ocrx_word' id='word_1_315' title='bbox 0 0 1598 4946; x_wconf 95' lang='lat' dir='ltr'><strong> </strong></span> 
     </span>
    </p>
   </div>
  </div>
 </body>
</html>
