3138 4950
11 513 14 550 ,
105 477 228 553 iaridia,
249 479 304 543 alii
326 479 553 546 malevolentia
581 482 642 547 sub
663 483 866 566 hypocritico
892 482 964 545 zelo
992 483 1109 560 celata,
1141 493 1207 550 tam

12 629 15 652 ,
102 580 258 658 probrosis
287 581 390 645 titulis
420 583 640 646 venerandum
660 583 809 666 origenis
830 601 957 660 nomen,
982 593 1018 649 ut
1049 583 1205 651 toctiduut

10 715 19 756 ς
102 696 244 757 coenum,
266 682 459 762 despuentes
479 685 727 749 conculcarunt.

174 779 356 856 Decernite,
386 786 530 866 inquam,
555 803 633 850 oum
665 783 878 865 Theophilus,
901 789 957 868 qui
980 805 1058 866 prae
1091 785 1206 853 ceteris

10 917 19 946 a
102 887 172 945 tnnc
193 883 369 949 insurrexit
390 885 490 950 hostis
521 885 677 950 adversus
697 886 883 966 Origcoem,
915 897 948 950 ct
977 889 1121 952 omnium
1145 889 1208 952 luit

9 1019 18 1060 ς
100 983 316 1057 praelatorum
345 987 561 1050 convitiorum
583 996 712 1063 auctor,
735 988 966 1069 praelerendus
986 993 1028 1052 eit
1048 991 1208 1070 antiquio·

99 1087 196 1162 ribus,
211 1095 244 1150 et
260 1087 409 1168 plurimis
428 1089 583 1167 probatae
597 1088 670 1150 tidei
687 1089 834 1164 testibus,
845 1089 901 1168 qui
916 1089 1053 1166 ingenue
1068 1099 1100 1152 et
1114 1107 1206 1169 prae-

98 1194 144 1250 ter
162 1175 347 1253 illusionem
371 1191 475 1253 testati
493 1197 570 1254 sunt
590 1190 819 1253 hdatnautinm
834 1207 893 1269 per
912 1205 1007 1252 omne
1026 1207 1106 1252 suae
1122 1193 1206 1253 ritae

98 1297 220 1368 tempus
241 1288 381 1354 fideliter
400 1291 433 1354 in
453 1289 551 1354 durno
573 1286 629 1353 llei
653 1295 816 1354 versatum
838 1307 919 1362 esse,
936 1290 1113 1353 ministerio
1134 1307 1206 1352 rer·

97 1387 125 1450 hi
144 1391 244 1455 divini
270 1391 599 1473 irreprehensibiliter
622 1407 764 1467 racemo,
785 1391 1037 1455 christianorum
1061 1391 1206 1455 scholam

8 1534 14 1570 r
96 1492 227 1568 rosisse,
250 1494 421 1560 cathedras
441 1495 668 1575 cpiscoporum
690 1512 765 1558 cum
781 1493 924 1556 tidelium
942 1492 1161 1572 ,admiratione
1174 1511 1207 1555 a·

92 1592 263 1672 scendisse,
287 1597 393 1660 sarias
414 1604 638 1676 peragrantem
663 1595 809 1676 regiones
829 1594 1082 1676 evangelizando
1096 1595 1206 1659 iulide·

92 1689 167 1756 lium
189 1696 433 1763 multitudinem
453 1696 493 1760 ad
516 1696 680 1762 Christum
702 1697 919 1775 consortisse3
936 1697 1205 1778 philosophorum

92 1809 287 1871 graecorum
319 1798 436 1879 placita
457 1797 654 1873 confutasse,
688 1799 868 1862 haereticos
891 1799 1026 1878 ricisse3
1048 1815 1086 1861 ac
1109 1799 1155 1862 his
1176 1802 1207 1861 iu

8 1973 9 1978 ἵ
92 1898 321 1978 cpiscoporum
337 1906 499 1964 consentu
514 1898 671 1963 adsersus
692 1899 841 1963 haereses
860 1899 1015 1962 alacriter
1028 1897 1207 1962 dimicasse.

89 1989 130 2056 Et
145 1997 223 2076 quid
244 1997 324 2064 baec
339 2018 414 2064 cum
432 2006 525 2065 tutet
541 2001 635 2064 tantis
649 2001 910 2064 criminationum
926 1999 1111 2082 generibus,
1127 2018 1207 2080 qua·

6 2149 9 2182 ,
88 2091 135 2160 lcs
155 2115 255 2164 neruo
276 2102 307 2164 in
330 2099 475 2167 Ecclesia
497 2120 640 2185 uuquam
663 2119 774 2182 passus
795 2099 871 2167 est'?

166 2199 210 2266 lit
232 2203 306 2266 fieri
327 2222 484 2284 uuquam,
500 2207 632 2286 poterit,
656 2212 693 2269 ut
713 2223 835 2285 omnes,
858 2224 941 2286 quos
963 2206 1154 2282 memorari,
1177 2225 1210 2270 e·
1335 2199 1339 2210 ’

6 2355 7 2386 ,
89 2301 211 2385 piscopi
227 2313 295 2369 tam
317 2307 419 2387 ignari
434 2306 516 2372 adeo
535 2307 657 2382 stolidi,
678 2308 722 2370 ita
735 2307 855 2370 incauti
878 2307 1010 2382 luerint,
1029 2316 1067 2372 ut
1086 2309 1118 2372 iu
1137 2326 1204 2374 ser·

85 2406 237 2471 mooihus
260 2426 343 2488 quos
364 2409 405 2471 ab
425 2406 574 2490 Origenis
594 2425 653 2472 ore
674 2409 867 2484 audiebam·
883 2418 915 2473 et
936 2411 967 2472 in
995 2409 1100 2486 libris,
1121 2428 1205 2492 quus

5 2583 6 2588 ἵ
85 2506 312 2589 perlegebam,
330 2509 416 2574 haud
430 2509 754 2590 comprehenderent,
771 2529 876 2590 neque
891 2511 1137 2592 introspicerem
1150 2511 1207 2576 do·

5 2663 6 2674 ,
84 2619 232 2686 gmatum
256 2630 394 2677 suorum
418 2613 590 2690 versutias,
606 2612 833 2692 dictorumque
853 2632 989 2677 suorum
1011 2615 1205 2695 impietates,

82 2710 275 2793 antilogtns,
297 2712 525 2795 blasphemius,
546 2711 715 2779 absurda?
732 2712 900 2794 Ejusmodi
921 2731 996 2777 sane
1018 2714 1205 2794 exemplum

84 2810 117 2873 iu
137 2811 288 2878 Historia
322 2812 547 2879 Ecclesiastico
569 2833 704 2888 nurum,
726 2817 874 2879 omnihus
901 2816 1029 2880 intentis
1052 2816 1205 2896 praelatis

84 2913 355 2992 circumstantiis,
379 2924 485 2980 vestra
507 2934 642 2996 prorsus
663 2923 754 2981 extat
774 2917 1029 2981 consideratione
1061 2917 1203 2998 dignum.

84 3011 304 3100 Quapropter
322 3019 531 3100 vosmetipsos
546 3019 577 3080 in
599 3019 739 3082 maxima
761 3017 981 3082 sollicitudine
997 3025 1143 3082 versatos
1160 3021 1205 3083 ri·

82 3115 158 3194 dcc,
191 3119 517 3200 incomprehensibile
548 3127 747 3198 reputantes,
777 3119 943 3198 quomodo
975 3121 1058 3182 inter
1076 3126 1204 3183 sanctos

81 3213 259 3282 Ecclesiae
281 3217 393 3283 Patres
415 3219 477 3283 hoc
499 3219 538 3284 dc
559 3219 745 3298 origeniana
767 3217 912 3283 doctrina
944 3218 1204 3284 contradictionis

79 3335 186 3399 genus
208 3321 336 3385 exoriri
358 3321 511 3401 potuerit.

160 3421 323 3488 Ceterum
348 3425 426 3487 satis
454 3429 539 3503 patet
562 3423 797 3488 ecclesiasticos
821 3421 978 3488 Doctores
1000 3433 1074 3487 aute
1098 3421 1203 3488 Theu-

78 3525 164 3604 phili
187 3543 326 3601 aerum,
342 3524 491 3605 Origcuis
512 3526 664 3605 pietatem
687 3529 846 3591 reveritos
867 3545 948 3604 esso,
975 3544 1013 3590 ac
1044 3525 1202 3590 neminem

76 3643 204 3692 ausum
221 3627 335 3703 tuisse,
357 3627 507 3692 eumdem
522 3627 748 3708 huiuscemodi
772 3629 957 3708 vituperare
976 3628 1138 3692 conviciis.
1161 3627 1203 3694 ttt

75 3729 239 3810 quamvis
255 3735 332 3792 tuuc
353 3728 500 3792 nonnulli
516 3727 672 3809 quasdam
687 3729 786 3808 ipsius
801 3730 972 3792 sententias
987 3731 1132 3793 notoriut
1145 3730 1204 3791 mi·

74 3848 140 3896 uus
164 3829 339 3912 probatas,
360 3838 419 3894 aut
437 3829 618 3910 ambiguas,
640 3846 698 3892 uec
719 3829 895 3893 universim
916 3839 1063 3911 acceptes
1078 3853 1086 3892 r
1104 3831 1201 3893 aetati

75 3931 317 4012 tamemplura
338 3930 506 4007 donantes,
528 3929 762 3994 discessionum
784 3928 977 4004 dillicultati,
999 3931 1201 3995 adversario·

71 4049 153 4098 rum
178 4031 372 4104 conditioni,
387 4030 581 4112 quibuscum
602 4030 778 4110 pugnabat,
793 4028 931 4110 ejusque
950 4031 1103 4112 loquendi
1126 4050 1200 4110 pro·

70 4132 294 4214 prietatibus,
318 4134 458 4198 maxime
479 4132 534 4196 uhi
566 4131 605 4196 de
627 4131 786 4214 mysteriis
811 4133 980 4212 agebatur,
1015 4131 1199 4197 nullatenus

72 4233 116 4300 dc
131 4251 205 4300 sua
228 4231 290 4296 tide
305 4233 455 4300 dubitare
478 4237 778 4312 praesumpserunt,
794 4249 832 4296 ac
854 4231 958 4296 multu
981 4236 1084 4297 minus
1099 4233 1127 4296 ci
1144 4252 1200 4298 cr-
