3028 4942
362 345 423 414 tob

366 469 437 513 men
458 453 570 530 siquae
591 469 656 514 nox
680 452 803 516 animos
825 453 948 517 minore
970 459 1056 516 metu
1079 451 1201 515 hostilis
1223 451 1382 516 concdssit
1408 469 1451 514 es·

362 551 449 630 cidii3
464 560 496 614 et
511 551 609 614 breve
629 551 742 616 saltem
764 553 1081 617 lucubrandi-otium
1096 553 1195 626 dedit,
1211 556 1303 634 qnasi
1326 553 1364 614 ad
1384 551 1452 614 sola·

363 671 435 715 men
450 653 625 728 melorum,
646 654 866 735 levandaeque
883 655 1148 735 peregrinationis
1164 657 1278 733 gratia,
1295 669 1452 734 quaecun-

363 755 472 834 quein
497 753 705 818 Nemeorum
726 754 825 819 Libro
838 757 906 818 sire
921 756 1105 820 homiletico
1121 757 1208 830 stilo,
1224 759 1292 820 sive
1315 757 1406 818 etiam
1420 771 1452 814 er

363 855 698 936 discumberemus
718 857 936 938 appellantur,
961 859 1079 937 scripta
1103 861 1296 937 reperimus,
1318 859 1451 934 hacope

362 969 516 1036 rurgento
533 970 575 1035 tc,
592 975 737 1030 romans,
755 967 792 1022 ut
812 960 989 1038 potuimus,
1016 977 1092 1023 voce
1107 978 1149 1023 ex
1164 960 1300 1022 diversis
1313 960 1346 1020 iu
1368 975 1451 1020 unum

360 1045 505 1120 ordinem
527 1059 664 1122 collecta
685 1047 894 1138 digessimus:
918 1067 948 1123 te
968 1078 1101 1140 quoque
1122 1059 1191 1142 ipso
1214 1062 1245 1121 in
1265 1057 1452 1140 quampluri·

362 1160 420 1222 mis
438 1159 584 1240 iurante,
607 1159 740 1236 Ursaci,
763 1169 908 1224 nostrum
930 1161 1098 1238 laborem,
1121 1163 1198 1226 dom
1220 1163 1311 1224 nimis
1333 1158 1452 1238 cupidus

362 1262 492 1340 pueruli
509 1265 624 1327 notarii
642 1263 770 1326 tardum
785 1269 879 1342 putas
899 1262 1122 1326 ministerium.
1142 1264 1231 1328 Scire
1248 1272 1352 1324 tamen
1367 1269 1395 1322 te
1409 1275 1451 1318 ro·

359 1361 407 1434 lo,
431 1361 556 1437 irater,
577 1362 664 1444 quod
686 1364 766 1426 baec
786 1364 883 1426 lectio
907 1365 971 1426 vias
993 1365 1123 1444 quidem
1143 1364 1269 1444 aperiat
1290 1363 1451 1440 iutelligen·

362 1464 437 1538 tiae,
461 1483 524 1527 non
546 1473 651 1528 tamen
671 1465 855 1545 singillatim
877 1476 991 1528 concta
1014 1484 1098 1546 quse
1119 1467 1238 1545 scripta
1261 1471 1348 1538 sunt,
1370 1463 1452 1534 disse

361 1572 433 1638 rat,
457 1573 494 1628 nt
515 1566 546 1627 in
568 1563 830 1645 Explicotinnnm
850 1567 941 1630 libris
961 1567 1065 1646 legisti
1077 1586 1089 1646 3
1122 1585 1188 1646 quo
1221 1566 1344 1628 scilicet
1364 1565 1453 1625 lector

361 1683 423 1728 noo
445 1666 601 1730 reddatur
621 1669 755 1743 otiosus,
773 1668 827 1730 sed
850 1677 971 1748 pungat
991 1685 1179 1740 corsuum,
1201 1667 1287 1730 sicut
1305 1666 1449 1743 scriptun

360 1776 429 1844 est,
451 1778 483 1830 et
504 1768 662 1849 producat
682 1787 809 1832 sensum
822 1789 834 1848 3
860 1779 892 1834 et
912 1771 1024 1833 audito
1047 1771 1146 1830 verbo
1168 1769 1263 1842 bono,
1284 1774 1321 1829 nt
1340 1765 1448 1845 sapiens
1500 1769 1501 1836 ἴ

360 1869 490 1951 adjiciat
511 1870 551 1932 sd
574 1870 666 1933 illud.
685 1869 788 1951 igitur
802 1880 838 1934 ut
859 1889 1001 1952 possum,
1016 1870 1282 1952 quoeinjunxisti
1304 1868 1450 1946 explicare
1500 1905 1501 1934 t

359 1971 527 2034 contendo.
546 1970 612 2034 inm
633 1974 717 2036 cuim
739 1991 781 2036 ex
796 1974 955 2049 omnibus,
978 1991 1065 2053 quae.
1083 1974 1113 2036 in
1130 1970 1213 2054 Lege
1234 1972 1352 2051 scripta
1373 1987 1448 2048 reps-
1499 1939 1501 2026 l

357 2072 398 2147 ri,
420 2073 523 2147 solae,
550 2079 586 2135 ut
607 2083 699 2153 puto,
720 2072 757 2136 in
778 2071 1053 2136 Denseronomtnm
1074 2073 1191 2140 desunt
1217 2069 1448 2138 prestruentes

358 2173 485 2253 quassi
509 2171 664 2235 Dominus
682 2172 817 2253 juverit,
840 2183 872 2236 et
892 2175 1059 2236 sanitatem
1081 2173 1205 2236 dederit
1225 2173 1353 2247 oculis,
1374 2173 1447 2248 cupi·
1500 2189 1501 2208 ³

361 2293 432 2337 mus
453 2273 582 2352 reliquo
611 2276 741 2354 corpori
762 2277 909 2338 sociare:
941 2275 1088 2355 quanrvis
1115 2276 1349 2342 amantissimus
1379 2273 1448 2334 titius

357 2383 467 2438 noster
490 2373 662 2462 Pinianus,
684 2373 779 2455 cnjus
801 2376 988 2456 religiosum
1009 2384 1138 2438 coctum
1161 2393 1220 2456 pro
1241 2393 1353 2438 amore
1373 2372 1448 2455 pudi-

357 2476 451 2538 citise
472 2474 646 2554 profugum
662 2479 867 2550 comitamur,
891 2477 1035 2556 injungat
1049 2484 1081 2538 et
1093 2475 1167 2548 alio.
1189 2474 1249 2538 Sed
1265 2485 1357 2540 orate
1374 2490 1446 2538 con·

356 2579 510 2648 munitet,
523 2583 560 2640 ut
574 2577 656 2639 adsit
672 2573 838 2652 Dominus,
855 2585 887 2640 st
903 2578 1100 2656 temporibus
1115 2594 1225 2656 pacem
1243 2577 1375 2652 tribuat,
1390 2589 1447 2654 prr·

358 2679 435 2740 tium
456 2677 678 2742 laborantibus
699 2676 807 2754 donet,
835 2687 867 2742 et
889 2677 1031 2744 tructam
1053 2679 1161 2757 operis
1182 2681 1283 2742 nostri
1304 2680 1336 2742 in
1357 2675 1447 2759 proie-

357 2790 446 2842 otum
467 2780 641 2860 legentium
663 2787 838 2859 promat.»

435 2881 516 2944 Cum
533 2881 592 2942 hae
605 2881 705 2960 igitur
724 2880 851 2944 litterae
871 2882 1038 2963 scriptaea
1055 2879 1186 2946 numne
1200 2883 1263 2945 sint
1274 2889 1346 2960 post
1359 2897 1446 2944 recen
1498 2927 1499 2968 ι

355 2999 428 3043 sum
442 2979 482 3042 ab
495 2979 628 3044 Oriente
642 2981 673 3044 in
689 2982 827 3057 italiam,
842 2984 909 3046 sire
925 2992 996 3062 post
1008 2983 1222 3046 barbarorum
1236 2984 1445 3063 irruptionem,

353 3080 419 3161 ism
435 3083 503 3160 ipso
521 3091 625 3146 aetate
648 3092 815 3163 provecto,
833 3085 931 3164 paulo
945 3093 1020 3148 onte
1039 3083 1162 3149 obitum
1183 3101 1292 3158 snum,
1316 3082 1446 3147 omnibns

357 3182 585 3246 animadversis
605 3185 852 3247 circumstantiis
875 3185 917 3246 ibi
942 3185 1113 3264 expressis,
1130 3183 1226 3248 facile
1250 3183 1443 3264 comprober

355 3283 455 3356 ditur,
471 3300 568 3362 quam
590 3283 731 3346 maxime
756 3283 966 3348 dubitandum
990 3301 1059 3348 esse
1084 3285 1124 3348 de
1148 3285 1198 3358 iis,
1223 3283 1279 3363 qni
1305 3284 1334 3346 ei
1353 3279 1446 3345 inscri-
1496 3293 1498 3370 t

356 3383 479 3445 buntur
506 3401 647 3447 errores.
674 3383 706 3448 Si
730 3385 814 3447 cutm
830 3377 948 3448 llu'ffini
973 3401 1100 3458 nomeu,
1124 3401 1248 3464 suaque
1273 3384 1356 3446 inmo
1385 3380 1444 3443 tois·

353 3495 423 3546 sent
438 3485 608 3548 haereseos
629 3492 717 3560 uota,
731 3493 789 3548 ant
806 3484 922 3549 dubiae
937 3484 1009 3548 fidei
1024 3485 1209 3550 obscurata:
1227 3501 1290 3548 uon
1311 3493 1372 3547 tana
1386 3483 1442 3542 liu·

355 3586 427 3662 pido
448 3603 505 3647 uec
527 3581 692 3660 Ursacius,
715 3602 773 3648 nec
794 3583 967 3660 Pinianus,
990 3601 1049 3648 uec
1071 3585 1303 3649 monachorum
1325 3592 1441 3656 coetus,
1496 3627 1497 3662 3

357 3686 551 3766 quibuscum
588 3687 799 3760 versabatur,
831 3687 888 3748 tali
921 3687 1102 3750 reverentia
1132 3704 1171 3748 ac
1200 3687 1409 3750 aestimatione
1426 3683 1444 3740 i·

355 3805 446 3864 psum
469 3789 630 3864 prosecuti
654 3787 788 3852 tuissent
799 3807 811 3868 3
833 3805 893 3852 nec
913 3788 1062 3852 eumdem
1076 3775 1303 3851 sollicitassent
1322 3787 1359 3850 nd
1378 3781 1442 3847 scri·

357 3889 518 3965 bendum,
540 3890 608 3953 sire
629 3889 776 3971 Origenis
796 3891 1003 3969 exponendos
1034 3889 1149 3953 libros:
1172 3906 1191 3952 a
1212 3891 1331 3970 quibus
1350 3899 1442 3951 omncs

357 4005 391 4050 se
411 3989 605 4054 collecturos
620 3990 790 4070 sperabant
805 3989 987 4070 proiectum
1003 3991 1034 4054 in
1048 3992 1200 4071 pietatem
1218 3998 1251 4054 et
1269 3988 1381 4056 Christi
1399 3983 1442 4044 do

356 4089 504 4150 ctrinam,
