3186 4946
324 361 365 434 id

783 457 922 530 cuiun
946 458 982 524 V.

324 666 356 732 S.
376 663 546 745 Pamphili
567 664 718 743 martyris
738 675 766 728 at
789 662 917 728 Eusedii
940 661 1100 744 Pamphili
1112 660 1250 746 episcopi
1272 659 1442 729 Caesareas

361 769 575 849 repudiantur
595 778 623 830 et
643 765 854 831 vindicantur
874 765 1074 848 amplissima
1093 763 1272 840 testimonio
1285 784 1345 851 pro
1362 762 1441 831 Ort·

363 869 452 952 persia
470 871 541 950 fide,
563 869 677 950 pietate
697 880 725 932 et
746 867 904 945 doctriua,
925 867 1037 952 quibus
1057 867 1093 934 t'a
1113 867 1256 934 Ecclesia
1278 867 1335 935 Det'
1344 885 1442 950 prae·

361 973 454 1054 [alsit
470 992 527 1054 par
547 991 634 1036 omae
655 991 730 1036 saue
753 970 835 1036 uitae
855 982 984 1052 tempus.

327 1215 409 1344 Sed
430 1278 569 1344 ulterius
591 1279 750 1359 progressi
771 1276 924 1344 historiae
945 1276 1091 1342 ordinem
1115 1275 1217 1344 secuti
1239 1275 1279 1340 do
1299 1274 1337 1338 iis
1349 1317 1360 1350 ,
1380 1274 1440 1353 qni

322 1380 471 1460 Oripeuis
483 1379 632 1460 dogmata
647 1379 885 1457 expenderunt,
898 1381 994 1460 longa
1007 1379 1214 1446 emundantes
1225 1379 1267 1440 ab
1277 1396 1316 1441 eo
1327 1377 1438 1458 spiral-

325 1486 410 1546 mata
432 1481 593 1546 immerito
615 1480 674 1561 ipsi
694 1480 868 1562 adscripta,
890 1482 922 1544 iu
936 1480 1077 1546 alterurn
1094 1479 1263 1544 incidimus
1279 1479 1364 1543 band
1377 1480 1439 1547 mi·

324 1581 412 1648 nuris
432 1579 636 1645 auctoritatis
659 1590 727 1644 tnm
748 1581 790 1646 ob
812 1583 995 1662 prolectam
1016 1583 1049 1644 iu
1068 1581 1208 1646 scientiis
1223 1581 1349 1656 divinis,
1366 1587 1438 1648 tum

325 1683 368 1748 ob
389 1682 531 1748 studium
553 1684 585 1746 iu
606 1681 725 1748 Christi
747 1687 875 1750 uomina
898 1678 998 1748 verbu
1015 1693 1047 1750 et
1062 1702 1160 1763 opere
1177 1681 1375 1746 vindicando.
1394 1679 1440 1746 Et

323 1785 376 1850 bic
397 1791 445 1848 est
468 1783 655 1866 Pamphilus
678 1795 814 1867 martyr,
831 1785 887 1865 qni
904 1805 966 1850 una
985 1805 1059 1852 curn
1075 1784 1216 1850 Eusebio
1230 1799 1441 1863 summopere

324 1902 385 1966 pro
407 1885 599 1950 adamantio
619 1885 814 1962 elaboravit,
836 1887 1105 1954 invalescentibus
1126 1887 1222 1952 etism
1238 1893 1310 1964 pust
1326 1883 1442 1950 Deme·

325 1987 377 2052 taii
400 1985 503 2054 iatum
525 1988 762 2052 malevolorum
784 1988 1085 2056 obtrectationibus.
1108 1988 1139 2054 Si
1155 1989 1240 2052 enim
1256 1989 1299 2068 pii
1316 1997 1349 2052 et
1363 2005 1442 2067 pru·

326 2085 390 2151 vidi
411 2087 552 2167 episcopi
573 2097 606 2152 at
627 2087 758 2163 lidelas,
778 2090 923 2154 sincerae
944 2088 1110 2177 doctrinae
1130 2088 1279 2168 Origanis
1299 2089 1442 2164 conscii,

323 2187 489 2252 abluerint
508 2187 549 2250 ab
569 2190 827 2255 accusationibus
837 2209 848 2268 3
864 2207 1069 2271 nequaquam
1088 2199 1234 2267 sarmul
1254 2191 1320 2270 ipsc
1340 2207 1442 2270 saepe

323 2291 489 2370 queritur,
511 2290 665 2354 baeretici
688 2291 842 2371 (qnorum
864 2292 993 2358 occultu
1018 2311 1137 2356 venena
1154 2293 1331 2368 revelabat)
1347 2292 1444 2371 qnie-

327 2397 467 2472 reauut3
489 2409 530 2454 ux
551 2409 618 2471 quo
639 2393 865 2469 indesinenter,
888 2402 921 2458 et
944 2393 1063 2472 ubique
1085 2393 1157 2470 sibi,
1180 2391 1260 2469 Dee,
1283 2401 1316 2456 nt
1337 2395 1444 2460 boati·

327 2492 421 2556 nibne
443 2493 578 2568 mentiti,
599 2511 674 2558 sues
695 2493 857 2560 doctrinas
880 2494 1058 2568 latrabant,
1081 2493 1244 2568 tollendo,
1260 2493 1445 2574 adjiciendo

326 2599 360 2656 at
374 2593 415 2654 ad
438 2592 577 2657 lubitum
599 2597 805 2658 commentati
821 2596 852 2657 ia
866 2595 1028 2668 omnibns,
1044 2614 1129 2676 quae
1145 2596 1272 2660 haeresi
1287 2596 1446 2676 propriae

326 2691 598 2773 suffragarentur,
620 2705 679 2760 aut
697 2696 786 2762 illins
808 2698 924 2760 lamam
946 2696 1159 2777 deturparunt
1173 2714 1283 2762 coram
1307 2695 1449 2762 catholi-

329 2795 384 2858 cis.
409 2793 449 2857 Et
471 2793 552 2858 illud
574 2813 650 2862 sane
672 2795 807 2861 illerum
829 2795 988 2870 studium,
1010 2796 1073 2860 boc
1093 2813 1176 2874 opas
1198 2812 1446 2878 perversorum.

408 2890 534 2960 interea
554 2898 708 2986 audiatur
728 2914 793 2976 qua
815 2897 940 2962 rationu
960 2915 985 2962 s.
1011 2895 1139 2979 Mastya
1164 2897 1371 2963 Conlessurea
1392 2897 1446 2962 al·

326 2997 476 3075 loquitur
496 2997 535 3058 ad
560 2996 689 3060 metalla
714 2994 915 3060 Palaestinae
939 2997 1130 3065 dannatus:
1155 2995 1276 3062 «Nlbil
1298 2999 1445 3075 mirum.

329 3097 444 3176 iuquit,
468 3096 596 3171 iratres,
622 3097 770 3161 videmini
788 3097 864 3159 mibi
877 3117 946 3162 esse
961 3099 1115 3178 perpessi,
1132 3098 1220 3179 qnod
1233 3099 1276 3160 ita
1295 3116 1349 3160 ros
1364 3096 1445 3160 Ori·

327 3197 414 3276 panis
435 3196 632 3276 subterfugit
653 3198 849 3273 intellectus,
872 3207 910 3261 ut
932 3216 988 3262 ros
1008 3217 1141 3280 quoqne
1160 3216 1197 3261 aa
1213 3199 1384 3262 aestimetis
1399 3197 1445 3262 da

329 3297 400 3374 illu,
423 3316 508 3378 quae
529 3309 561 3361 et
581 3299 635 3360 alii
658 3299 826 3362 nonnulli:
850 3299 907 3379 qui
927 3299 996 3362 sive
1014 3317 1073 3378 per
1089 3299 1280 3379 imperitiam
1296 3300 1359 3372 sui,
1376 3315 1447 3378 qua

329 3417 391 3462 nun
416 3401 522 3462 valent
541 3419 653 3462 sensus
672 3399 742 3480 ejus
764 3400 967 3462 altitudinem
988 3400 1156 3478 contueri3
1185 3399 1253 3462 sire
1283 3403 1446 3479 pravitate

330 3501 456 3574 ruentis,
478 3518 541 3580 qna
564 3501 708 3563 studium
731 3509 849 3580 gerant
869 3517 932 3563 uun
952 3499 1060 3564 sulum
1081 3500 1165 3562 dicta
1187 3499 1258 3581 ejus
1282 3502 1449 3577 incusare,

331 3621 444 3666 vorum
466 3602 562 3665 etiam
583 3601 739 3665 adversus
761 3621 828 3676 eos,
852 3601 908 3681 qul
932 3601 1011 3666 baec
1031 3601 1165 3680 legunt,
1189 3600 1320 3664 bustilea
1342 3603 1449 3663 iuimi-

327 3703 418 3766 citias
438 3720 581 3776 sumere,
605 3710 669 3764 tam
693 3705 900 3781 pertinaciter
922 3702 951 3763 id
974 3711 1116 3781 agentes,
1146 3708 1183 3762 ut
1203 3701 1293 3764 nulla
1309 3718 1449 3781 prorsus

329 3804 419 3865 venia
441 3821 496 3865 eos
517 3803 627 3881 dignus
644 3802 756 3866 baberi
772 3810 885 3881 putent
899 3811 960 3866 otc.
978 3821 995 3859 ιι
1013 3800 1134 3866 Deinde
1147 3809 1328 3864 scrutatum
1345 3804 1450 3866 iniens

328 3905 476 3980 origenis
496 3906 616 3984 scripta
636 3904 767 3968 subdit:
794 3901 893 3970 «Nus
910 3913 1014 3968 tamen
1030 3905 1243 3984 perspicimus
1256 3902 1451 3984 frequentur

328 4023 379 4080 aa,
402 4021 486 4083 quae
507 4003 547 4065 ab
568 4005 638 4083 ipso
659 4022 733 4068 cum
757 4021 871 4082 magno
893 4003 1009 4066 timore
1032 4001 1101 4078 liei,
1125 4012 1253 4068 etcum
1275 4005 1361 4066 omui
1384 4006 1449 4068 bu·

329 4105 465 4167 militate
481 4104 658 4181 dicuutur;
680 4123 755 4168 cnm
786 4105 910 4168 reniam
934 4105 1013 4183 patit
1038 4119 1097 4183 pro
1119 4103 1191 4178 bis,
1212 4121 1297 4183 qnae
1320 4122 1377 4184 per
1398 4107 1450 4167 ui·

329 4206 424 4268 miarn
446 4207 675 4270 discussionem
697 4212 728 4270 et
750 4222 809 4285 per
833 4204 970 4268 multam
1001 4201 1246 4284 seripturarum
1273 4207 1452 4270 scrutatio·
