3138 4950
122 507 174 584 dit,
196 517 233 577 nt
262 512 413 590 apstriis
443 511 597 584 insiliutis
618 511 658 576 sd
685 509 853 584 christum
875 529 985 582 omnes
1016 515 1231 590 converterit,

123 611 234 688 neilus
255 619 289 675 et
311 609 470 694 Deiparac
493 611 650 693 templum
672 612 863 678 aedificarit.
879 633 895 672 n
914 614 954 680 Et
968 617 1000 679 in
1013 632 1042 680 c.
1066 612 1123 678 lll.
1140 614 1230 678 addi·

121 713 174 774 dit:
193 734 210 772 a
228 712 262 776 le
279 711 410 780 Cidnma
428 716 573 780 nantum
593 716 712 791 mauri,
723 716 792 797 inm
808 716 880 782 inde
901 718 981 783 olim
996 717 1136 784 murenis
1158 735 1233 782 coa·

120 814 219 895 juncti
238 814 391 881 iecdcre:
422 819 479 896 qui
500 833 611 882 omnes
631 814 806 882 lastiniani
821 819 951 899 angusti
970 820 1122 884 suasione
1135 816 1230 882 iidem

123 915 323 980 christianam
339 918 482 998 amplexi
504 923 581 982 sual
594 925 719 996 sponte.
735 938 752 976 s
767 916 810 982 Et
824 917 905 982 baec
926 919 1032 984 emnia
1047 922 1079 992 ie
1094 917 1193 984 Libro
1208 917 1233 981 l.

123 1033 148 1076 c.
170 1013 211 1078 ll.
235 1018 420 1081 summatim
443 1018 656 1098 praemiserat
678 1019 844 1098 taeniam:
859 1041 875 1081 a
892 1018 981 1084 idem
1001 1018 1111 1086 stadio
1131 1018 1232 1086 dtrtnt

125 1117 232 1184 cultas
253 1119 442 1200 inexplebili
464 1122 594 1196 ardens,
607 1121 672 1184 alia
693 1121 760 1186 dne
775 1121 978 1188 xenedochia
1000 1120 1078 1186 ltnic
1098 1119 1235 1186 advorte

121 1216 260 1282 condidit
280 1220 312 1283 in
333 1219 467 1285 nedibus
490 1219 605 1286 isidori
635 1228 668 1286 et
689 1221 832 1298 Arcadii,
856 1238 938 1302 neas
963 1221 1151 1302 appellant3
1174 1221 1233 1302 piis

121 1320 204 1384 bisce
224 1321 378 1399 oporibus
410 1323 531 1386 aeciam
554 1320 726 1386 Theodora
756 1329 897 1404 augusta
917 1329 1055 1388 naraute
1086 1337 1232 1404 operam.

121 1417 234 1484 Cetera
258 1436 337 1484 rere
358 1422 479 1500 temple
501 1420 632 1488 Glaristo
654 1422 757 1502 pastta
778 1439 796 1486 a
819 1429 930 1488 eostre
950 1420 1099 1503 Principe
1122 1428 1170 1486 tot
1197 1438 1237 1486 nc

122 1525 204 1584 tanta
226 1530 313 1596 eunt,
337 1527 373 1586 ut
393 1523 580 1603 singillatim
604 1524 764 1588 recenseri
788 1531 960 1604 nequeant.
991 1521 1075 1589 Nam
1096 1540 1156 1588 nec
1176 1539 1236 1604 par
1260 1597 1264 1606 Ι

122 1624 229 1686 oratio
250 1622 341 1686 nobis
361 1631 526 1704 suppetat,
550 1641 656 1705 enque
677 1625 791 1690 aetatis
812 1631 1116 1706 quantumcumque
1138 1623 1239 1690 inerit

120 1725 261 1804 spatium
282 1725 359 1789 satis
381 1731 488 1804 pateat
511 1724 650 1789 texendo
672 1727 905 1810 recitandeqtte
925 1726 1076 1808 estatem
1095 1726 1239 1808 singule·

123 1843 246 1890 rem.»

202 1924 434 2003 Nihilominus,
450 1935 483 1992 ct
503 1931 576 2008 peis
597 1929 775 1994 crederet?
789 1936 861 2011 post
884 1935 931 1995 int
951 1929 1070 1996 eximio
1085 1927 1241 1994 lastinia-

122 2027 153 2090 ni
175 2026 258 2090 iacta
289 2029 321 2090 iu
341 2028 468 2109 imperii
501 2029 823 2096 administrationes
852 2029 1061 2096 Pontificibus
1088 2027 1243 2096 llemsnix

121 2136 154 2192 et
174 2127 214 2192 nb
235 2131 304 2210 ipse
327 2127 488 2212 Procopio
502 2131 727 2212 comprobata,
750 2131 803 2196 lnic
824 2131 972 2212 ultimus,
999 2133 1050 2196 rel
1070 2131 1157 2198 allas
1178 2131 1240 2198 snb

120 2227 267 2309 ejusdem
289 2231 429 2306 nemina,
452 2231 548 2294 aliter
569 2233 697 2310 penitas
718 2231 750 2295 iu
773 2229 921 2296 Historia
952 2232 1085 2298 Arcana
1108 2248 1240 2313 reprae-

120 2337 226 2396 sentat
247 2327 494 2412 Imperatorem:
513 2329 578 2408 Qar‘
592 2350 656 2396 nen
676 2341 801 2398 mam
822 2330 1045 2414 rempublicam
1060 2346 1240 2410 remanare,

119 2434 174 2496 sed
193 2432 295 2496 erdem
314 2441 473 2496 terraram
484 2432 612 2512 penitus
633 2435 755 2500 avertit:
771 2431 830 2514 pai
849 2441 1003 2516 tanquam
1020 2432 1133 2496 :coslo
1153 2429 1245 2496 nmt'r·

118 2555 158 2598 sa
174 2532 329 2616 pernicies
347 2552 414 2598 rem
444 2553 610 2600 romanam
630 2535 855 2617 labefactavit:
892 2535 948 2600 snb
968 2553 1030 2616 pne
1060 2533 1245 2600 occinentem

120 2656 135 2698 c
150 2636 216 2699 mis
229 2635 353 2700 ssdidas
366 2636 551 2700 maeetsam
566 2643 610 2698 art
624 2633 792 2716 imperinm
806 2651 975 2698 romanam
989 2657 997 2698 :
1022 2635 1079 2715 qai
1098 2649 1243 2700 romono·

119 2756 193 2802 ram
206 2738 355 2817 faeditas
367 2738 475 2802 :nertii
489 2735 724 2818 rempublicam:
737 2736 795 2818 poi
810 2735 986 2802 Theodorus
1000 2753 1096 2818 opera
1109 2754 1186 2802 asra
1201 2742 1247 2800 est

118 2841 164 2904 ad
189 2823 363 2920 perdendas
389 2840 538 2919 papales,
559 2847 588 2900 st
607 2840 651 2902 ad
679 2837 871 2920 reipublicae
889 2836 1069 2910 interitum.
1103 2837 1146 2903 Et
1167 2837 1248 2902 baec

121 2943 230 3006 omnis
252 2941 413 3008 conclusit
442 2941 474 3004 ie
499 2959 527 3004 c.
562 2937 634 3036 xil.
671 2940 727 3004 nbi
761 2946 941 3021 atramque
973 2938 1192 3008 lastinianum
1215 2945 1249 3004 et

120 3041 328 3108 Theodoram
362 3041 555 3122 turpissimis
583 3041 794 3122 notandisque
821 3044 905 3107 netis
928 3048 1031 3116 taxat,
1054 3041 1163 3106 elabi
1186 3041 1247 3105 bn·

116 3145 263 3228 J'esmodi
287 3145 434 3211 insolenti
454 3161 605 3208 sermone
628 3144 783 3223 irrumpit
805 3141 998 3208 Historicus.

217 3269 232 3308 a
255 3245 487 3324 Quamobrem,
509 3247 566 3320 ait,
590 3253 622 3308 et
643 3245 721 3308 mibi
741 3251 775 3308 et
796 3245 857 3308 mei
887 3243 1008 3308 ordinis
1030 3244 1196 3324 plerisque
1217 3241 1249 3305 hi

128 3367 295 3430 nunquam
312 3349 456 3412 homines
472 3347 529 3410 risi
551 3351 638 3422 sunt,
660 3345 715 3408 sed
741 3346 912 3427 pemiciesi
934 3345 1119 3422 daemones,
1148 3351 1248 3426 atque

128 3449 277 3516 incestae
299 3448 464 3512 bominum
487 3453 604 3527 pestes,
626 3447 683 3526 qui
705 3448 928 3510 incommune
951 3445 1186 3521 consuluerint,
1209 3451 1247 3509 nt

129 3551 300 3618 bominem
322 3549 479 3626 nationes,
502 3557 600 3628 atque
622 3549 748 3626 negotia
771 3547 866 3612 incile
888 3547 1019 3628 citoque
1039 3545 1202 3628 perditum
1224 3549 1249 3609 i·

125 3662 222 3716 rent:
246 3668 352 3731 eoque
373 3649 529 3714 humanas
551 3649 653 3712 induti
677 3648 810 3724 intutas,
833 3650 926 3728 quasi
947 3647 1176 3712 semihomines
1198 3645 1248 3709 lu·

128 3755 214 3828 riae,
230 3755 275 3817 sic
291 3753 466 3816 universim
484 3759 647 3814 terrarum
664 3749 778 3814 erbam
797 3748 1029 3814 convulserint.
1046 3747 1082 3811 ld
1097 3753 1129 3812 et
1143 3746 1248 3810 aliun·

121 3858 166 3918 de
182 3853 419 3934 conjicerem,
436 3859 468 3915 et
481 3849 642 3916 scelerum
662 3851 881 3929 immanitate:
898 3867 962 3931 qus
979 3848 1076 3930 longe
1094 3847 1252 3911 mettam-

121 3973 193 4035 one
213 3961 368 4034 superant
382 3952 554 4016 daemones
576 3950 767 4016 mortalium
787 3957 933 4016 cenatus.
949 3947 1033 4014 Nam
1058 3947 1154 4012 multi
1174 3946 1252 4011 licet

123 4054 294 4136 prioribus
314 4053 434 4118 seculis
454 4051 622 4117 extiterint
643 4053 800 4129 homines,
825 4052 877 4118 rel
898 4057 1029 4126 natura,
1053 4049 1104 4114 tel
1126 4053 1246 4112 orente

123 4156 364 4231 formidabiles,
392 4156 450 4235 eui
472 4153 582 4230 urbes,
606 4154 801 4234 provincias,
836 4152 1076 4233 nonnullasque
1098 4149 1251 4232 reginum

124 4257 431 4338 pessumdederint:
466 4255 576 4322 nullas
603 4265 707 4322 tamen
732 4257 853 4334 otiati,
887 4253 1031 4320 ineditos
1066 4253 1254 4318 immanem
