3066 4950
340 353 404 426 252

343 449 478 526 cinerei
498 457 593 538 Gom,
608 468 647 528 ut
667 479 752 528 nnnc
774 459 1028 527 manifestissima
1048 459 1265 542 paractetum
1280 455 1425 539 Capitate

342 575 416 625 rum
437 560 622 628 detonsorcs
649 564 717 643 iam
739 562 907 645 perierint,
930 570 963 627 ct
982 579 1046 626 una
1068 579 1143 625 cnm
1168 561 1216 624 his
1235 560 1291 622 itta
1311 575 1426 639 quoquc

344 663 440 742 periit
460 664 594 728 ecelesia
622 673 830 744 praesumpta
860 664 1048 728 orthodoxa
1068 663 1131 727 snb
1150 679 1266 726 eorum
1294 659 1427 740 auspiciis

344 772 530 832 constructa
552 760 708 830 adversus
729 767 823 840 hanc,
838 783 936 847 quarn
951 763 1100 831 Christus
1123 761 1219 828 Petro
1239 769 1271 826 et
1284 775 1429 824 succeso-

343 864 434 928 ribus
460 866 559 944 iltius,
577 867 608 930 tn
628 866 746 949 quibus
760 865 892 949 vigilio,
917 867 1054 933 eredidit
1075 863 1430 948 gubernandamque

347 963 386 1032 ati
406 967 509 1034 seculi
535 967 842 1034 consummationem
871 969 1079 1046 duraturam,
1100 967 1286 1047 magutmm
1308 959 1431 1026 renuis

344 1069 378 1134 io
397 1071 540 1134 omnium
564 1071 734 1136 haeresum
755 1067 1035 1150 extirpationem?

427 1169 649 1254 Quapropter,
670 1173 726 1254 qui
748 1170 912 1238 Romanos
929 1170 1100 1236 Pontifices
1120 1168 1194 1234 idei
1213 1167 1433 1250 praevaricato

347 1291 414 1351 ros,
433 1275 489 1355 qut
511 1275 666 1338 antistites
687 1291 797 1339 omnes
827 1273 1004 1338 catholicos
1031 1271 1176 1339 Concilio
1202 1267 1431 1339 subscribentes,

343 1376 545 1450 severianos,
560 1373 746 1454 acephalos,
760 1374 992 1451 schismaticos,
1008 1391 1073 1438 uuo
1090 1373 1190 1436 verbo
1205 1371 1380 1436 ocentiam
1391 1382 1434 1445 ap-

307 1506 316 1518 ·
347 1473 524 1556 peltarum,
537 1475 593 1556 qni
612 1475 700 1552 tolia,
715 1479 859 1556 inquam,
873 1476 953 1540 ialsa
967 1475 1124 1539 attenua
1140 1475 1309 1537 reriutem
1323 1467 1434 1550 iniquis·

346 1577 427 1642 aimo
449 1577 554 1641 testati
575 1584 662 1652 sunt,
684 1577 813 1642 eosdem
832 1579 931 1643 liceat
950 1585 1066 1658 putare
1094 1575 1169 1640 iiius
1188 1573 1380 1657 compegisse
1396 1569 1435 1632 it·

350 1676 421 1742 tiles
446 1683 480 1742 ot
505 1673 677 1759 injuriosas
699 1679 920 1744 enarrationes
934 1677 974 1742 tio
999 1675 1118 1757 vigilio
1134 1674 1218 1756 Papa
1239 1667 1433 1738 tetrartum

350 1779 449 1843 trium
465 1777 692 1860 Cupituiornm
712 1779 930 1858 commones
950 1779 1172 1845 enarrationes
1193 1777 1286 1843 brevi
1305 1789 1433 1840 wrmonc

350 1879 531 1944 onotutavit
550 1889 642 1946 sexta
663 1879 810 1967 synodus
830 1882 1039 1946 oecumenica
1061 1881 1093 1942 in
1115 1877 1251 1943 Actione
1272 1871 1386 1940 xviii.
1403 1869 1433 1934 at

350 1975 593 2044 Constantinum
616 1979 815 2061 Pogonatum
835 1979 993 2056 allocuta,
1016 1979 1071 2044 ubi
1092 1976 1359 2058 praecedentibus
1377 1987 1435 2035 oon

352 2077 435 2142 uitiis
458 2080 667 2156 enumeratis,
689 2080 730 2144 tio
750 2078 880 2167 Synodo
908 2080 1020 2162 quinta
1042 2079 1106 2142 aits
1123 2097 1140 2138 n
1155 2075 1246 2143 Sicut
1266 2085 1301 2140 ct
1321 2071 1436 2153 vtgtttu

351 2187 423 2260 post
446 2180 524 2244 haec
545 2181 727 2246 iustiniauo
748 2183 890 2262 piissimo
910 2181 1102 2247 consonuit:
1126 2188 1159 2245 et
1173 2179 1325 2262 quintum
1345 2170 1436 2240 Gonni·

352 2277 434 2347 iionn
456 2282 666 2350 constitutum
687 2290 749 2363 est,
765 2292 802 2349 ut
821 2300 938 2348 eorum
958 2283 1130 2363 opuscula,
1145 2297 1231 2361 quae
1249 2278 1384 2343 latenter
1399 2289 1437 2335 re

353 2389 445 2459 porta
466 2389 554 2456 sunt,
571 2383 694 2465 repieta
714 2383 964 2458 abominatione,
988 2381 1349 2447 anathematiaamntur.
1364 2368 1438 2434 »Vr

355 2482 508 2546 canutum
529 2486 696 2550 consonuit
714 2503 841 2551 omnem
863 2485 981 2564 abripit
1002 2503 1020 2548 a
1042 2481 1161 2564 Vipitin
1182 2482 1345 2547 notionem
1364 2478 1439 2540 inatt-

354 2581 499 2661 ottttatts,
515 2585 789 2662 contradictionis,
805 2586 989 2662 violentiae,
1004 2595 1036 2648 et
1052 2585 1200 2667 periurii,
1216 2583 1257 2648 tie
1276 2581 1389 2663 quibus
1405 2575 1439 2636 in·

357 2693 493 2748 cusator
522 2687 562 2748 ab
583 2687 716 2753 iliorum
737 2687 965 2769 Capitulorurn
994 2687 1240 2766 defensoribus3
1269 2702 1310 2750 ac
1328 2674 1438 2748 cnuoii

355 2801 464 2850 sermo
479 2786 654 2854 universim
670 2787 788 2854 tnttcat
801 2788 900 2870 ipsius
914 2787 1019 2869 vigilii
1033 2797 1066 2852 et
1079 2790 1308 2868 episcoporum
1319 2779 1438 2848 stotiuu

356 2884 388 2948 in
409 2888 714 2954 anathematizandis
730 2907 794 2955 uua
814 2908 890 2956 cum
908 2891 982 2964 ibae
1004 2890 1156 2969 inscripta
1172 2883 1318 2967 Epistola
1337 2880 1373 2945 ad
1388 2875 1440 2944 iit·

358 2988 421 3052 rim
443 2991 566 3056 cunctis
587 2987 751 3059 Theodori
770 2992 987 3075 mopsuesteni
1008 2991 1136 3075 scriptis
1156 2988 1388 3056 abominatione
1404 2995 1441 3046 rc·

360 3089 466 3172 pletis.
1329 3141 1335 3158 .

440 3192 500 3264 son
516 3196 593 3276 quid
606 3197 714 3266 adhue
730 3197 950 3264 desideramus
966 3203 1061 3264 testea
1076 3195 1282 3260 iaisatiooum
1296 3174 1439 3274 synerii·

363 3298 396 3360 et
409 3297 649 3363 calumniarum
669 3299 701 3362 in
721 3297 988 3380 Vigiiium'iiam
1009 3299 1051 3360 ab
1072 3315 1155 3362 anno
1175 3288 1247 3360 680.
1264 3307 1366 3368 nuper
1381 3285 1440 3348 citt

364 3403 394 3459 ta
409 3406 502 3462 sexta
522 3401 730 3466 oecumenica
745 3399 1089 3481 constantinopolitana
1103 3399 1135 3462 in
1150 3395 1286 3461 tenone
1299 3385 1380 3458 xtv.
1392 3383 1441 3450 cli·

365 3499 465 3562 mavit
484 3500 642 3566 adversus
662 3503 847 3585 apocrypha
869 3503 987 3581 scripta
1006 3498 1141 3564 uernae
1162 3504 1195 3562 et
1208 3493 1326 3578 vigilio
1343 3500 1442 3556 ounct·

365 3607 452 3681 pata,
475 3619 513 3666 ca
533 3603 825 3669 anathematizans.
842 3625 859 3664 a
874 3602 1066 3674 trasenna,
1090 3599 1205 3682 innuit,
1227 3598 1325 3672 tibro,
1344 3589 1392 3673 qui
1407 3582 1441 3698 i}

365 3701 453 3766 citur
473 3701 611 3769 Menoec
629 3704 670 3768 ad
693 3703 860 3787 vigilium,
881 3713 913 3768 et
932 3704 990 3786 qui
1011 3720 1087 3768 eum
1109 3700 1286 3772 tinxerunt,
1305 3696 1368 3760 cicc
1382 3699 1442 3796 “ns

367 3810 520 3882 pserunt:
543 3805 714 3870 anathemo
746 3804 878 3884 libeliis,
908 3805 965 3885 qui
986 3802 1142 3868 dicuntur
1162 3801 1238 3864 iacti
1261 3797 1386 3862 inisset
1404 3781 1443 3846 Vt·

366 3905 444 3988 gilio
464 3905 504 3969 ad
518 3904 737 3972 Justtntanum
758 3914 791 3974 et
810 3904 1015 3972 Theodoram
1030 3905 1125 3968 dirae
1145 3901 1340 3978 memoriae3
1358 3885 1442 3974 qatet

323 3997 333 4010 ’
365 4019 443 4078 suot
466 4011 539 4077 tatst
559 4010 787 4078 demonstrati:
815 4009 985 4075 anathema
1003 4007 1104 4074 simul
1121 4003 1284 4080 omnibus,
1303 3999 1354 4078 oui
1372 3989 1442 4058 taus

370 4121 489 4180 rerunt
510 4111 591 4179 nou
612 4114 712 4181 sancti
734 4119 766 4178 et
787 4111 980 4180 universatis
1001 4109 1105 4192 quinti
1125 4105 1262 4176 Gouoiiii
1281 4110 1368 4169 otc.»
