3042 4940
298 503 462 568 consentu
490 504 699 570 oecumenico
727 503 845 570 tactam
871 503 1001 571 essedo
1027 501 1176 585 Ortpsnts
1199 500 1408 578 dsusmtlooc,

296 603 481 670 adstruitur
503 622 637 688 quoque
660 607 702 672 sb
721 608 857 688 epistota
889 607 1010 688 Pelagii
1035 605 1141 688 Papae
1168 604 1208 669 ll.
1239 606 1282 668 sd
1307 603 1410 670 lstriss

298 708 478 788 episcopos,
493 712 550 790 qui
570 709 777 774 subscribere
796 717 978 776 renuerunt
992 709 1187 773 damnationi
1209 708 1313 771 tuuns
1328 705 1411 784 (ispi

299 807 460 884 talorum,
482 818 515 872 et
535 811 608 874 hiuc
629 809 792 876 Theodori
824 812 1040 891 mopsuesteni
1069 812 1208 892 (quippe
1229 816 1327 873 nutes
1348 806 1411 870 lau·

295 908 393 974 dctus
414 909 523 974 lucrat
542 929 561 974 a
582 911 776 992 quibusdam
798 913 953 978 eccleciae
974 912 1063 992 siris)
1094 914 1258 988 instantes,
1281 909 1413 974 authu·

295 1027 359 1074 uus
377 1021 538 1076 mortuum
557 1013 596 1077 ob
615 1011 795 1078 bominibus
813 1013 965 1078 domnori
982 1023 1132 1097 opertere.
1156 1013 1218 1080 Cui
1242 1011 1412 1077 sententiae

194 1180 201 1196 ,
296 1113 492 1195 respondeus
509 1113 659 1196 Pelagius
672 1119 733 1193 sit,
754 1114 820 1198 jaus
836 1124 929 1180 autes
945 1113 1154 1180 Theodorum
1169 1113 1269 1179 luisse
1289 1112 1413 1176 damus·

298 1221 367 1279 tum
379 1235 391 1294 3
415 1215 616 1297 proindeque
638 1217 759 1282 trustra
780 1219 866 1299 ipsos
886 1215 1016 1299 Spuodo
1032 1213 1070 1280 V.
1092 1216 1323 1282 oecumenicae
1344 1214 1414 1277 resi·

297 1321 397 1393 stere,
418 1317 505 1397 quod
528 1319 697 1382 anathema
719 1319 750 1381 iu
771 1320 878 1400 ipsum
898 1318 1098 1383 instaurarit.
1122 1316 1164 1381 Et
1184 1315 1293 1380 sllstis
1314 1313 1414 1378 causis
1510 1311 1511 1366 ἔ

298 1419 482 1498 praecipuis
502 1421 572 1484 sire
594 1419 812 1500 blasphemiis,
829 1420 915 1483 uude
932 1419 1010 1502 jure
1030 1418 1180 1495 ostendit,
1196 1417 1298 1482 luisse
1318 1413 1416 1478 tneo
1510 1469 1511 1502 ,

297 1518 419 1584 dorum
441 1519 481 1582 ab
496 1517 640 1585 Ecclesia
662 1523 850 1603 expulsum,
865 1522 960 1587 sicuti
984 1522 1045 1584 tris
1060 1519 1210 1600 Capituls
1225 1519 1325 1584 simut
1346 1533 1416 1583 eun

298 1621 368 1700 ipso
388 1619 557 1701 damosts3
579 1624 684 1703 pergit
698 1621 848 1703 Pelagius
869 1623 988 1688 lustaus
1009 1622 1094 1688 circs
1114 1621 1295 1704 jnrtdicom
1317 1616 1417 1684 Theo·

298 1719 371 1786 dori
390 1723 559 1786 austhems
582 1730 654 1802 post
674 1732 825 1800 mortem,
848 1724 989 1805 ideoque
1009 1724 1176 1805 appellans
1197 1721 1237 1786 ad
1254 1719 1417 1786 Ecclesiae

300 1824 517 1905 traditionem3
530 1825 585 1890 ubi
600 1827 805 1890 convincitur
819 1835 852 1891 et
865 1826 947 1890 slios
963 1827 1142 1900 haereticos
1155 1824 1253 1890 luisse
1268 1831 1344 1905 post
1356 1821 1418 1887 obi·

299 1935 370 1991 tuat
392 1926 594 1990 anathemate
609 1929 708 1992 ictos:
723 1923 838 2005 «Quid
852 1930 964 2009 iisque
986 1928 1031 1992 ait
1050 1945 1080 1990 u.
1094 1924 1146 1992 21.
1161 1925 1280 2001 obetst,
1296 1928 1325 1990 si
1345 1923 1432 1988 dun·

230 2111 233 2122 Ι
297 2029 338 2094 de
357 2028 429 2111 ejus
449 2047 564 2096 erroro
585 2029 752 2094 occultum
773 2030 882 2096 adhuc
903 2038 935 2094 et
955 2029 1088 2094 dubium
1113 2029 1189 2105 tuit,
1211 2028 1252 2090 sb
1275 2043 1343 2090 nno
1365 2025 1418 2088 Ps-

302 2139 353 2194 tre
373 2129 528 2194 laudatus
549 2139 618 2195 ests
635 2139 667 2196 ot
680 2133 898 2206 innotescente
918 2138 991 2212 post
1010 2129 1158 2212 pertidia,
1175 2145 1256 2209 pene
1276 2128 1418 2192 ornatusn

300 2243 493 2311 magnorum
524 2229 658 2297 Petrum
689 2232 864 2309 sententiis,
888 2233 980 2298 reiut
1008 2231 1155 2295 imsusuie
1185 2231 1299 2308 bestia,
1329 2228 1415 2311 qussi
1510 2313 1511 2322 ἵ

300 2331 578 2396 crebresceutibus
596 2331 715 2412 jsoulis
730 2333 900 2398 cooioasus
921 2330 998 2398 esti
1019 2332 1070 2397 dn
1091 2349 1153 2395 ooo
1169 2340 1201 2395 et
1215 2330 1353 2395 nistoss
1369 2330 1418 2394 bu·

300 2431 349 2496 uis
369 2432 544 2513 aliquando
565 2433 715 2499 laudatos
736 2437 900 2512 novimus,
921 2451 981 2498 uec
1003 2443 1108 2497 tumen
1129 2433 1249 2496 eisdem
1271 2431 1417 2496 laudibus
1510 2459 1511 2494 i

300 2532 474 2599 defensos?
495 2533 581 2612 Quid
611 2553 751 2616 namque
772 2538 804 2600 in
826 2535 1059 2602 haeresiarchis
1089 2534 1231 2615 Origene
1250 2531 1418 2599 desertus?
1510 2571 1511 2576 κ

301 2633 345 2700 Et
363 2635 441 2716 quid
463 2637 495 2699 iu
516 2636 781 2719 historiographis
803 2640 940 2702 inveniet
958 2637 1100 2701 Eusebio
1122 2635 1349 2700 honorabilius
1369 2653 1419 2716 po·
1510 2699 1511 2724 ᾖ

302 2735 393 2804 testi
410 2737 451 2802 tu
472 2739 546 2818 spuis
561 2745 709 2802 nostrum
730 2740 894 2804 nescistio
917 2739 1010 2803 libris
1030 2736 1237 2818 suisqasntis
1250 2735 1418 2818 Origcucn
1510 2815 1511 2820 ἵ

300 2836 464 2906 Eusebius
485 2841 664 2919 praeconiis
685 2840 845 2906 attollat?
866 2858 884 2899 s

380 2939 532 3007 Attamen
544 2942 702 3025 quosdam
721 2945 825 3008 sentio
846 2963 888 3008 ex
910 2942 1050 3007 sdversu
1066 2946 1187 3005 stantes
1208 2948 1334 3018 tenere,
1356 2956 1416 3004 ma
1510 2981 1511 2988 κ

303 3040 350 3123 pis
363 3042 404 3106 ab
419 3043 603 3127 hujusmodi
627 3044 747 3126 Pelagii
768 3045 859 3110 dictls
874 3043 1059 3109 coudrsnsri
1075 3061 1172 3125 quarn
1188 3042 1335 3124 excludi,
1349 3059 1417 3106 sus·
1510 3039 1511 3100 i

305 3143 412 3208 therua
433 3143 466 3208 in
486 3141 660 3225 Oripeuern
680 3145 787 3210 tatum
802 3163 821 3209 a
835 3145 966 3231 Spuodo
981 3143 1019 3208 V.
1036 3144 1108 3210 lieo
1122 3151 1232 3207 sutem
1253 3161 1318 3208 nou
1340 3141 1419 3206 ride·
1510 3187 1511 3212 i

305 3253 361 3310 tur
380 3244 594 3310 iniciendum.
611 3245 746 3328 Saepius
767 3247 851 3312 enim
866 3253 899 3312 et
914 3249 951 3310 iu
973 3248 1034 3310 hsc
1048 3246 1184 3327 epistola
1204 3253 1239 3310 et
1252 3247 1284 3310 io
1299 3244 1416 3310 dnsbus
1510 3231 1511 3266 l

303 3344 569 3425 praecedentibus
590 3348 630 3412 de
651 3348 712 3414 hac
734 3347 864 3433 Spoodo
887 3356 1042 3425 tractsus,
1072 3347 1189 3410 nullibi
1209 3345 1335 3410 iudicat
1348 3363 1417 3410 esu·
1510 3359 1511 3420 5

303 3462 374 3510 snm
397 3452 431 3510 et
451 3445 687 3513 damnationem
707 3447 855 3530 Oripeuis
876 3456 1056 3513 couwrtam
1078 3447 1178 3511 tuisse
1192 3447 1370 3528 quaestioni
1388 3450 1417 3507 st
1510 3439 1511 3472 ¹

303 3547 498 3612 anathemati
527 3549 624 3614 trium
646 3550 887 3632 capitulorum.
914 3547 1011 3627 Quod
1034 3566 1112 3611 vero
1132 3548 1165 3610 iu
1185 3547 1251 3612 dne
1271 3545 1416 3629 epistolae

304 3648 406 3724 addit,
427 3650 466 3714 ad
489 3651 639 3732 exemplu
660 3667 834 3718 recurrens
856 3659 1018 3726 soterum,
1041 3657 1078 3715 ut
1097 3650 1259 3726 ostendat,
1281 3647 1415 3732 quondo·

306 3766 372 3830 spuo
393 3750 585 3830 haereticos,
610 3755 642 3816 iu
662 3753 781 3834 quibus
802 3753 989 3834 origenem,
1010 3752 1042 3814 io
1063 3751 1127 3816 rita
1140 3751 1293 3816 laudatos
1313 3750 1414 3820 inisse,

305 3866 364 3914 nec
384 3850 427 3916 ob
448 3853 510 3918 hoc
530 3854 661 3935 probari
684 3853 845 3932 defensus,
877 3868 1083 3934 nequaquam
1106 3852 1169 3916 hoc
1188 3849 1350 3916 coustituit
1367 3863 1415 3909 ss·

305 3959 494 4031 pumomum
514 3972 533 4017 a
554 3954 683 4040 Spuodo
709 3953 747 4020 V.
769 3956 955 4020 demortuus
976 3973 1051 4019 esse
1075 3950 1272 4035 Oripeoemc
1293 3949 1343 4016 sed
1363 3963 1415 4028 po

304 4053 370 4117 tius
392 4053 478 4118 hunc
493 4055 639 4120 excludit
659 4057 755 4121 sicuti
771 4064 909 4136 ceteros,
933 4074 1015 4137 quos
1036 4054 1273 4133 inexemplum
1293 4048 1414 4116 adducit

304 4151 461 4220 adsersus
482 4151 595 4219 Istriae
617 4155 800 4238 episcopos,
823 4164 861 4222 ut
881 4162 1014 4234 statuat,
1031 4154 1212 4220 haereticos
1232 4151 1416 4235 quandoque

302 4251 432 4322 luissea
452 4252 601 4322 Patribus
615 4257 809 4336 celebrntos,
826 4257 885 4324 etsi
903 4257 946 4322 ob
960 4258 1040 4323 haec
1066 4253 1213 4322 encomia
1228 4271 1288 4323 uon
1302 4247 1414 4318 tuerint
