3186 4946
124 522 162 581 et
183 513 282 580 laisas
300 515 512 582 locutiones?
532 514 681 592 Quarum
702 489 972 580 adstruendarum
1001 532 1098 582 consa
1128 532 1191 579 uon
1200 411 1243 580 651

127 617 288 681 defuisset
315 637 357 682 ex
387 619 538 698 pluribus
572 617 710 693 erratis,
737 616 777 679 dc
804 616 922 696 quibus
953 623 1128 681 accusatur
1159 616 1245 679 Ada-

132 719 286 792 mantius,
311 719 471 798 quiedam
488 717 543 781 nti·
556 715 615 780 sibi
638 715 858 778 convenientia
874 717 1067 793 testimonis,
1082 718 1196 790 citare,
1219 707 1246 780 si

132 819 225 882 istius
239 821 366 882 codices
390 820 517 900 genuini
535 820 609 882 talia
632 819 661 880 ei
680 818 910 897 praestitissent
932 817 1143 882 fulcimenta?
1161 817 1243 884 lliuo

130 919 393 983 concludendam
411 937 525 982 rursus
540 928 588 982 est
603 926 670 980 tam
692 937 734 980 ex
754 916 908 992 Eusebio,
926 925 995 980 tum
1010 936 1051 981 cx
1071 920 1141 998 ipso
1157 916 1246 980 blar-

133 1019 225 1082 ccllo
244 1021 442 1093 sabelliano,
465 1021 624 1082 librorum
645 1019 792 1099 Origcuis
813 1020 1028 1100 exemplaria,
1051 1027 1084 1083 et
1104 1021 1245 1084 maximo

128 1131 219 1194 quae
242 1113 285 1178 ue
306 1113 485 1196 Principiis
506 1115 733 1190 vomebantur,
752 1131 816 1177 nou
837 1132 873 1176 aa
892 1130 991 1194 prava
1008 1115 1155 1194 dogmata
1171 1131 1246 1176 cou-

135 1219 258 1292 tirero,
280 1234 364 1297 quae
385 1218 416 1279 in
438 1216 601 1300 codicibus
621 1215 735 1278 deiude
750 1213 919 1295 Theophili
933 1224 965 1278 ct
979 1211 1167 1297 Hieronymi
1189 1211 1249 1277 ial-

133 1317 200 1382 laci
222 1318 348 1382 calamo
370 1319 582 1398 interpolatis,
605 1317 805 1397 legebantur.

218 1420 296 1484 Post
317 1420 408 1494 haec,
431 1421 532 1500 posita
557 1417 687 1483 Eusehii
719 1418 917 1483 confessione
947 1437 1022 1500 erga
1055 1420 1135 1485 lesu
1155 1419 1250 1486 Chri·

132 1522 176 1588 sti
191 1522 406 1597 divinitatem,
421 1521 557 1604 ejusque
571 1538 646 1584 cum
658 1519 753 1584 Putre
768 1521 1144 1602 consubstantialitatem
1156 1541 1247 1588 oum-

139 1642 205 1704 que
224 1624 259 1684 in
279 1623 378 1704 hujus
399 1623 604 1687 contessioois
626 1623 843 1686 testimoninm
863 1630 970 1704 pateat
991 1624 1183 1701 contemtio,
1205 1623 1247 1687 ab

141 1743 182 1788 co
202 1733 336 1800 exacta,
357 1725 474 1805 impiae
497 1723 643 1788 Marcelli
667 1723 853 1798 doctrinae,
880 1725 1036 1788 neminem
1059 1724 1130 1788 lore
1150 1731 1246 1806 puto,

140 1827 200 1905 qui
221 1824 400 1890 Eusebium
414 1827 532 1889 audeat
552 1826 728 1905 principem
744 1843 861 1888 vocare
881 1827 1079 1888 arianorum.
1098 1825 1147 1890 Aa
1160 1828 1245 1890 insu·
1293 1846 1302 1868 ·

137 1946 216 2009 per,
236 1929 302 1992 huo
322 1927 508 2008 quaestione
530 1928 697 2008 principali
726 1933 877 1991 revocata
899 1927 939 1989 de
960 1925 1109 2006 Origenis
1130 1926 1251 1991 doctri·

137 2045 193 2104 ua,
211 2046 311 2108 quam
333 2037 500 2109 tantopere
516 2029 689 2111 vindicavit
708 2027 882 2104 Eusebius,
897 2029 1087 2109 praesertim
1107 2031 1250 2110 iuspecto

137 2128 308 2193 Trinitatis
328 2131 502 2213 mysterio,
515 2133 547 2194 in
568 2148 635 2210 quo
658 2138 798 2212 uterque
812 2141 845 2194 ot
865 2130 1020 2211 Origenes
1035 2137 1067 2194 et
1090 2130 1249 2196 Eusebius

134 2235 332 2296 incusantur
351 2234 391 2295 ab
414 2231 627 2316 Hieronymo,
642 2233 815 2297 admodum
838 2231 1033 2312 proiecimus
1053 2233 1083 2294 in
1105 2233 1251 2312 proposi·

137 2343 226 2411 tum,
241 2335 284 2396 ita
300 2342 337 2399 ut
357 2334 489 2420 patelini
510 2337 681 2415 utriusque
694 2333 736 2396 de
756 2352 795 2397 eo
816 2333 985 2398 concordia
1008 2337 1040 2398 iu
1055 2333 1116 2397 lide
1137 2336 1250 2399 ortbo·

136 2437 241 2510 doxa,
263 2453 302 2500 ao
321 2453 384 2499 una
407 2435 668 2500 adversariorum
690 2435 810 2499 illusio.

222 2537 325 2603 Nimis
345 2539 428 2602 enim
444 2547 568 2619 aperto,
590 2539 685 2602 sicuti
706 2539 868 2617 praemisi,
891 2557 1000 2602 eoram
1018 2540 1166 2604 omnibus
1186 2548 1251 2606 stat

139 2639 276 2705 Eusebii
300 2639 457 2720 Pamphili
472 2639 617 2703 doctrina
639 2638 678 2700 de
702 2635 798 2702 Verbi
814 2639 978 2702 divinitate
993 2641 1248 2704 tat-consubstan-

138 2742 299 2822 tialitate;
330 2743 411 2806 adeo
432 2751 485 2817 ut,
507 2743 533 2804 si
561 2741 757 2821 quaudoque
785 2741 825 2802 ab
854 2741 945 2804 initio
966 2741 1181 2818 dubitaverit,
1205 2743 1247 2805 oh

137 2843 297 2926 quasdam
319 2861 444 2918 causas,
467 2845 514 2906 uti
536 2843 680 2921 latorum
701 2844 733 2903 in
755 2851 919 2922 posterum
941 2844 1163 2919 nihilominus,
1185 2846 1250 2909 dis·

136 2946 252 3026 sipaiis
265 2943 382 3020 dubiis,
401 2944 474 3007 fidei
493 2946 644 3007 nicaenae
664 2943 902 3023 subscripserit,
920 2963 958 3007 ac
978 2947 1010 3008 in
1031 2963 1068 3008 ea
1090 2955 1249 3026 perpetuo

140 3047 309 3110 manserit.
331 3045 546 3126 Nequaquam
568 3063 646 3108 vero
667 3045 784 3125 aliquis
806 3055 910 3124 putet,
932 3044 1109 3110 Eusebium
1130 3051 1250 3129 aprin-

138 3148 229 3228 cipio
250 3147 327 3211 buin
346 3147 488 3227 dogmati
510 3148 681 3222 restitisse,
703 3148 799 3226 quasi
816 3145 971 3225 Origenes
990 3165 1070 3210 suae
1090 3149 1248 3227 sullraga-

140 3257 240 3311 retur
262 3247 414 3338 illusioni.
437 3245 509 3310 lloo
523 3256 631 3310 autem
653 3247 684 3308 in
699 3247 845 3308 omnibus
864 3245 1067 3310 falsissimum
1082 3256 1141 3310 est.
1167 3250 1251 3312 Ada-

139 3347 253 3411 mantii
267 3348 350 3410 euim
370 3347 447 3412 tides
469 3349 508 3412 de
522 3347 602 3412 lesu
623 3348 788 3409 divinitate
810 3346 945 3429 eiusque
959 3367 1036 3411 cum
1060 3347 1154 3413 Patre
1175 3369 1250 3414 cou-

140 3450 425 3524 substantialitate,
441 3450 535 3514 sicuti
550 3450 589 3513 de
610 3447 777 3524 Trinitate,
795 3450 917 3530 ubique
938 3450 1049 3529 lulget.
1071 3447 1161 3514 Unde
1174 3451 1251 3532 jura

139 3552 316 3616 tenendum
330 3559 414 3615 esset
435 3548 625 3625 Eusebium,
639 3550 680 3613 ab
696 3551 879 3613 orthodoxa
894 3551 1041 3631 Origeuis
1057 3551 1118 3614 lide
1133 3552 1172 3615 de
1189 3553 1250 3616 hoo

139 3653 298 3734 mysterio
311 3653 379 3716 sire
394 3652 435 3716 de
450 3649 548 3716 Verbi
565 3652 906 3729 consubstantialitate,
926 3653 1051 3716 lucilius
1067 3661 1097 3715 et
1111 3653 1252 3717 alacrius

139 3755 371 3834 subscripsisse
384 3753 513 3839 Synodo
533 3753 697 3830 nicaenae,
719 3755 761 3818 ob
781 3755 892 3818 oculos
908 3756 1108 3835 potissimum
1132 3753 1249 3816 baben·

141 3863 224 3932 tem,
246 3873 332 3936 quac
350 3874 376 3920 s.
394 3853 582 3937 Pamphilus
601 3857 729 3938 scripsit
748 3857 781 3919 in
800 3855 944 3938 ejusdcm
958 3845 1108 3937 Origcois
1129 3855 1252 3937 Apolo-

139 3957 262 4037 getico.

225 4053 310 4120 ilino
339 4057 525 4122 summatim
547 4057 733 4122 instauratis
752 4059 923 4140 bucusque
947 4057 1097 4122 discussis
1121 4055 1161 4120 do
1187 4056 1252 4121 Eu·

136 4157 222 4222 sebit
245 4157 308 4223 lide
327 4159 414 4224 circa
437 4157 555 4226 Christi
576 4159 774 4224 divinitatem
796 4161 870 4224 hino
891 4159 963 4223 inde
984 4177 1001 4222 e
1022 4161 1089 4223 suis
1122 4158 1249 4238 scriptis

136 4257 260 4336 erutb,
270 4258 562 4426 mielmffim
574 4261 694 4342 ipsum,
705 4277 803 4341 quam
819 4260 958 4324 maxime
971 4259 1092 4323 instare
1106 4275 1167 4420 pio
1182 4273 1252 4322 sen·

290 4375 331 4422 0,
412 4406 419 4423 ⁸
460 4391 463 4398 ,
