3042 4940
333 471 439 552 posito
457 465 657 550 suffragatur
679 468 896 535 testimonium
918 466 1123 550 praeclaram
1137 464 1298 532 Eustachii
1318 465 1427 550 preshy-

335 557 398 635 ¹teri
420 572 450 633 in
474 573 537 635 rita
558 589 584 634 a.
608 567 760 655 Eutychii
790 573 995 653 patriarchae
1016 570 1357 652 constantinopolitani,
1381 569 1425 647 qui

336 675 420 739 lntar
434 675 591 754 primores
612 672 732 757 Syuedl
756 671 795 737 V.
810 675 954 740 emicuit.
979 672 1009 737 ls
1031 691 1130 754 perro
1152 671 1338 737 Eastuthius
1358 670 1429 733 iani·

335 775 424 841 liaris
445 773 589 856 ejusdcm
611 773 686 850 tuit,
708 771 909 857 proindeque
932 774 1019 838 tastis
1040 775 1072 837 ia
1086 771 1215 858 Spoode
1236 778 1400 851 gesimam.

414 873 524 956 lnquit
537 875 639 938 caim:
654 874 775 940 «Scitis
790 893 847 939 sas
861 892 972 939 omnes
988 875 1048 937 siri
1062 875 1197 938 studiosi
1210 881 1354 938 sanctum
1367 871 1432 936 uu
1504 909 1505 944 ,

334 975 447 1044 cilium
470 974 507 1038 V.
531 977 562 1040 iu
583 976 643 1040 hac
665 977 753 1056 rapis
774 975 905 1040 civitate
937 976 1036 1041 inisse
1055 976 1269 1050 celebratum,
1301 979 1431 1054 reparata
1504 963 1505 998 ¹

334 1078 412 1144 dira
432 1076 614 1142 Iustiniana
643 1079 858 1156 imperitaret
892 1082 949 1158 qui
971 1077 1171 1144 Christianae
1192 1075 1364 1157 Religionis
1380 1081 1434 1138 stu·

335 1181 533 1246 dimissimus
548 1178 622 1254 init,
638 1186 671 1243 at
687 1179 950 1260 diligentissimus
966 1181 998 1244 in
1015 1177 1246 1260 congregantia
1259 1177 1372 1242 sanctis
1383 1174 1434 1254 cpi·

335 1281 462 1363 scopis,
483 1281 540 1363 eui
563 1278 624 1343 tria
651 1281 708 1344 itta
730 1278 881 1363 Capitale
905 1281 1139 1363 diiudicarent,
1161 1280 1242 1344 idest
1261 1273 1435 1342 Theodorei

335 1383 463 1464 Scripta
478 1389 590 1446 contra
606 1381 778 1448 duodecim
793 1383 934 1464 capitula
948 1401 974 1446 s.
992 1380 1120 1468 Cyrilli,
1135 1391 1168 1444 ct
1188 1379 1364 1462 Epictetum
1377 1376 1436 1440 lhac

335 1485 377 1550 ad
399 1483 517 1550 Marim
534 1481 664 1548 Persam
685 1485 913 1564 conscriptam,
929 1493 963 1550 et
977 1481 1141 1548 Theodori
1156 1480 1371 1562 hiepsucstiaa
1386 1477 1438 1556 cpi·

104 1569 109 1580 ’
191 1635 194 1642 -
336 1587 427 1670 scopi
444 1587 592 1671 judaicas
622 1605 724 1669 nugas
744 1595 777 1652 ct
798 1587 980 1652 maledicta.
1014 1585 1108 1665 Quae
1128 1583 1258 1666 quidem
1292 1582 1437 1662 diligenter
1504 1659 1505 1680 ἢ

337 1688 509 1771 explorata
530 1696 563 1752 at
573 1687 661 1769 insta
682 1687 876 1769 improbata,
893 1689 1076 1770 meritaque
1095 1685 1244 1752 damnata
1259 1682 1392 1748 luerunt
1404 1677 1436 1742 ah
1504 1705 1505 1712 κ

338 1793 409 1873 ipso
429 1794 540 1853 sancto
561 1788 771 1854 oecumenico
791 1787 982 1856 Caecilio.»

419 1889 506 1956 Huic
536 1890 718 1956 testimonio
743 1890 897 1956 subditur
920 1889 1094 1971 Exemplar
1119 1882 1357 1970 Sutirsactioar'r
1374 1885 1440 1947 intar

340 1991 463 2079 Cyrum
492 1991 710 2057 Alexandriae
738 1992 937 2074 episcopam,
968 2000 1002 2056 ct
1021 2011 1077 2056 aas
1105 1991 1163 2072 qui
1192 1997 1287 2054 eraut
1307 2006 1349 2051 es
1366 1989 1439 2066 parta

340 2093 641 2171 theodosianarum,
655 2093 795 2158 dictatae
808 2110 906 2157 anuos
921 2095 1053 2159 circiter
1065 2092 1301 2175 qutaqnsptnaa
1314 2107 1369 2153 sax
1383 2091 1440 2148 ants

341 2195 507 2279 Spuodum
530 2193 585 2260 Vi.
608 2195 764 2259 adsersus
785 2195 1023 2260 monothelitas.
1045 2193 1091 2258 lbi
1112 2194 1197 2258 euim
1219 2197 1399 2255 recensetur
1415 2183 1441 2244 i·

340 2294 396 2360 des
416 2297 562 2378 quinqua
591 2294 809 2380 synodorum,
842 2307 876 2362 at
895 2313 1032 2360 canones
1061 2297 1287 2360 instaurantur
1307 2291 1439 2356 adsersus

341 2398 523 2462 haereticos
545 2398 577 2462 ia
592 2397 714 2464 eisdem
735 2405 952 2479 nuncupatos,
968 2416 1110 2478 quoram
1130 2404 1268 2462 octavus
1291 2395 1334 2458 its
1353 2409 1384 2455 sc
1401 2388 1442 2450 ht·

342 2497 420 2563 het:
437 2521 454 2560 s
469 2497 576 2578 Siquis
602 2516 665 2562 nou
688 2499 939 2564 anathematizat
960 2498 1090 2576 Arium,
1120 2497 1334 2571 Eunomium,
1355 2490 1440 2558 ttscs

343 2600 489 2677 deuiam,
506 2600 744 2681 Apollinarium
757 2601 948 2678 haereticos,
961 2599 1163 2676 Nestorium,
1179 2599 1352 2682 Eutychen
1364 2592 1443 2664 dand-

343 2722 446 2796 νυμον
465 2721 525 2768 aec
547 2703 789 2778 nominabilem,
809 2712 842 2768 et
862 2701 985 2787 Cyrum
1006 2714 1039 2768 et
1059 2702 1217 2767 loannem
1238 2699 1443 2782 hagenhe&

346 2825 469 2883 omncs,
491 2803 548 2884 qui
569 2823 778 2886 quocumque
810 2805 906 2869 modo
927 2806 1198 2872 contradixerant
1221 2802 1388 2869 duedecim
1404 2813 1442 2860 ca·

346 2906 458 2989 pilulis
479 2906 667 2970 sanctissimi
700 2903 827 2988 cyrilti,
850 2915 883 2972 et
903 2908 1130 2990 poenitentiam
1143 2923 1215 2986 aaa
1237 2896 1441 2987 sperauerat

345 3010 378 3074 ia
399 3009 461 3072 hoc
481 3024 595 3070 errore
617 3008 737 3071 mortui
759 3015 853 3088 sunt;
875 3013 908 3072 et
928 3011 1052 3091 quiana
1072 3009 1188 3074 similia
1206 3008 1253 3072 cis
1273 3006 1441 3089 sapuerunt·

346 3115 406 3176 aut
419 3109 560 3188 sapiant,
576 3109 747 3172 anathema
761 3111 812 3172 sit.
828 3129 845 3168 a
861 3108 983 3174 Deinde
997 3113 1029 3174 ia
1043 3129 1165 3176 canone
1179 3107 1237 3176 tx.
1254 3130 1271 3170 r
1285 3107 1387 3195 Sionis
1398 3115 1445 3164 aad

348 3212 598 3278 anathematizat
609 3209 733 3292 Scripta
750 3209 949 3288 Theodoriti,
963 3231 1113 3295 quaeqae
1127 3222 1202 3278 sunt
1216 3219 1331 3278 anatra
1346 3212 1444 3272 urar

350 3314 454 3378 tidem·
468 3323 499 3376 at
512 3320 659 3377 sanctum
681 3309 854 3395 Cyrillnm,
870 3322 903 3378 et
923 3313 1116 3394 Epistolam,
1131 3329 1217 3395 quae
1237 3313 1358 3377 dicitur
1375 3305 1443 3376 lits·

349 3425 382 3482 at
403 3412 613 3478 Theodorum
635 3423 894 3493 mopsuestenum
911 3423 944 3480 et
964 3416 1064 3498 ipsius
1082 3416 1224 3496 scripta,
1246 3422 1280 3479 et
1301 3410 1382 3494 siqui
1398 3419 1446 3470 net

310 3507 315 3517 ’
349 3515 483 3597 suscipit
503 3518 623 3595 scripta
642 3515 742 3579 asueti
765 3513 902 3601 dprittt,
933 3525 968 3581 at
988 3517 1130 3580 maximo
1156 3533 1243 3598 quaa
1261 3521 1338 3580 aunt
1355 3515 1445 3577 cenlrt

350 3615 559 3681 Theodorum
582 3622 614 3679 ct
634 3613 883 3693 theodoritum,
913 3615 1143 3698 Aadrcauaqua
1162 3613 1446 3688 sannuncurt
1504 3633 1505 3702 ζ

352 3721 409 3798 qui
430 3717 546 3780 similia
569 3716 642 3797 ejus
664 3716 802 3782 uniusve
823 3735 938 3784 aarum
959 3727 1130 3786 senscrunt
1149 3719 1203 3785 rel
1220 3719 1372 3792 madunt,
1386 3725 1445 3776 aar·

358 3819 465 3882 thama
486 3819 569 3882 sit.»

434 3915 655 4001 Quapropter,
680 3919 857 3984 amittenda
877 3938 943 4002 qna
965 3923 1092 3988 ratione
1105 3921 1165 3988 hos
1184 3939 1322 3988 cananea
1342 3917 1447 3986 ehad

353 4017 590 4098 Sotisfacts'anr's
611 4019 785 4098 nectores,
801 4023 834 4086 tu
854 4023 974 4088 eisdem
991 4030 1096 4089 tamea
1116 4031 1229 4106 aparte
1244 4025 1290 4103 (et
1310 4038 1397 4087 namo
1413 4017 1448 4080 ia·
1504 4005 1505 4064 Ῡ

355 4119 458 4184 halari
479 4119 609 4200 peterit)
631 4120 840 4199 iuoarautur,
857 4139 942 4204 quaa
961 4131 1033 4189 acta
1053 4130 1130 4190 suut
1143 4126 1175 4190 in
1195 4115 1447 4206 quinquenne

353 4220 406 4286 liis
434 4219 591 4290 strenus
622 4221 803 4290 haereticos
823 4229 858 4292 ct
887 4224 1061 4308 praecipua
1089 4233 1203 4294 contra
1225 4224 1287 4293 tria
1308 4215 1444 4306 caprona
