3186 4946
342 399 384 470 5⁰

419 502 534 586 ltaque
547 522 623 570 curn
643 504 737 570 divus
759 503 887 590 Hurtyr
908 505 990 585 tuni,
1006 507 1055 570 uti
1075 507 1121 570 ait
1138 501 1374 588 Hieronymus,
1388 509 1458 568 ma·
1526 531 1530 534 ·

340 609 461 672 rimam
476 614 602 688 partem
617 604 765 688 origenis
789 607 990 670 voluminum
1012 623 1110 672 manu
1127 625 1187 672 sua
1201 606 1380 688 descripsit)
1394 606 1457 670 lal-

340 725 379 772 ιο
398 708 503 788 mrum
524 708 709 772 criminatos
730 707 888 783 ostendat,
911 713 970 771 out
990 706 1105 772 idiotas
1126 725 1209 782 esse,
1230 725 1290 770 seu
1310 706 1456 782 timidos,

340 815 401 874 aut
420 809 557 885 invidos,
575 810 627 872 vel
647 807 826 872 malevolos
839 809 908 873 sive
930 809 1122 885 haereticos,
1144 809 1221 872 milri
1238 807 1315 872 tanti
1336 809 1402 872 viri
1418 805 1457 870 d-

338 909 403 986 dei,
414 911 588 988 sanctitati,
601 917 634 978 et
645 910 812 975 doctrinae
829 910 924 974 valde
939 929 1116 982 consonum
1132 910 1300 973 videretur
1312 912 1364 988 (ne
1378 926 1454 990 par-

338 1011 420 1074 tium
440 1011 604 1076 studiosus
624 1009 898 1091 redargueretur)
921 1011 1009 1092 quod
1031 1011 1099 1089 ipse
1118 1007 1251 1089 Origeni
1272 1011 1456 1090 exprobra·

338 1129 376 1175 re
399 1110 562 1176 debuisset
583 1113 696 1192 impias
710 1111 894 1188 sententies,
911 1112 1101 1191 praesertim
1116 1112 1147 1174 iu
1169 1109 1273 1174 Libris
1287 1108 1333 1173 De
1355 1109 1456 1175 Prin·

337 1208 447 1290 cipido,
468 1217 501 1276 et
521 1212 642 1276 nedum
661 1211 789 1276 easdem
811 1210 977 1290 designare
1001 1217 1035 1272 ct
1054 1209 1327 1288 animadvertere,
1342 1209 1398 1274 sed
1419 1219 1456 1274 et

338 1310 512 1388 damnare,
533 1311 829 1387 anathematizare,
853 1317 886 1374 et
908 1309 981 1374 bino
1005 1309 1163 1373 lectorem
1183 1309 1225 1374 ab
1249 1310 1296 1374 bie
1318 1309 1455 1374 olicudi-
1589 1325 1590 1338 ¹

338 1412 421 1476 culis
447 1430 575 1476 cavere.
598 1410 673 1478 Nou
693 1412 788 1488 enim,
807 1411 908 1476 veluti
933 1417 1137 1491 perspectum
1158 1417 1225 1484 cst,
1248 1410 1365 1474 modici
1384 1428 1455 1474 mo·

337 1515 438 1581 menti
459 1512 620 1577 habentur
640 1514 840 1592 praesumpti
861 1529 1007 1592 errores3
1030 1518 1134 1577 totum
1155 1513 1242 1575 enirn
1262 1512 1456 1576 convellunt
1589 1505 1590 1522 ³

337 1611 504 1695 Evangelii
521 1613 713 1678 aedificium.
730 1612 799 1678 Nec
821 1611 922 1691 Oeus,
943 1631 1049 1694 neque
1062 1610 1123 1676 Oei
1138 1610 1295 1690 Verbum,
1314 1631 1373 1677 nec
1388 1611 1456 1678 He-

337 1715 493 1796 demptio,
515 1733 574 1779 nec
589 1716 741 1790 mundus,
763 1733 821 1780 nee
843 1716 961 1795 augeli,
977 1732 1035 1778 nee
1050 1707 1235 1792 daemones,
1249 1733 1309 1778 nee
1329 1709 1450 1789 anima,

338 1836 445 1899 neque
464 1817 612 1882 seculum
635 1817 784 1883 futurum
801 1819 833 1880 iu
853 1836 893 1900 eo
914 1816 1027 1880 ordine
1042 1817 1082 1878 ab
1098 1817 1291 1880 adamantio
1306 1803 1453 1882 conside·

337 1927 454 1983 rantur
474 1936 511 1982 ae
532 1917 636 1998 duut;
659 1937 725 1998 quo
747 1918 787 1980 ab
808 1919 877 2000 ipsu
897 1914 980 1994 Ouo,
1003 1917 1154 1982 ineffabili
1176 1917 1348 1997 Sapientia,
1371 1918 1453 1982 deli·

336 2021 403 2083 uita
423 2019 613 2102 suuty'urte
635 2003 774 2100 Spiritus
794 2017 900 2082 Sancti
923 2019 1165 2098 revelationem,
1182 2021 1213 2081 in
1229 2019 1344 2082 divinis
1364 2019 1452 2085 Scri·

336 2122 440 2202 pturis
453 2139 491 2184 ac
505 2121 690 2201 apostolicis
713 2120 938 2184 traditionibus
961 2121 1172 2184 manifestam.
1192 2115 1279 2186 Num
1301 2121 1371 2184 deri
1392 2139 1453 2200 po·

337 2223 450 2297 tuerit,
472 2221 498 2284 si
521 2238 637 2286 resera
658 2239 712 2285 eas
733 2221 947 2300 blasphemias
969 2228 1203 2301 propugnasset
1223 2220 1391 2301 Origenes,
1412 2229 1454 2286 ut

335 2323 423 2386 bunc
444 2322 610 2388 Ecclesiae
632 2323 821 2402 magistrum
843 2318 1060 2401 nuncupasset
1078 2320 1282 2404 Pamphilus,
1304 2340 1451 2387 asserens

335 2425 484 2490 eumdem
507 2429 539 2490 in
561 2423 706 2488 Ecclesia
729 2420 897 2487 Catholiea
917 2423 1072 2496 senuisse,
1095 2440 1205 2485 omnes
1222 2422 1360 2487 coluisse
1383 2424 1453 2487 vir-

336 2529 435 2600 tutes,
457 2524 628 2589 baeresum
651 2530 920 2604 expugnatorem,
944 2540 982 2585 ue
1003 2521 1238 2587 diabolicarum
1260 2541 1452 2589 eversorem

335 2622 639 2688 machinationum?
670 2621 822 2688 Fortasse
844 2623 900 2685 bas
924 2623 1076 2702 transegit
1096 2625 1276 2704 impietates
1298 2623 1452 2703 Pamphi·

335 2725 389 2790 lus
410 2732 468 2788 aut
483 2711 677 2805 ignorantia,
699 2731 756 2787 aut
771 2722 974 2804 negligentia,
991 2724 1058 2786 sive
1079 2723 1122 2785 ob
1137 2725 1266 2786 nimiam
1281 2743 1357 2804 erga
1371 2723 1451 2788 Ori·

335 2844 448 2906 genem
462 2828 676 2890 reverentiam
688 2823 704 2888 'l
716 2823 825 2890 Nolim
841 2831 873 2888 et
887 2824 949 2888 boo
963 2824 1003 2886 ad
1025 2823 1211 2905 paullulum
1226 2827 1383 2907 suspicari
1403 2826 1451 2890 de

304 2989 307 2994 .
335 2925 454 2990 Christi
475 2933 630 3011 martyre.

413 3024 549 3102 Verum,
565 3047 639 3092 eum
660 3034 771 3091 nostra
791 3026 965 3090 admodum
987 3027 1115 3091 intersit
1132 3043 1157 3090 e.
1182 3025 1338 3108 Martyris
1359 3031 1451 3090 testi-

335 3127 478 3191 monium
494 3145 554 3206 pro
567 3126 720 3206 Origene,
738 3128 819 3190 adeo
835 3137 884 3204 ut,
899 3129 925 3191 si
948 3127 1106 3206 Pamphili
1127 3128 1271 3192 studium
1291 3127 1322 3190 in
1343 3131 1450 3192 omui-

334 3227 394 3291 bus
415 3235 447 3291 et
467 3230 573 3308 quoad
597 3229 670 3290 fidei
690 3247 770 3292 suae
792 3233 978 3310 puritatem,
1001 3231 1164 3309 animique
1186 3229 1370 3304 candorem,
1393 3249 1451 3292 re-

335 3345 475 3407 rumque
495 3327 786 3392 ecclesiasticarum
806 3329 954 3410 peritiam
977 3329 1252 3408 comprobandum
1274 3331 1327 3406 sit,
1351 3328 1450 3394 valde

335 3429 428 3492 valde
442 3429 678 3508 profecerimus
696 3431 726 3492 in
740 3429 890 3508 Origcnis
905 3429 1051 3509 apologia
1066 3469 1075 3502 ‚
1093 3428 1169 3506 uolo
1189 3428 1260 3492 ideo
1284 3431 1449 3494 neminem

333 3529 495 3607 ignorare,
518 3526 754 3611 Hieronymum
770 3547 843 3593 cum
866 3527 995 3594 llulliuo
1011 3531 1239 3610 disputantem,
1256 3533 1288 3594 in
1308 3531 1448 3596 dubium

334 3647 505 3694 revocasse
535 3626 784 3710 Apologeticum
817 3650 856 3694 eo
879 3649 982 3711 nsque
1003 3650 1029 3694 s.
1053 3630 1225 3712 Pamphilo
1256 3633 1449 3711 inscriptum

333 3727 389 3810 (et
409 3733 478 3807 ubi,
501 3741 539 3796 ut
561 3730 712 3808 vidimus,
734 3734 774 3796 de
795 3733 944 3797 omnibus
968 3733 1179 3810 triumphavit
1199 3733 1449 3796 insimulationi-

331 3829 393 3894 bus
414 3830 592 3913 Origenes)
626 3842 795 3914 totumque
817 3833 879 3896 boc
909 3851 993 3912 opus
1021 3834 1222 3915 adjudicasse
1245 3835 1385 3900 Eusebio
1410 3847 1449 3900 et

332 3931 464 4012 quidem
487 3935 588 3998 veluti
605 3932 676 3999 drii
690 3936 853 3998 sectatori.
872 3932 984 4010 Quare
1005 3937 1130 4000 omissis
1150 3937 1260 4013 modo,
1281 3955 1364 4018 quae
1387 3956 1449 4015 po-

333 4043 487 4097 stremam
506 4044 652 4116 spectent
673 4036 911 4100 accusationem
927 4037 958 4097 iu
979 4033 1172 4114 Eusebium,
1188 4038 1326 4103 alteram
1347 4039 1449 4102 liceat

331 4134 421 4199 nobis
443 4133 631 4220 Hieronymi
653 4139 836 4218 opinionem
858 4136 1053 4217 expendere.

1589 1671 1590 1688 v

1588 2193 1590 2220 l

1589 2997 1590 3020 l

1588 3059 1590 3086 l
