<?xml version="1.0" encoding="UTF-8"?>
<!DOCTYPE html PUBLIC "-//W3C//DTD XHTML 1.0 Transitional//EN"
    "http://www.w3.org/TR/xhtml1/DTD/xhtml1-transitional.dtd">
<html xmlns="http://www.w3.org/1999/xhtml" xml:lang="en" lang="en">
 <head>
  <title>
</title>
<meta http-equiv="Content-Type" content="text/html;charset=utf-8" />
  <meta name='ocr-system' content='tesseract 3.04.00' />
  <meta name='ocr-capabilities' content='ocr_page ocr_carea ocr_par ocr_line ocrx_word'/>
</head>
<body>
  <div class='ocr_page' id='page_1' title='image "./insgregoriinyss01vincgoog/insgregoriinyss01vincgoog_0783.png"; bbox 0 0 3138 4950; ppageno 0'>
   <div class='ocr_carea' id='block_1_1' title="bbox 347 447 1473 2666">
    <p class='ocr_par' dir='ltr' id='par_1_1' title="bbox 349 447 410 516">
     <span class='ocr_line' id='line_1_1' title="bbox 349 447 410 516; baseline 0 -1"><span class='ocrx_word' id='word_1_1' title='bbox 349 447 410 516; x_wconf 71' lang='lat' dir='ltr'>tus</span> 
     </span>
    </p>

    <p class='ocr_par' dir='ltr' id='par_1_2' title="bbox 347 548 1472 2157">
     <span class='ocr_line' id='line_1_2' title="bbox 347 548 1463 633; baseline 0.001 -20"><span class='ocrx_word' id='word_1_2' title='bbox 347 551 458 632; x_wconf 81' lang='lat' dir='ltr'>philus</span> <span class='ocrx_word' id='word_1_3' title='bbox 480 554 511 614; x_wconf 93' lang='lat' dir='ltr'>et</span> <span class='ocrx_word' id='word_1_4' title='bbox 527 548 686 614; x_wconf 73' lang='lat' dir='ltr'>Eusebius</span> <span class='ocrx_word' id='word_1_5' title='bbox 710 551 786 614; x_wconf 89' lang='lat' dir='ltr'>talia</span> <span class='ocrx_word' id='word_1_6' title='bbox 808 549 990 633; x_wconf 87' lang='lat' dir='ltr'>deposuere</span> <span class='ocrx_word' id='word_1_7' title='bbox 1011 569 1072 630; x_wconf 92' lang='lat' dir='ltr'>pro</span> <span class='ocrx_word' id='word_1_8' title='bbox 1087 551 1240 630; x_wconf 90' lang='lat' dir='ltr'>Origene,</span> <span class='ocrx_word' id='word_1_9' title='bbox 1264 550 1384 630; x_wconf 86' lang='lat' dir='ltr'>scripta</span> <span class='ocrx_word' id='word_1_10' title='bbox 1405 567 1463 614; x_wconf 86' lang='lat' dir='ltr'>sua</span> 
     </span>
     <span class='ocr_line' id='line_1_3' title="bbox 349 652 1463 732; baseline -0.002 -18"><span class='ocrx_word' id='word_1_11' title='bbox 349 654 485 731; x_wconf 81' lang='lat' dir='ltr'>gortninn</span> <span class='ocrx_word' id='word_1_12' title='bbox 508 669 585 732; x_wconf 89' lang='lat' dir='ltr'>prae</span> <span class='ocrx_word' id='word_1_13' title='bbox 607 653 712 714; x_wconf 81' lang='lat' dir='ltr'>oeulis</span> <span class='ocrx_word' id='word_1_14' title='bbox 735 652 901 730; x_wconf 87' lang='lat' dir='ltr'>hahentes,</span> <span class='ocrx_word' id='word_1_15' title='bbox 925 669 963 716; x_wconf 91' lang='lat' dir='ltr'>ac</span> <span class='ocrx_word' id='word_1_16' title='bbox 986 659 1082 716; x_wconf 87' lang='lat' dir='ltr'>testes</span> <span class='ocrx_word' id='word_1_17' title='bbox 1102 653 1259 728; x_wconf 85' lang='lat' dir='ltr'>sinceros,</span> <span class='ocrx_word' id='word_1_18' title='bbox 1275 653 1344 716; x_wconf 80' lang='lat' dir='ltr'>siva</span> <span class='ocrx_word' id='word_1_19' title='bbox 1367 652 1463 716; x_wconf 91' lang='lat' dir='ltr'>tradi·</span> 
     </span>
     <span class='ocr_line' id='line_1_4' title="bbox 351 753 1464 836; baseline -0.003 -18"><span class='ocrx_word' id='word_1_20' title='bbox 351 759 468 818; x_wconf 88' lang='lat' dir='ltr'>tionem</span> <span class='ocrx_word' id='word_1_21' title='bbox 491 775 532 817; x_wconf 84' lang='lat' dir='ltr'>es</span> <span class='ocrx_word' id='word_1_22' title='bbox 554 755 744 818; x_wconf 87' lang='lat' dir='ltr'>eorumdem</span> <span class='ocrx_word' id='word_1_23' title='bbox 767 773 824 816; x_wconf 91' lang='lat' dir='ltr'>ore</span> <span class='ocrx_word' id='word_1_24' title='bbox 846 762 1026 835; x_wconf 77' lang='lat' dir='ltr'><strong>acceptam,</strong></span> <span class='ocrx_word' id='word_1_25' title='bbox 1049 755 1105 836; x_wconf 82' lang='lat' dir='ltr'>qui</span> <span class='ocrx_word' id='word_1_26' title='bbox 1127 755 1304 820; x_wconf 88' lang='lat' dir='ltr'>audierunt</span> <span class='ocrx_word' id='word_1_27' title='bbox 1325 763 1358 818; x_wconf 90' lang='lat' dir='ltr'>et</span> <span class='ocrx_word' id='word_1_28' title='bbox 1380 753 1464 816; x_wconf 86' lang='lat' dir='ltr'>ride·</span> 
     </span>
     <span class='ocr_line' id='line_1_5' title="bbox 348 853 1462 937; baseline -0.004 -17"><span class='ocrx_word' id='word_1_29' title='bbox 348 864 425 920; x_wconf 89' lang='lat' dir='ltr'>runt</span> <span class='ocrx_word' id='word_1_30' title='bbox 447 863 565 935; x_wconf 72' lang='lat' dir='ltr'>&lt;perante</span> <span class='ocrx_word' id='word_1_31' title='bbox 590 855 620 916; x_wconf 91' lang='lat' dir='ltr'>in</span> <span class='ocrx_word' id='word_1_32' title='bbox 645 855 708 916; x_wconf 89' lang='lat' dir='ltr'>vita</span> <span class='ocrx_word' id='word_1_33' title='bbox 731 855 856 930; x_wconf 88' lang='lat' dir='ltr'>docuit,</span> <span class='ocrx_word' id='word_1_34' title='bbox 890 856 1021 937; x_wconf 88' lang='lat' dir='ltr'>egitque</span> <span class='ocrx_word' id='word_1_35' title='bbox 1043 856 1203 919; x_wconf 92' lang='lat' dir='ltr'>mirabilia</span> <span class='ocrx_word' id='word_1_36' title='bbox 1229 853 1462 932; x_wconf 55' lang='lat' dir='ltr'>adamantium</span> 
     </span>
     <span class='ocr_line' id='line_1_6' title="bbox 349 955 1464 1039; baseline -0.004 -17"><span class='ocrx_word' id='word_1_37' title='bbox 349 960 457 1038; x_wconf 82' lang='lat' dir='ltr'>etqui</span> <span class='ocrx_word' id='word_1_38' title='bbox 480 958 579 1019; x_wconf 89' lang='lat' dir='ltr'>libros</span> <span class='ocrx_word' id='word_1_39' title='bbox 602 957 702 1037; x_wconf 91' lang='lat' dir='ltr'>ipsius</span> <span class='ocrx_word' id='word_1_40' title='bbox 722 958 832 1037; x_wconf 87' lang='lat' dir='ltr'>legere</span> <span class='ocrx_word' id='word_1_41' title='bbox 856 961 1001 1039; x_wconf 90' lang='lat' dir='ltr'>proprio,</span> <span class='ocrx_word' id='word_1_42' title='bbox 1025 957 1076 1022; x_wconf 85' lang='lat' dir='ltr'>vel</span> <span class='ocrx_word' id='word_1_43' title='bbox 1099 957 1240 1022; x_wconf 89' lang='lat' dir='ltr'>aliorum</span> <span class='ocrx_word' id='word_1_44' title='bbox 1262 957 1391 1021; x_wconf 88' lang='lat' dir='ltr'>calamo</span> <span class='ocrx_word' id='word_1_45' title='bbox 1411 955 1464 1018; x_wconf 89' lang='lat' dir='ltr'>de·</span> 
     </span>
     <span class='ocr_line' id='line_1_7' title="bbox 347 1057 1466 1140; baseline -0.002 -17"><span class='ocrx_word' id='word_1_46' title='bbox 347 1063 486 1140; x_wconf 88' lang='lat' dir='ltr'>scriptos</span> <span class='ocrx_word' id='word_1_47' title='bbox 507 1060 567 1122; x_wconf 90' lang='lat' dir='ltr'>suh</span> <span class='ocrx_word' id='word_1_48' title='bbox 589 1060 733 1140; x_wconf 80' lang='lat' dir='ltr'>ejusdam</span> <span class='ocrx_word' id='word_1_49' title='bbox 755 1059 940 1136; x_wconf 70' lang='lat' dir='ltr'>dictamine,</span> <span class='ocrx_word' id='word_1_50' title='bbox 964 1058 1170 1140; x_wconf 84' lang='lat' dir='ltr'>fideliterque</span> <span class='ocrx_word' id='word_1_51' title='bbox 1199 1059 1390 1123; x_wconf 86' lang='lat' dir='ltr'>custoditos.</span> <span class='ocrx_word' id='word_1_52' title='bbox 1420 1057 1466 1121; x_wconf 85' lang='lat' dir='ltr'>hc</span> 
     </span>
     <span class='ocr_line' id='line_1_8' title="bbox 349 1159 1466 1243; baseline -0.004 -19"><span class='ocrx_word' id='word_1_53' title='bbox 349 1165 482 1243; x_wconf 84' lang='lat' dir='ltr'><strong>insuper</strong></span> <span class='ocrx_word' id='word_1_54' title='bbox 505 1181 541 1224; x_wconf 89' lang='lat' dir='ltr'>ea</span> <span class='ocrx_word' id='word_1_55' title='bbox 564 1161 823 1238; x_wconf 80' lang='lat' dir='ltr'>arrimadrertite,</span> <span class='ocrx_word' id='word_1_56' title='bbox 846 1179 932 1243; x_wconf 86' lang='lat' dir='ltr'>quae</span> <span class='ocrx_word' id='word_1_57' title='bbox 953 1161 1048 1227; x_wconf 90' lang='lat' dir='ltr'>ambo</span> <span class='ocrx_word' id='word_1_58' title='bbox 1067 1170 1163 1228; x_wconf 87' lang='lat' dir='ltr'>testes</span> <span class='ocrx_word' id='word_1_59' title='bbox 1183 1169 1317 1226; x_wconf 88' lang='lat' dir='ltr'>narrent</span> <span class='ocrx_word' id='word_1_60' title='bbox 1337 1159 1379 1224; x_wconf 86' lang='lat' dir='ltr'>tle</span> <span class='ocrx_word' id='word_1_61' title='bbox 1392 1159 1466 1224; x_wconf 90' lang='lat' dir='ltr'>Ori·</span> 
     </span>
     <span class='ocr_line' id='line_1_9' title="bbox 351 1263 1472 1346; baseline 0.001 -21"><span class='ocrx_word' id='word_1_62' title='bbox 351 1283 443 1346; x_wconf 66' lang='lat' dir='ltr'>geum</span> <span class='ocrx_word' id='word_1_63' title='bbox 467 1265 522 1328; x_wconf 88' lang='lat' dir='ltr'>ubi</span> <span class='ocrx_word' id='word_1_64' title='bbox 539 1263 627 1326; x_wconf 90' lang='lat' dir='ltr'>nullu</span> <span class='ocrx_word' id='word_1_65' title='bbox 650 1263 822 1327; x_wconf 89' lang='lat' dir='ltr'>amborum</span> <span class='ocrx_word' id='word_1_66' title='bbox 839 1264 1010 1327; x_wconf 86' lang='lat' dir='ltr'>intercedit</span> <span class='ocrx_word' id='word_1_67' title='bbox 1030 1265 1099 1327; x_wconf 83' lang='lat' dir='ltr'>sive</span> <span class='ocrx_word' id='word_1_68' title='bbox 1115 1263 1325 1338; x_wconf 66' lang='lat' dir='ltr'>incertitudo,</span> <span class='ocrx_word' id='word_1_69' title='bbox 1343 1265 1396 1326; x_wconf 85' lang='lat' dir='ltr'>rel</span> <span class='ocrx_word' id='word_1_70' title='bbox 1417 1281 1472 1326; x_wconf 86' lang='lat' dir='ltr'>au·</span> 
     </span>
     <span class='ocr_line' id='line_1_10' title="bbox 350 1363 1470 1446; baseline -0.002 -17"><span class='ocrx_word' id='word_1_71' title='bbox 350 1368 462 1446; x_wconf 87' lang='lat' dir='ltr'>tilogi&#39;a</span> <span class='ocrx_word' id='word_1_72' title='bbox 487 1373 549 1427; x_wconf 88' lang='lat' dir='ltr'>tum</span> <span class='ocrx_word' id='word_1_73' title='bbox 576 1368 606 1430; x_wconf 92' lang='lat' dir='ltr'>in</span> <span class='ocrx_word' id='word_1_74' title='bbox 623 1367 779 1446; x_wconf 82' lang='lat' dir='ltr'>principio</span> <span class='ocrx_word' id='word_1_75' title='bbox 803 1373 866 1427; x_wconf 89' lang='lat' dir='ltr'>tarn</span> <span class='ocrx_word' id='word_1_76' title='bbox 889 1366 920 1426; x_wconf 90' lang='lat' dir='ltr'>in</span> <span class='ocrx_word' id='word_1_77' title='bbox 943 1365 1017 1439; x_wconf 84' lang='lat' dir='ltr'>bne,</span> <span class='ocrx_word' id='word_1_78' title='bbox 1033 1363 1114 1430; x_wconf 91' lang='lat' dir='ltr'>adeo</span> <span class='ocrx_word' id='word_1_79' title='bbox 1130 1373 1166 1429; x_wconf 87' lang='lat' dir='ltr'>ut</span> <span class='ocrx_word' id='word_1_80' title='bbox 1187 1363 1366 1444; x_wconf 87' lang='lat' dir='ltr'>putandum</span> <span class='ocrx_word' id='word_1_81' title='bbox 1387 1370 1470 1428; x_wconf 80' lang='lat' dir='ltr'>esset</span> 
     </span>
     <span class='ocr_line' id='line_1_11' title="bbox 348 1466 1469 1548; baseline -0.003 -16"><span class='ocrx_word' id='word_1_82' title='bbox 348 1487 403 1532; x_wconf 90' lang='lat' dir='ltr'>eos</span> <span class='ocrx_word' id='word_1_83' title='bbox 425 1467 601 1548; x_wconf 88' lang='lat' dir='ltr'>aliquando</span> <span class='ocrx_word' id='word_1_84' title='bbox 616 1467 655 1530; x_wconf 91' lang='lat' dir='ltr'>do</span> <span class='ocrx_word' id='word_1_85' title='bbox 676 1469 743 1531; x_wconf 86' lang='lat' dir='ltr'>suis</span> <span class='ocrx_word' id='word_1_86' title='bbox 765 1466 1006 1531; x_wconf 80' lang='lat' dir='ltr'>narrationibus</span> <span class='ocrx_word' id='word_1_87' title='bbox 1027 1468 1205 1542; x_wconf 81' lang='lat' dir='ltr'>dubitasse,</span> <span class='ocrx_word' id='word_1_88' title='bbox 1222 1469 1273 1530; x_wconf 80' lang='lat' dir='ltr'>vel</span> <span class='ocrx_word' id='word_1_89' title='bbox 1296 1467 1469 1530; x_wconf 90' lang='lat' dir='ltr'>eonsilium</span> 
     </span>
     <span class='ocr_line' id='line_1_12' title="bbox 352 1567 1470 1650; baseline 0 -19"><span class='ocrx_word' id='word_1_90' title='bbox 352 1577 506 1643; x_wconf 86' lang='lat' dir='ltr'>mutasse,</span> <span class='ocrx_word' id='word_1_91' title='bbox 522 1569 589 1631; x_wconf 82' lang='lat' dir='ltr'>sive</span> <span class='ocrx_word' id='word_1_92' title='bbox 611 1568 863 1632; x_wconf 76' lang='lat' dir='ltr'>contradixisse:</span> <span class='ocrx_word' id='word_1_93' title='bbox 881 1577 980 1650; x_wconf 87' lang='lat' dir='ltr'>atque</span> <span class='ocrx_word' id='word_1_94' title='bbox 1002 1569 1192 1648; x_wconf 87' lang='lat' dir='ltr'>praesertim</span> <span class='ocrx_word' id='word_1_95' title='bbox 1208 1587 1233 1631; x_wconf 91' lang='lat' dir='ltr'>s.</span> <span class='ocrx_word' id='word_1_96' title='bbox 1253 1567 1470 1647; x_wconf 81' lang='lat' dir='ltr'>Pamphilum,</span> 
     </span>
     <span class='ocr_line' id='line_1_13' title="bbox 351 1667 1469 1752; baseline -0.001 -18"><span class='ocrx_word' id='word_1_97' title='bbox 351 1690 447 1752; x_wconf 87' lang='lat' dir='ltr'>quem</span> <span class='ocrx_word' id='word_1_98' title='bbox 471 1689 532 1734; x_wconf 88' lang='lat' dir='ltr'>sno</span> <span class='ocrx_word' id='word_1_99' title='bbox 564 1672 718 1750; x_wconf 89' lang='lat' dir='ltr'>sanguine</span> <span class='ocrx_word' id='word_1_100' title='bbox 742 1670 810 1733; x_wconf 87' lang='lat' dir='ltr'>iere</span> <span class='ocrx_word' id='word_1_101' title='bbox 830 1670 893 1733; x_wconf 90' lang='lat' dir='ltr'>dici</span> <span class='ocrx_word' id='word_1_102' title='bbox 916 1679 1021 1750; x_wconf 89' lang='lat' dir='ltr'>potest</span> <span class='ocrx_word' id='word_1_103' title='bbox 1047 1671 1121 1734; x_wconf 88' lang='lat' dir='ltr'>talia</span> <span class='ocrx_word' id='word_1_104' title='bbox 1151 1669 1365 1750; x_wconf 80' lang='lat' dir='ltr'>subsignasse.</span> <span class='ocrx_word' id='word_1_105' title='bbox 1389 1667 1469 1733; x_wconf 80' lang='lat' dir='ltr'>&#39;lau-</span> 
     </span>
     <span class='ocr_line' id='line_1_14' title="bbox 351 1757 1467 1853; baseline 0.002 -21"><span class='ocrx_word' id='word_1_106' title='bbox 351 1771 414 1850; x_wconf 86' lang='lat' dir='ltr'>ta&#39;(</span> <span class='ocrx_word' id='word_1_107' title='bbox 431 1773 531 1852; x_wconf 93' lang='lat' dir='ltr'>paulo</span> <span class='ocrx_word' id='word_1_108' title='bbox 557 1774 640 1834; x_wconf 89' lang='lat' dir='ltr'>euim</span> <span class='ocrx_word' id='word_1_109' title='bbox 665 1779 735 1850; x_wconf 91' lang='lat' dir='ltr'>post</span> <span class='ocrx_word' id='word_1_110' title='bbox 763 1791 821 1853; x_wconf 87' lang='lat' dir='ltr'>pro</span> <span class='ocrx_word' id='word_1_111' title='bbox 843 1770 973 1837; x_wconf 80' lang='lat' dir='ltr'>Christo</span> <span class='ocrx_word' id='word_1_112' title='bbox 1000 1757 1181 1848; x_wconf 84' lang='lat' dir='ltr'>decertans,</span> <span class='ocrx_word' id='word_1_113' title='bbox 1207 1771 1314 1835; x_wconf 80' lang='lat' dir='ltr'>victor</span> <span class='ocrx_word' id='word_1_114' title='bbox 1338 1771 1467 1834; x_wconf 84' lang='lat' dir='ltr'>coelum</span> 
     </span>
     <span class='ocr_line' id='line_1_15' title="bbox 350 1871 1468 1954; baseline -0.001 -18"><span class='ocrx_word' id='word_1_115' title='bbox 350 1871 465 1950; x_wconf 84' lang='lat' dir='ltr'>petiit)</span> <span class='ocrx_word' id='word_1_116' title='bbox 489 1880 582 1935; x_wconf 90' lang='lat' dir='ltr'>tanta</span> <span class='ocrx_word' id='word_1_117' title='bbox 598 1873 645 1935; x_wconf 92' lang='lat' dir='ltr'>illi</span> <span class='ocrx_word' id='word_1_118' title='bbox 668 1873 771 1935; x_wconf 88' lang='lat' dir='ltr'>inerat</span> <span class='ocrx_word' id='word_1_119' title='bbox 794 1877 974 1952; x_wconf 87' lang='lat' dir='ltr'>persuasio,</span> <span class='ocrx_word' id='word_1_120' title='bbox 997 1891 1082 1953; x_wconf 85' lang='lat' dir='ltr'>quae</span> <span class='ocrx_word' id='word_1_121' title='bbox 1103 1873 1279 1954; x_wconf 81' lang='lat' dir='ltr'>scripserat</span> <span class='ocrx_word' id='word_1_122' title='bbox 1299 1871 1468 1953; x_wconf 85' lang='lat' dir='ltr'>Origenes,</span> 
     </span>
     <span class='ocr_line' id='line_1_16' title="bbox 349 1975 1469 2057; baseline 0.002 -21"><span class='ocrx_word' id='word_1_123' title='bbox 349 1983 465 2039; x_wconf 88' lang='lat' dir='ltr'>cuncta</span> <span class='ocrx_word' id='word_1_124' title='bbox 489 1975 707 2039; x_wconf 84' lang='lat' dir='ltr'>orthodoxam</span> <span class='ocrx_word' id='word_1_125' title='bbox 724 1983 891 2054; x_wconf 89' lang='lat' dir='ltr'>praestare</span> <span class='ocrx_word' id='word_1_126' title='bbox 914 1975 1093 2039; x_wconf 86' lang='lat' dir='ltr'>doctrinam</span> <span class='ocrx_word' id='word_1_127' title='bbox 1107 1995 1117 2054; x_wconf 82' lang='lat'>3</span> <span class='ocrx_word' id='word_1_128' title='bbox 1133 1982 1233 2056; x_wconf 89' lang='lat' dir='ltr'>atque</span> <span class='ocrx_word' id='word_1_129' title='bbox 1254 1976 1306 2057; x_wconf 88' lang='lat' dir='ltr'>pie</span> <span class='ocrx_word' id='word_1_130' title='bbox 1322 1975 1418 2040; x_wconf 86' lang='lat' dir='ltr'>illum</span> <span class='ocrx_word' id='word_1_131' title='bbox 1439 1975 1469 2038; x_wconf 93' lang='lat' dir='ltr'>io</span> 
     </span>
     <span class='ocr_line' id='line_1_17' title="bbox 347 2073 965 2157; baseline 0 -19"><span class='ocrx_word' id='word_1_132' title='bbox 347 2073 496 2138; x_wconf 79' lang='lat' dir='ltr'>&#39;Ecclesia</span> <span class='ocrx_word' id='word_1_133' title='bbox 520 2094 707 2157; x_wconf 87' lang='lat' dir='ltr'>supremam</span> <span class='ocrx_word' id='word_1_134' title='bbox 730 2077 847 2139; x_wconf 82' lang='lat' dir='ltr'>obiisse</span> <span class='ocrx_word' id='word_1_135' title='bbox 870 2076 965 2140; x_wconf 87' lang='lat' dir='ltr'>diem.</span> 
     </span>
    </p>

    <p class='ocr_par' dir='ltr' id='par_1_3' title="bbox 350 2173 1473 2666">
     <span class='ocr_line' id='line_1_18' title="bbox 432 2173 1472 2264; baseline 0.001 -24"><span class='ocrx_word' id='word_1_136' title='bbox 432 2173 539 2240; x_wconf 87' lang='lat' dir='ltr'>Ceteri</span> <span class='ocrx_word' id='word_1_137' title='bbox 555 2195 631 2240; x_wconf 87' lang='lat' dir='ltr'>vero</span> <span class='ocrx_word' id='word_1_138' title='bbox 644 2174 857 2259; x_wconf 82' lang='lat' dir='ltr'>Theophilus,</span> <span class='ocrx_word' id='word_1_139' title='bbox 871 2179 956 2254; x_wconf 86' lang='lat' dir='ltr'>dico,</span> <span class='ocrx_word' id='word_1_140' title='bbox 971 2177 1204 2264; x_wconf 76' lang='lat' dir='ltr'>llieronpnrna,</span> <span class='ocrx_word' id='word_1_141' title='bbox 1217 2185 1248 2242; x_wconf 91' lang='lat' dir='ltr'>et</span> <span class='ocrx_word' id='word_1_142' title='bbox 1260 2176 1472 2260; x_wconf 80' lang='lat' dir='ltr'>Epiphanius,</span> 
     </span>
     <span class='ocr_line' id='line_1_19' title="bbox 351 2277 1472 2362; baseline 0.001 -22"><span class='ocrx_word' id='word_1_143' title='bbox 351 2277 626 2358; x_wconf 85' lang='lat' dir='ltr'>quemadmodum</span> <span class='ocrx_word' id='word_1_144' title='bbox 643 2298 704 2350; x_wconf 89' lang='lat' dir='ltr'>suo</span> <span class='ocrx_word' id='word_1_145' title='bbox 724 2281 798 2344; x_wconf 90' lang='lat' dir='ltr'>loeo</span> <span class='ocrx_word' id='word_1_146' title='bbox 822 2282 1018 2357; x_wconf 82' lang='lat' dir='ltr'>notavimus,</span> <span class='ocrx_word' id='word_1_147' title='bbox 1035 2301 1097 2344; x_wconf 94' lang='lat' dir='ltr'>noo</span> <span class='ocrx_word' id='word_1_148' title='bbox 1112 2282 1219 2345; x_wconf 89' lang='lat' dir='ltr'>sulum</span> <span class='ocrx_word' id='word_1_149' title='bbox 1240 2289 1472 2362; x_wconf 83' lang='lat' dir='ltr'>anperautnra</span> 
     </span>
     <span class='ocr_line' id='line_1_20' title="bbox 350 2380 1472 2464; baseline 0.006 -26"><span class='ocrx_word' id='word_1_150' title='bbox 350 2381 505 2461; x_wconf 66' lang='lat' dir='ltr'>persistatis</span> <span class='ocrx_word' id='word_1_151' title='bbox 528 2381 613 2444; x_wconf 90' lang='lat' dir='ltr'>circa</span> <span class='ocrx_word' id='word_1_152' title='bbox 637 2381 766 2446; x_wconf 85' lang='lat' dir='ltr'>codices</span> <span class='ocrx_word' id='word_1_153' title='bbox 792 2381 955 2447; x_wconf 90' lang='lat' dir='ltr'>librorum</span> <span class='ocrx_word' id='word_1_154' title='bbox 977 2382 1141 2464; x_wconf 77' lang='lat' dir='ltr'>origenis,</span> <span class='ocrx_word' id='word_1_155' title='bbox 1163 2403 1246 2464; x_wconf 85' lang='lat' dir='ltr'>quos</span> <span class='ocrx_word' id='word_1_156' title='bbox 1278 2384 1408 2447; x_wconf 86' lang='lat' dir='ltr'>incaute</span> <span class='ocrx_word' id='word_1_157' title='bbox 1428 2380 1472 2445; x_wconf 91' lang='lat' dir='ltr'>le-</span> 
     </span>
     <span class='ocr_line' id='line_1_21' title="bbox 351 2483 1473 2565; baseline -0.002 -21"><span class='ocrx_word' id='word_1_158' title='bbox 351 2493 481 2560; x_wconf 83' lang='lat' dir='ltr'>gerunt,</span> <span class='ocrx_word' id='word_1_159' title='bbox 503 2483 606 2546; x_wconf 86' lang='lat' dir='ltr'>minus</span> <span class='ocrx_word' id='word_1_160' title='bbox 619 2493 768 2559; x_wconf 65' lang='lat' dir='ltr'>‘exectos</span> <span class='ocrx_word' id='word_1_161' title='bbox 789 2485 838 2546; x_wconf 85' lang='lat' dir='ltr'>vel</span> <span class='ocrx_word' id='word_1_162' title='bbox 861 2485 1069 2564; x_wconf 87' lang='lat' dir='ltr'>apocriphus,</span> <span class='ocrx_word' id='word_1_163' title='bbox 1085 2487 1154 2547; x_wconf 86' lang='lat' dir='ltr'>siva</span> <span class='ocrx_word' id='word_1_164' title='bbox 1170 2484 1403 2565; x_wconf 87' lang='lat' dir='ltr'>interpolatos;</span> <span class='ocrx_word' id='word_1_165' title='bbox 1422 2499 1473 2543; x_wconf 82' lang='lat' dir='ltr'>re·</span> 
     </span>
     <span class='ocr_line' id='line_1_22' title="bbox 355 2581 1471 2666; baseline 0.001 -22"><span class='ocrx_word' id='word_1_166' title='bbox 355 2603 426 2646; x_wconf 78' lang='lat' dir='ltr'>runa</span> <span class='ocrx_word' id='word_1_167' title='bbox 444 2583 570 2647; x_wconf 85' lang='lat' dir='ltr'>utillud</span> <span class='ocrx_word' id='word_1_168' title='bbox 590 2587 766 2649; x_wconf 83' lang='lat' dir='ltr'>maximum</span> <span class='ocrx_word' id='word_1_169' title='bbox 784 2595 830 2649; x_wconf 85' lang='lat' dir='ltr'>est</span> <span class='ocrx_word' id='word_1_170' title='bbox 846 2587 877 2646; x_wconf 90' lang='lat' dir='ltr'>in</span> <span class='ocrx_word' id='word_1_171' title='bbox 894 2587 1060 2666; x_wconf 86' lang='lat' dir='ltr'>proposito</span> <span class='ocrx_word' id='word_1_172' title='bbox 1076 2593 1201 2659; x_wconf 90' lang='lat' dir='ltr'>nostro,</span> <span class='ocrx_word' id='word_1_173' title='bbox 1213 2583 1301 2665; x_wconf 89' lang='lat' dir='ltr'>quod</span> <span class='ocrx_word' id='word_1_174' title='bbox 1318 2584 1350 2646; x_wconf 93' lang='lat' dir='ltr'>hi</span> <span class='ocrx_word' id='word_1_175' title='bbox 1367 2581 1471 2660; x_wconf 88' lang='lat' dir='ltr'>{dorn-</span> 
     </span>
    </p>
   </div>
   <div class='ocr_carea' id='block_1_2' title="bbox 350 2685 1473 3076">
    <p class='ocr_par' dir='ltr' id='par_1_4' title="bbox 350 2685 1473 3076">
     <span class='ocr_line' id='line_1_23' title="bbox 352 2685 1473 2771; baseline 0.001 -23"><span class='ocrx_word' id='word_1_176' title='bbox 352 2685 448 2748; x_wconf 88' lang='lat' dir='ltr'>modo</span> <span class='ocrx_word' id='word_1_177' title='bbox 471 2687 651 2767; x_wconf 87' lang='lat' dir='ltr'>quidquam</span> <span class='ocrx_word' id='word_1_178' title='bbox 674 2689 815 2753; x_wconf 88' lang='lat' dir='ltr'>donetur</span> <span class='ocrx_word' id='word_1_179' title='bbox 837 2688 1029 2771; x_wconf 82' lang='lat' dir='ltr'>Epiphanio)</span> <span class='ocrx_word' id='word_1_180' title='bbox 1058 2688 1098 2749; x_wconf 92' lang='lat' dir='ltr'>ah</span> <span class='ocrx_word' id='word_1_181' title='bbox 1121 2687 1211 2750; x_wconf 90' lang='lat' dir='ltr'>initio</span> <span class='ocrx_word' id='word_1_182' title='bbox 1233 2685 1272 2748; x_wconf 90' lang='lat' dir='ltr'>ad</span> <span class='ocrx_word' id='word_1_183' title='bbox 1295 2685 1393 2750; x_wconf 84' lang='lat' dir='ltr'>tinem</span> <span class='ocrx_word' id='word_1_184' title='bbox 1416 2686 1473 2749; x_wconf 89' lang='lat' dir='ltr'>hn-</span> 
     </span>
     <span class='ocr_line' id='line_1_24' title="bbox 350 2789 1471 2871; baseline 0.002 -21"><span class='ocrx_word' id='word_1_185' title='bbox 350 2789 492 2868; x_wconf 76' lang='lat' dir='ltr'>jusmodi</span> <span class='ocrx_word' id='word_1_186' title='bbox 511 2791 765 2871; x_wconf 85' lang='lat' dir='ltr'>praesetuleriut</span> <span class='ocrx_word' id='word_1_187' title='bbox 786 2791 1028 2856; x_wconf 86' lang='lat' dir='ltr'>instabilitatem</span> <span class='ocrx_word' id='word_1_188' title='bbox 1045 2791 1076 2852; x_wconf 88' lang='lat' dir='ltr'>in</span> <span class='ocrx_word' id='word_1_189' title='bbox 1098 2792 1159 2854; x_wconf 90' lang='lat' dir='ltr'>bac</span> <span class='ocrx_word' id='word_1_190' title='bbox 1183 2789 1350 2852; x_wconf 88' lang='lat' dir='ltr'>tractanda</span> <span class='ocrx_word' id='word_1_191' title='bbox 1374 2806 1471 2868; x_wconf 81' lang='lat' dir='ltr'>quae·</span> 
     </span>
     <span class='ocr_line' id='line_1_25' title="bbox 351 2891 1471 2974; baseline 0.003 -24"><span class='ocrx_word' id='word_1_192' title='bbox 351 2891 467 2963; x_wconf 82' lang='lat' dir='ltr'>stione,</span> <span class='ocrx_word' id='word_1_193' title='bbox 485 2901 521 2954; x_wconf 91' lang='lat' dir='ltr'>ut</span> <span class='ocrx_word' id='word_1_194' title='bbox 541 2901 695 2957; x_wconf 89' lang='lat' dir='ltr'>accurate</span> <span class='ocrx_word' id='word_1_195' title='bbox 711 2895 860 2974; x_wconf 81' lang='lat' dir='ltr'>expensis</span> <span class='ocrx_word' id='word_1_196' title='bbox 875 2891 1065 2956; x_wconf 90' lang='lat' dir='ltr'>eorumdem</span> <span class='ocrx_word' id='word_1_197' title='bbox 1089 2892 1180 2955; x_wconf 91' lang='lat' dir='ltr'>dictis</span> <span class='ocrx_word' id='word_1_198' title='bbox 1195 2892 1234 2954; x_wconf 91' lang='lat' dir='ltr'>de</span> <span class='ocrx_word' id='word_1_199' title='bbox 1252 2891 1403 2971; x_wconf 84' lang='lat' dir='ltr'>Origenis</span> <span class='ocrx_word' id='word_1_200' title='bbox 1416 2891 1471 2953; x_wconf 92' lang='lat' dir='ltr'>du·</span> 
     </span>
     <span class='ocr_line' id='line_1_26' title="bbox 352 2992 1469 3076; baseline 0.002 -25"><span class='ocrx_word' id='word_1_201' title='bbox 352 2993 468 3066; x_wconf 85' lang='lat' dir='ltr'>utrina,</span> <span class='ocrx_word' id='word_1_202' title='bbox 499 2993 552 3058; x_wconf 83' lang='lat' dir='ltr'>vix</span> <span class='ocrx_word' id='word_1_203' title='bbox 575 2996 713 3058; x_wconf 89' lang='lat' dir='ltr'>inveniri</span> <span class='ocrx_word' id='word_1_204' title='bbox 736 2998 868 3076; x_wconf 91' lang='lat' dir='ltr'>poterit,</span> <span class='ocrx_word' id='word_1_205' title='bbox 898 2995 976 3076; x_wconf 84' lang='lat' dir='ltr'>qnid</span> <span class='ocrx_word' id='word_1_206' title='bbox 999 3013 1114 3074; x_wconf 90' lang='lat' dir='ltr'>reapse</span> <span class='ocrx_word' id='word_1_207' title='bbox 1141 2993 1395 3067; x_wconf 88' lang='lat' dir='ltr'>decernendum,</span> <span class='ocrx_word' id='word_1_208' title='bbox 1420 2992 1469 3054; x_wconf 89' lang='lat' dir='ltr'>rel</span> 
     </span>
    </p>
   </div>
   <div class='ocr_carea' id='block_1_3' title="bbox 346 3092 1471 4398">
    <p class='ocr_par' dir='ltr' id='par_1_5' title="bbox 346 3092 1471 3666">
     <span class='ocr_line' id='line_1_27' title="bbox 353 3092 1471 3173; baseline 0 -19"><span class='ocrx_word' id='word_1_209' title='bbox 353 3092 532 3169; x_wconf 86' lang='lat' dir='ltr'>putandum</span> <span class='ocrx_word' id='word_1_210' title='bbox 555 3093 594 3158; x_wconf 89' lang='lat' dir='ltr'>de</span> <span class='ocrx_word' id='word_1_211' title='bbox 617 3114 656 3159; x_wconf 90' lang='lat' dir='ltr'>eo</span> <span class='ocrx_word' id='word_1_212' title='bbox 676 3099 727 3160; x_wconf 88' lang='lat' dir='ltr'>sit.</span> <span class='ocrx_word' id='word_1_213' title='bbox 743 3097 832 3160; x_wconf 75' lang='lat' dir='ltr'>Alius</span> <span class='ocrx_word' id='word_1_214' title='bbox 853 3098 940 3160; x_wconf 89' lang='lat' dir='ltr'>enim</span> <span class='ocrx_word' id='word_1_215' title='bbox 963 3096 1115 3160; x_wconf 91' lang='lat' dir='ltr'>laudibus</span> <span class='ocrx_word' id='word_1_216' title='bbox 1138 3094 1337 3159; x_wconf 87' lang='lat' dir='ltr'>decorarunt</span> <span class='ocrx_word' id='word_1_217' title='bbox 1358 3093 1471 3173; x_wconf 85' lang='lat' dir='ltr'>Orige-</span> 
     </span>
     <span class='ocr_line' id='line_1_28' title="bbox 352 3193 1469 3278; baseline 0.001 -24"><span class='ocrx_word' id='word_1_218' title='bbox 352 3211 437 3267; x_wconf 87' lang='lat' dir='ltr'>nem‚</span> <span class='ocrx_word' id='word_1_219' title='bbox 454 3193 590 3276; x_wconf 83' lang='lat' dir='ltr'>ejusque</span> <span class='ocrx_word' id='word_1_220' title='bbox 605 3196 754 3278; x_wconf 79' lang='lat' dir='ltr'>dogmata</span> <span class='ocrx_word' id='word_1_221' title='bbox 772 3215 833 3261; x_wconf 90' lang='lat' dir='ltr'>ceu</span> <span class='ocrx_word' id='word_1_222' title='bbox 855 3197 1031 3276; x_wconf 88' lang='lat' dir='ltr'>apostolica</span> <span class='ocrx_word' id='word_1_223' title='bbox 1048 3203 1274 3278; x_wconf 84' lang='lat' dir='ltr'>suscoperunt.</span> <span class='ocrx_word' id='word_1_224' title='bbox 1290 3195 1382 3259; x_wconf 79' lang='lat' dir='ltr'>altas</span> <span class='ocrx_word' id='word_1_225' title='bbox 1405 3203 1469 3258; x_wconf 89' lang='lat' dir='ltr'>tan·</span> 
     </span>
     <span class='ocr_line' id='line_1_29' title="bbox 353 3297 1470 3379; baseline -0.001 -21"><span class='ocrx_word' id='word_1_226' title='bbox 353 3315 452 3376; x_wconf 83' lang='lat' dir='ltr'>quam</span> <span class='ocrx_word' id='word_1_227' title='bbox 475 3297 610 3361; x_wconf 87' lang='lat' dir='ltr'>netanda</span> <span class='ocrx_word' id='word_1_228' title='bbox 636 3299 836 3378; x_wconf 89' lang='lat' dir='ltr'>despuerunt</span> <span class='ocrx_word' id='word_1_229' title='bbox 859 3297 1093 3379; x_wconf 78' lang='lat' dir='ltr'>Apostolorum</span> <span class='ocrx_word' id='word_1_230' title='bbox 1119 3299 1249 3361; x_wconf 87' lang='lat' dir='ltr'>statutis</span> <span class='ocrx_word' id='word_1_231' title='bbox 1273 3297 1376 3360; x_wconf 79' lang='lat' dir='ltr'>ueluti</span> <span class='ocrx_word' id='word_1_232' title='bbox 1397 3313 1470 3359; x_wconf 88' lang='lat' dir='ltr'>con·</span> 
     </span>
     <span class='ocr_line' id='line_1_30' title="bbox 352 3398 1469 3480; baseline 0 -20"><span class='ocrx_word' id='word_1_233' title='bbox 352 3403 466 3463; x_wconf 88' lang='lat' dir='ltr'>traria.</span> <span class='ocrx_word' id='word_1_234' title='bbox 491 3399 580 3464; x_wconf 73' lang='lat' dir='ltr'>Alias</span> <span class='ocrx_word' id='word_1_235' title='bbox 601 3398 778 3463; x_wconf 85' lang='lat' dir='ltr'>dubitando</span> <span class='ocrx_word' id='word_1_236' title='bbox 801 3401 865 3465; x_wconf 91' lang='lat' dir='ltr'>bue</span> <span class='ocrx_word' id='word_1_237' title='bbox 887 3401 967 3465; x_wconf 89' lang='lat' dir='ltr'>illuc</span> <span class='ocrx_word' id='word_1_238' title='bbox 989 3407 1157 3476; x_wconf 90' lang='lat' dir='ltr'>errarunt,</span> <span class='ocrx_word' id='word_1_239' title='bbox 1179 3417 1264 3464; x_wconf 89' lang='lat' dir='ltr'>nuuc</span> <span class='ocrx_word' id='word_1_240' title='bbox 1284 3398 1469 3480; x_wconf 86' lang='lat' dir='ltr'>probantes,</span> 
     </span>
     <span class='ocr_line' id='line_1_31' title="bbox 346 3499 1470 3582; baseline 0.001 -21"><span class='ocrx_word' id='word_1_241' title='bbox 346 3501 450 3562; x_wconf 88' lang='lat' dir='ltr'>modo</span> <span class='ocrx_word' id='word_1_242' title='bbox 475 3503 698 3579; x_wconf 87' lang='lat' dir='ltr'>reprobantes,</span> <span class='ocrx_word' id='word_1_243' title='bbox 711 3503 833 3582; x_wconf 89' lang='lat' dir='ltr'>seipsos</span> <span class='ocrx_word' id='word_1_244' title='bbox 854 3510 887 3566; x_wconf 93' lang='lat' dir='ltr'>et</span> <span class='ocrx_word' id='word_1_245' title='bbox 908 3503 964 3582; x_wconf 89' lang='lat' dir='ltr'>qui</span> <span class='ocrx_word' id='word_1_246' title='bbox 986 3519 1101 3566; x_wconf 88' lang='lat' dir='ltr'>eorum</span> <span class='ocrx_word' id='word_1_247' title='bbox 1123 3501 1275 3582; x_wconf 76' lang='lat' dir='ltr'>legissent</span> <span class='ocrx_word' id='word_1_248' title='bbox 1295 3499 1411 3576; x_wconf 85' lang='lat' dir='ltr'>libros,</span> <span class='ocrx_word' id='word_1_249' title='bbox 1426 3503 1470 3563; x_wconf 92' lang='lat' dir='ltr'>iu·</span> 
     </span>
     <span class='ocr_line' id='line_1_32' title="bbox 349 3601 809 3666; baseline 0 -2"><span class='ocrx_word' id='word_1_250' title='bbox 349 3601 539 3664; x_wconf 83' lang='lat' dir='ltr'>certitudini</span> <span class='ocrx_word' id='word_1_251' title='bbox 562 3604 809 3666; x_wconf 86' lang='lat' dir='ltr'>committentes.</span> 
     </span>
    </p>

    <p class='ocr_par' dir='ltr' id='par_1_6' title="bbox 352 3700 1469 4398">
     <span class='ocr_line' id='line_1_33' title="bbox 389 3700 1468 3786; baseline 0.004 -22"><span class='ocrx_word' id='word_1_252' title='bbox 389 3719 391 3726; x_wconf 91' lang='lat'>·</span> <span class='ocrx_word' id='word_1_253' title='bbox 432 3700 489 3766; x_wconf 86' lang='lat' dir='ltr'>llis</span> <span class='ocrx_word' id='word_1_254' title='bbox 513 3705 680 3784; x_wconf 79' lang='lat' dir='ltr'>expositis,</span> <span class='ocrx_word' id='word_1_255' title='bbox 703 3705 962 3783; x_wconf 84' lang='lat' dir='ltr'>animadvertite,</span> <span class='ocrx_word' id='word_1_256' title='bbox 979 3722 1055 3768; x_wconf 89' lang='lat' dir='ltr'>num</span> <span class='ocrx_word' id='word_1_257' title='bbox 1078 3704 1179 3786; x_wconf 89' lang='lat' dir='ltr'>probe</span> <span class='ocrx_word' id='word_1_258' title='bbox 1195 3701 1398 3785; x_wconf 81' lang='lat' dir='ltr'>Theophilus</span> <span class='ocrx_word' id='word_1_259' title='bbox 1418 3722 1468 3767; x_wconf 82' lang='lat' dir='ltr'>eo·</span> 
     </span>
     <span class='ocr_line' id='line_1_34' title="bbox 355 3805 1467 3888; baseline 0.003 -21"><span class='ocrx_word' id='word_1_260' title='bbox 355 3821 427 3867; x_wconf 82' lang='lat' dir='ltr'>runa</span> <span class='ocrx_word' id='word_1_261' title='bbox 451 3808 610 3888; x_wconf 87' lang='lat' dir='ltr'>princeps,</span> <span class='ocrx_word' id='word_1_262' title='bbox 642 3808 698 3887; x_wconf 88' lang='lat' dir='ltr'>qui</span> <span class='ocrx_word' id='word_1_263' title='bbox 732 3808 811 3870; x_wconf 93' lang='lat' dir='ltr'>odio</span> <span class='ocrx_word' id='word_1_264' title='bbox 842 3807 1002 3871; x_wconf 89' lang='lat' dir='ltr'>acerrimo</span> <span class='ocrx_word' id='word_1_265' title='bbox 1023 3813 1220 3871; x_wconf 81' lang='lat' dir='ltr'>exarserunt</span> <span class='ocrx_word' id='word_1_266' title='bbox 1249 3807 1407 3872; x_wconf 80' lang='lat' dir='ltr'>adsersus</span> <span class='ocrx_word' id='word_1_267' title='bbox 1427 3805 1467 3870; x_wconf 89' lang='lat'>0·</span> 
     </span>
     <span class='ocr_line' id='line_1_35' title="bbox 354 3909 1467 3986; baseline 0.001 -17"><span class='ocrx_word' id='word_1_268' title='bbox 354 3910 511 3986; x_wconf 88' lang='lat' dir='ltr'>rigenem,</span> <span class='ocrx_word' id='word_1_269' title='bbox 540 3917 572 3972; x_wconf 88' lang='lat' dir='ltr'>et</span> <span class='ocrx_word' id='word_1_270' title='bbox 596 3911 672 3974; x_wconf 87' lang='lat' dir='ltr'>tanti</span> <span class='ocrx_word' id='word_1_271' title='bbox 694 3910 838 3974; x_wconf 87' lang='lat' dir='ltr'>scandali</span> <span class='ocrx_word' id='word_1_272' title='bbox 860 3909 902 3971; x_wconf 91' lang='lat' dir='ltr'>ob</span> <span class='ocrx_word' id='word_1_273' title='bbox 925 3909 986 3972; x_wconf 89' lang='lat' dir='ltr'>boc</span> <span class='ocrx_word' id='word_1_274' title='bbox 1010 3909 1161 3974; x_wconf 89' lang='lat' dir='ltr'>incitator</span> <span class='ocrx_word' id='word_1_275' title='bbox 1183 3910 1213 3972; x_wconf 94' lang='lat' dir='ltr'>io</span> <span class='ocrx_word' id='word_1_276' title='bbox 1234 3909 1394 3984; x_wconf 87' lang='lat' dir='ltr'>ecelesiis,</span> <span class='ocrx_word' id='word_1_277' title='bbox 1414 3927 1467 3971; x_wconf 86' lang='lat' dir='ltr'>er·</span> 
     </span>
     <span class='ocr_line' id='line_1_36' title="bbox 353 4007 1467 4093; baseline -0.002 -23"><span class='ocrx_word' id='word_1_278' title='bbox 353 4010 480 4090; x_wconf 89' lang='lat' dir='ltr'>pendite</span> <span class='ocrx_word' id='word_1_279' title='bbox 502 4029 579 4075; x_wconf 91' lang='lat' dir='ltr'>num</span> <span class='ocrx_word' id='word_1_280' title='bbox 598 4012 674 4092; x_wconf 82' lang='lat' dir='ltr'>jure</span> <span class='ocrx_word' id='word_1_281' title='bbox 696 4013 727 4074; x_wconf 88' lang='lat' dir='ltr'>in</span> <span class='ocrx_word' id='word_1_282' title='bbox 743 4010 885 4093; x_wconf 87' lang='lat' dir='ltr'>Epistola</span> <span class='ocrx_word' id='word_1_283' title='bbox 909 4011 1052 4092; x_wconf 88' lang='lat' dir='ltr'>paschali</span> <span class='ocrx_word' id='word_1_284' title='bbox 1075 4009 1116 4074; x_wconf 94' lang='lat' dir='ltr'>ll.</span> <span class='ocrx_word' id='word_1_285' title='bbox 1134 4029 1165 4074; x_wconf 90' lang='lat' dir='ltr'>n.</span> <span class='ocrx_word' id='word_1_286' title='bbox 1179 4007 1227 4076; x_wconf 83' lang='grc'>13.</span> <span class='ocrx_word' id='word_1_287' title='bbox 1251 4018 1364 4074; x_wconf 89' lang='lat' dir='ltr'>contra</span> <span class='ocrx_word' id='word_1_288' title='bbox 1386 4010 1467 4071; x_wconf 91' lang='lat' dir='ltr'>huuc</span> 
     </span>
     <span class='ocr_line' id='line_1_37' title="bbox 354 4111 1469 4194; baseline -0.003 -21"><span class='ocrx_word' id='word_1_289' title='bbox 354 4111 427 4175; x_wconf 89' lang='lat' dir='ltr'>zelo</span> <span class='ocrx_word' id='word_1_290' title='bbox 449 4111 569 4176; x_wconf 90' lang='lat' dir='ltr'>lurenti</span> <span class='ocrx_word' id='word_1_291' title='bbox 597 4121 747 4176; x_wconf 86' lang='lat' dir='ltr'>aestuans</span> <span class='ocrx_word' id='word_1_292' title='bbox 768 4115 954 4194; x_wconf 86' lang='lat' dir='ltr'>scripserit:</span> <span class='ocrx_word' id='word_1_293' title='bbox 982 4135 999 4173; x_wconf 79' lang='lat' dir='ltr'>a</span> <span class='ocrx_word' id='word_1_294' title='bbox 1031 4111 1139 4176; x_wconf 82' lang='lat' dir='ltr'>Verum</span> <span class='ocrx_word' id='word_1_295' title='bbox 1160 4131 1225 4174; x_wconf 85' lang='lat' dir='ltr'>aon</span> <span class='ocrx_word' id='word_1_296' title='bbox 1246 4123 1290 4176; x_wconf 83' lang='lat' dir='ltr'>ert</span> <span class='ocrx_word' id='word_1_297' title='bbox 1311 4121 1469 4174; x_wconf 79' lang='lat' dir='ltr'>coartentur</span> 
     </span>
     <span class='ocr_line' id='line_1_38' title="bbox 354 4211 1466 4294; baseline -0.003 -20"><span class='ocrx_word' id='word_1_298' title='bbox 354 4213 552 4292; x_wconf 81' lang='lat' dir='ltr'>(Origenes)</span> <span class='ocrx_word' id='word_1_299' title='bbox 575 4213 631 4275; x_wconf 88' lang='lat' dir='ltr'>boc</span> <span class='ocrx_word' id='word_1_300' title='bbox 651 4214 714 4293; x_wconf 73' lang='lat' dir='ltr'>fiae</span> <span class='ocrx_word' id='word_1_301' title='bbox 734 4212 957 4294; x_wconf 77' lang='lat' dir='ltr'>blasphemiae,</span> <span class='ocrx_word' id='word_1_302' title='bbox 979 4215 1033 4278; x_wconf 84' lang='lat' dir='ltr'>sed</span> <span class='ocrx_word' id='word_1_303' title='bbox 1052 4211 1087 4276; x_wconf 79' lang='lat' dir='ltr'>in</span> <span class='ocrx_word' id='word_1_304' title='bbox 1117 4231 1234 4277; x_wconf 86' lang='lat' dir='ltr'>morem</span> <span class='ocrx_word' id='word_1_305' title='bbox 1256 4211 1466 4276; x_wconf 79' lang='lat' dir='ltr'>lunaticorum</span> 
     </span>
     <span class='ocr_line' id='line_1_39' title="bbox 352 4309 1465 4398; baseline -0.002 -22"><span class='ocrx_word' id='word_1_306' title='bbox 352 4315 491 4397; x_wconf 77' lang='lat' dir='ltr'>[errorem</span> <span class='ocrx_word' id='word_1_307' title='bbox 505 4333 596 4382; x_wconf 84' lang='lat' dir='ltr'>auum</span> <span class='ocrx_word' id='word_1_308' title='bbox 617 4314 757 4382; x_wconf 79' lang='lat' dir='ltr'>illisione</span> <span class='ocrx_word' id='word_1_309' title='bbox 777 4309 962 4381; x_wconf 71' lang='lat' dir='ltr'>sentiemes</span> <span class='ocrx_word' id='word_1_310' title='bbox 983 4315 1200 4398; x_wconf 76' lang='lat' dir='ltr'>spectantium</span> <span class='ocrx_word' id='word_1_311' title='bbox 1221 4315 1395 4382; x_wconf 79' lang='lat' dir='ltr'>salinorum</span> <span class='ocrx_word' id='word_1_312' title='bbox 1411 4311 1465 4394; x_wconf 77' lang='lat' dir='ltr'>eje·</span> 
     </span>
    </p>
   </div>
   <div class='ocr_carea' id='block_1_4' title="bbox 0 0 1580 4950">
    <p class='ocr_par' dir='ltr' id='par_1_7' title="bbox 0 0 1580 4950">
     <span class='ocr_line' id='line_1_40' title="bbox 0 0 1580 4950; baseline 0 0"><span class='ocrx_word' id='word_1_313' title='bbox 0 0 1580 4950; x_wconf 95' lang='lat' dir='ltr'> </span> 
     </span>
    </p>
   </div>
  </div>
 </body>
</html>
