3028 4942
145 456 235 536 Onne
256 461 364 524 antam
384 459 424 524 de
445 457 574 526 Rnfflno
594 460 747 542 diximus,
769 465 831 530 dici
852 466 962 547 nequit
982 463 1022 529 de
1041 483 1067 530 s.
1087 359 1164 530 ἐξ

75 577 222 644 rcnpmo;
238 562 332 642 cnjus
346 561 449 626 codex
462 580 597 644 graecus
610 563 803 628 Periorchon
817 567 858 630 ab
874 571 942 648 ipso
957 568 988 630 la
994 568 1055 631 tine
1077 574 1166 630 tran·

76 662 177 738 slatus,
198 662 238 723 ab
260 664 349 726 initio
369 663 408 724 ad
431 664 524 727 duem
541 665 675 728 ialsatns
695 674 765 730 erat
786 669 826 730 ab
847 668 1015 732 haereticis
1024 687 1037 747 3
1060 669 1103 730 ite
1125 674 1164 732 nt

75 781 147 842 qnae
166 763 319 842 Origenes
340 766 391 844 pie
412 773 445 828 et
464 766 647 830 orthodoxe
667 769 698 828 in
720 766 768 829 his
788 767 879 831 libris
899 769 1027 849 scripsit
1048 769 1164 831 adrer-
1245 797 1250 800 ·

74 881 119 925 sus
139 865 349 940 marcionitas,
369 866 599 930 valentinianos
613 876 645 931 et
659 868 874 945 basilidianos,
893 874 923 934 in
944 887 1072 934 sensum
1088 889 1165 934 con·

78 965 196 1028 crarium
228 983 320 1029 versa
343 968 427 1047 sint3
457 984 583 1048 suoque
611 971 728 1033 nomini
759 971 910 1051 inscripta
932 970 1100 1050 dogmata,
1122 971 1161 1032 ad

75 1083 145 1143 quae
163 1067 373 1147 expugnanda
388 1070 421 1130 in
442 1069 502 1132 boc
524 1069 631 1149 Opere
651 1073 794 1135 studiose
815 1073 976 1134 contendit
990 1081 1023 1134 et
1040 1073 1164 1136 sincere

77 1169 201 1230 raritatis
221 1170 355 1233 sinder:
376 1177 459 1236 etnt
473 1171 513 1232 ab
533 1173 624 1234 initto
644 1171 733 1248 dicit,
747 1173 901 1237 adsersus
915 1179 1060 1236 errantes
1074 1173 1165 1236 dimi·

77 1283 148 1344 cans,
168 1270 367 1349 apostolicae
385 1277 417 1334 et
429 1271 662 1335 ecclesiastieae
684 1271 862 1336 traditionis
879 1273 1119 1336 manuductus.

141 1368 194 1434 His
214 1373 317 1450 igitur
336 1374 517 1451 praemissis
533 1373 571 1435 de
591 1373 772 1438 conditione
793 1375 941 1438 codicum
963 1376 1164 1455 origeniano-

78 1487 247 1552 rampuns
269 1474 434 1537 consuluit
453 1481 486 1536 et
507 1476 704 1554 transcripsit
724 1493 758 1536 s:
773 1471 972 1554 Pamphilus,
994 1484 1027 1540 et
1047 1493 1163 1542 eorum

81 1587 143 1648 qnos
161 1571 250 1652 legit,
275 1575 437 1654 vertitque
454 1573 617 1648 Rudinus,
636 1575 689 1637 ubi
712 1577 738 1637 is
758 1577 913 1639 nonnulla
931 1575 1016 1640 risus
1037 1584 1085 1640 est
1105 1577 1165 1640 ial-

82 1683 131 1733 sata
148 1675 445 1753 comprehendisse,
470 1677 659 1753 praesertim
681 1676 721 1738 do
742 1673 858 1738 Triade
878 1685 1099 1753 sacrosancta,
1121 1677 1163 1740 ad

81 1777 259 1851 propositum
289 1783 517 1850 revertamur,
543 1778 729 1839 uarietatem
759 1777 995 1842 considerantes
1015 1779 1163 1842 codicum

78 1881 102 1935 et
114 1873 220 1938 Rudini
237 1886 271 1940 et
286 1875 473 1958 Hieronymi
496 1878 527 1938 iu
544 1879 658 1940 ceteris
676 1878 839 1956 variisque
859 1871 1098 1959 quaestionibus
1118 1879 1166 1940 di·

78 1979 184 2039 scussis.
199 1977 230 2042 Si
249 1979 333 2040 eninr
349 1975 388 2040 de
402 1997 427 2040 s.
443 1976 559 2040 Triade
575 1979 653 2042 nibil
667 1980 810 2042 sincerae
823 1977 940 2042 Hnfflni
955 1982 1093 2043 versioni
1108 1979 1166 2043 cb·

78 2075 127 2139 init
143 2080 358 2159 quarumdam
379 2081 621 2160 expressionum
635 2081 825 2144 instauratio
846 2089 884 2144 ut
899 2082 958 2144 ista
979 2082 1074 2145 alteri
1090 2080 1166 2145 Hie·

76 2183 183 2264 ronymi
205 2181 407 2245 translationi
429 2182 637 2262 praeferenda
659 2183 885 2257 existimetur,
908 2183 985 2264 quid
1007 2183 1097 2248 nobis
1118 2182 1164 2248 di·

75 2281 194 2344 rendum
215 2285 281 2362 epit
302 2283 342 2345 de
364 2284 479 2346 ceteris
502 2283 711 2359 tractatibus,
734 2289 768 2346 et
787 2287 961 2363 praecipue
981 2285 1020 2347 de
1042 2284 1166 2348 naturis

76 2385 297 2465 rationalibns3
313 2384 476 2465 inquibus
498 2383 647 2448 linitione
661 2405 702 2448 es
724 2402 840 2464 graeco
860 2385 958 2448 latine
975 2385 1168 2449 transieran-
1205 2427 1207 2432 ,

76 2481 114 2544 dis
126 2503 156 2546 se
170 2487 250 2549 nihil
274 2496 413 2548 mutasse
429 2486 607 2549 obtestatus
621 2484 695 2550 est?
709 2484 760 2548 Oh
777 2489 913 2560 utinam,
929 2487 1037 2550 denuo
1049 2487 1165 2561 dicam,

77 2585 157 2648 ambo
176 2605 236 2668 pro
260 2587 543 2650 contestationibus
557 2605 574 2647 a
590 2587 685 2666 longe
705 2595 820 2652 mutuo
842 2587 946 2664 tactis,
968 2605 1030 2652 nna
1051 2604 1170 2652 conve·

77 2685 179 2750 sinent
199 2698 233 2753 et
254 2688 473 2774 Hieronymus
493 2697 526 2750 et
547 2687 709 2763 linitione,
733 2697 857 2752 textum
871 2705 1024 2769 graecum
1046 2687 1170 2751 utrius·

77 2803 130 2866 qus
142 2790 272 2865 codicis,
295 2809 361 2872 qno
376 2799 514 2871 uterque
528 2791 699 2870 separatim
715 2809 792 2854 nsns
807 2798 866 2865 est,
882 2788 1056 2855 collaturi!
1073 2786 1165 2853 Tunc

77 2905 140 2954 sane
157 2911 182 2957 s.
206 2893 426 2977 Hieronymus
458 2891 762 2972 comprehendisset,
784 2900 883 2972 atque
913 2891 1060 2956 indubias
1081 2907 1170 2954 com·

78 3003 234 3077 portasque
258 2996 421 3059 habuisset
440 2995 559 3059 codicis
580 2995 642 3070 sni,
658 3011 755 3075 quem
776 2993 874 3057 latine
895 2994 1005 3068 vertit,
1028 2994 1170 3072 interpo-

77 3092 209 3174 lationes,
231 3099 471 3178 corruptiones,
489 3093 684 3169 falsationes,
701 3094 889 3158 arbitrarius
910 3101 943 3156 ot
964 3093 1031 3156 ulla
1047 3093 1170 3171 absque

78 3195 256 3263 discretione
276 3201 422 3279 expletas
441 3197 719 3277 interpretationes
739 3195 907 3277 cujusdam
927 3197 1033 3274 graeci
1050 3193 1170 3274 glossa·

80 3301 145 3362 toris
164 3310 195 3366 et
214 3301 346 3381 qnidam
368 3301 472 3363 malae
493 3300 578 3373 bdei,
601 3301 657 3379 qni
679 3297 860 3359 omnimode
874 3295 1034 3358 librorum
1057 3293 1172 3374 Origo·

80 3397 117 3460 nis
136 3401 229 3463 rerba
245 3403 403 3480 pervertit
418 3407 451 3462 et
468 3415 607 3462 sensum.
626 3397 786 3468 Proiecto,
807 3396 951 3474 inquam,
969 3395 1007 3456 de
1023 3394 1084 3458 hoc
1099 3410 1171 3473 gra·

81 3497 107 3558 ri
124 3503 246 3580 negotio
272 3499 304 3562 in
328 3517 430 3563 naum
457 3500 548 3564 iactis
569 3495 723 3572 Hnitiuo,
748 3493 948 3575 Theophilo,
971 3493 1171 3578 Hieronymo

83 3605 110 3659 et
126 3597 312 3683 Epiphanio,
325 3619 363 3663 ac
378 3601 525 3664 codicum
546 3607 579 3664 et
594 3603 779 3663 versionum
800 3598 961 3678 cujusque
981 3613 1095 3658 corum
1118 3613 1173 3657 ra·

82 3701 182 3766 rietate
202 3707 355 3783 inspecta,
379 3711 509 3784 praeter
529 3721 596 3778 eas,
611 3719 693 3782 quas
712 3701 839 3782 spurias
859 3698 1032 3762 statuimus
1050 3697 1089 3760 de
1104 3695 1172 3760 Deo

83 3795 177 3876 Patre,
199 3812 230 3868 et
252 3804 336 3868 Filio
351 3813 382 3868 et
403 3803 525 3883 Spiritu
546 3801 662 3868 Sancto
684 3801 909 3880 blasphemias,
925 3817 1005 3880 quas
1027 3817 1170 3879 nnqnarn

84 3913 115 3960 ne
132 3912 231 3966 mente
251 3901 542 3984 quidem'revclrit
562 3903 732 3982 Origenes,
749 3903 780 3963 in
795 3901 910 3964 ceteris
931 3915 1063 3980 qnoque
1084 3899 1172 3964 hand

85 3999 201 4068 minoris
216 4005 380 4079 momenti,
402 4005 533 4070 tolidem
548 4005 702 4068 falsitates
721 4003 860 4084 praelati
884 4002 945 4064 riri
965 4002 1170 4077 invenissent,

83 4096 163 4166 libris
176 4105 216 4170 lte
230 4103 406 4187 Principiis
419 4107 565 4183 insertas,
582 4115 733 4187 tanquam
747 4123 788 4168 ex
805 4121 904 4185 opere
919 4102 1073 4183 perfidiae
1085 4121 1172 4168 enra-

87 4211 201 4288 nantes,
221 4217 255 4274 et
273 4223 356 4290 quas
376 4207 497 4288 ubique
517 4209 642 4290 penitus
663 4205 852 4286 reprobarit
872 4203 1009 4271 huntur.
