3066 4950
105 531 198 618 urchi.
216 547 292 596 cnm
314 530 513 598 Neolauritis
534 529 715 596 dissidendo
736 531 777 596 de
797 527 865 596 suis
884 533 973 596 scitis
994 527 1213 612 dogmatibus,

102 635 133 696 iu
154 639 268 696 mutua
298 635 539 715 impugnatione
559 633 710 714 occupati
742 640 829 699 suot.
851 629 961 713 Atque
994 641 1216 714 utrorumque

101 735 231 814 quidem
255 737 413 814 mutiplex
436 737 594 816 impietas,
611 737 673 800 lroc
695 742 842 816 tempore
858 751 916 814 per
936 733 1128 814 quosdame
1143 751 1218 814 gre·

101 853 140 914 ge
160 843 274 898 nostro
295 837 380 900 riroa
408 834 477 901 Deo
497 853 591 901 uaros
622 835 822 901 accurationi
855 834 1037 916 lusiorique
1067 850 1218 902 sermone

97 934 289 1000 conidtatur
306 945 338 1000 ct
352 939 582 1003 convenienter
603 939 776 1002 evertitur.
793 935 904 1001 Facile
926 953 1005 1002 sero
1026 944 1075 1001 est
1096 937 1219 1017 cuique
1313 927 1322 939 ’

101 1037 236 1113 solenti,
259 1052 375 1102 eorum
405 1041 602 1118 impietatem
622 1035 882 1103 animadvertere
914 1056 956 1102 ex
976 1037 1053 1119 ipsis
1073 1039 1220 1118 appella·

101 1137 255 1216 tionibus,
276 1140 396 1230 quibus
418 1141 477 1220 ipsi
498 1159 533 1203 se
552 1159 587 1204 se
606 1147 734 1204 «mutuo
756 1148 955 1217 nuncupent.
978 1137 1110 1206 Scilicet
1132 1137 1219 1204 Nco·

100 1239 243 1306 lauritae
270 1254 339 1318 eos,
361 1242 418 1321 qui
440 1239 575 1306 Firmini
593 1248 693 1315 aaut,
718 1239 925 1322 prdtoctistas
955 1241 1026 1306 siro
1052 1239 1221 1308 tetraditas

101 1347 232 1422 vocant3
248 1360 431 1430 rursusque
453 1343 647 1408 tirmiuiotae
661 1339 873 1408 Neelauritas
893 1341 1060 1406 nominent
1080 1337 1220 1408 laochsi·

99 1450 178 1509 stos.
199 1440 341 1525 Utrique
361 1444 446 1508 euius
469 1461 511 1508 es
533 1443 675 1525 propriis
706 1441 879 1525 impietatis
899 1460 979 1508 suae
1003 1441 1144 1510 decretis
1164 1459 1220 1506 ao·

103 1547 189 1610 nius
210 1545 326 1610 sortiti·
338 1551 426 1609 suut.
747 1613 753 1620 ,
1153 1571 1158 1580 ·

181 1645 296 1712 «Cum
317 1663 397 1728 ergo
417 1644 609 1712 Theodorus
627 1641 850 1729 Cappadociae
872 1646 1072 1728 reipublicae
1093 1645 1221 1728 negotis

100 1746 354 1824 administraret,
386 1766 426 1812 aa
446 1757 586 1813 starcia
616 1749 763 1828 partibus
796 1746 1063 1824 lsoclrristorum,
1095 1765 1219 1829 cosque

103 1857 278 1927 tueretnr3
301 1850 489 1929 multosque
510 1851 655 1930 ipsorum
691 1850 861 1932 episcopos
884 1848 1086 1914 Palaestinas
1105 1867 1147 1914 ae
1165 1851 1220 1914 ire·

100 1967 258 2030 gemenas
279 1952 431 2014 conmitui
452 1951 595 2036 lecisset,
609 1969 668 2015 nec
685 1969 748 2015 non
771 1949 982 2016 Theodorum
1002 1949 1116 2016 Norae
1136 1949 1222 2016 tsn-

103 2070 161 2116 rae
183 2051 404 2130 praepositum
427 2061 650 2133 procurasset,
667 2053 737 2118 lieri
759 2051 873 2120 Crucis
894 2052 1076 2130 custodem,
1098 2060 1132 2116 et
1151 2071 1222 2138 scy-

106 2153 387 2234 thopolitanorum
409 2154 666 2236 metropolitam,
696 2153 864 2236 procellae
889 2160 989 2228 atque
1018 2157 1223 2234 tempestates

101 2255 423 2337 comprehenderunt
450 2273 514 2320 nou
544 2256 653 2320 solum
682 2267 830 2322 nostrum
859 2272 1002 2337 gregem,
1033 2255 1089 2320 sed
1121 2255 1219 2321 etiam
1343 2319 1347 2326 ,

99 2375 191 2434 eum,
208 2356 265 2438 qui
279 2356 467 2437 impiissimo
488 2357 686 2424 Protoctisto
705 2357 847 2439 dogmati
869 2356 1079 2436 adhaerebat,
1095 2359 1219 2440 quique

100 2457 306 2542 praelectum
328 2457 469 2523 habebat
489 2459 661 2525 isidorum.
684 2459 747 2526 llic
768 2458 925 2533 isidorus,
947 2461 1023 2541 qnia
1044 2475 1109 2524 uon
1131 2459 1219 2524 sale·

100 2561 159 2626 bat
181 2561 318 2626 Ascliae
338 2566 372 2626 et
391 2559 594 2628 Naolauritis
625 2563 789 2638 resistere,
810 2563 850 2625 sd
882 2563 1032 2633 abbatem
1054 2559 1218 2626 Cononem

99 2664 209 2747 nostri
226 2666 333 2745 gregis
354 2669 516 2744 pastorem
539 2665 711 2730 transiliet
730 2662 910 2744 eoussu1i13
933 2671 1033 2745 atque
1053 2663 1219 2744 pollicitus

101 2768 132 2830 ei
155 2767 318 2832 insaucia
339 2766 448 2844 Sioua,
469 2785 505 2832 se
526 2783 692 2847 nunqnam
714 2765 924 2831 deiensurum
948 2763 1219 2830 Praescisteatice

98 2871 307 2946 senteutiam,
340 2867 395 2932 sed
417 2869 566 2934 omnibus
588 2867 713 2932 viribus
732 2883 797 2932 uus
826 2874 1031 2932 certaturum
1062 2864 1219 2931 adsersus

99 2970 312 3052 impietatem,
334 2989 410 3038 cum
431 2972 501 3053 ipso
522 2969 833 3050 Constantinopolim
855 2968 1022 3050 proiectus
1043 2976 1103 3032 est.

185 3091 202 3131 r
217 3069 258 3136 N.
273 3069 324 3138 9⁰.
342 3072 450 3136 Albas
471 3089 548 3152 ergo
564 3071 674 3140 Conon
690 3071 827 3153 ejusque
847 3072 980 3136 comites
995 3069 1219 3135 Constantino·

100 3173 172 3255 poli
192 3173 328 3238 dirersis
341 3189 401 3253 per
421 3170 573 3237 Aseidam
593 3173 732 3254 subiecti
748 3173 923 3248 aerumnis,
946 3171 1099 3252 patientia
1115 3170 1216 3234 riete-

101 3277 186 3338 riam
208 3280 430 3356 reportarunt.
446 3272 587 3355 Aliquot
600 3273 684 3338 enim
700 3273 876 3355 interjectis
898 3273 1023 3348 diebus,
1040 3290 1114 3335 eum
1136 3290 1154 3335 e
1171 3271 1220 3334 ri·

100 3385 134 3440 ta
155 3376 352 3442 discessisset
374 3375 492 3442 Petrus
512 3376 787 3457 archiepiscopus,
814 3383 847 3438 et
868 3371 1033 3438 Macarius
1055 3373 1218 3436 temerita-

99 3487 133 3541 te
153 3474 429 3542 Neelauritarum
449 3483 535 3542 esset
555 3476 737 3550 ordinatus,
761 3476 952 3554 bellumque
972 3480 1116 3536 sanctam
1139 3473 1217 3536 cisi·

100 3584 203 3642 tatem
226 3584 362 3653 teneret,
385 3578 547 3658 piissimus
568 3577 699 3658 qnidam
723 3575 907 3657 imperator
922 3573 1015 3636 valde
1037 3573 1220 3652 indignatus

100 3684 216 3744 contra
247 3678 398 3742 Ascidam
420 3686 453 3742 et
474 3679 677 3758 origenistas,
708 3675 890 3744 Macarium
910 3676 1007 3756 jussit
1026 3674 1067 3736 alt
1098 3674 1222 3754 episco-

101 3788 186 3860 patu
206 3780 340 3860 capelli.
367 3779 478 3846 Conon
502 3798 581 3844 raro
602 3779 700 3844 abbas
714 3787 747 3844 et
768 3779 859 3856 socii,
877 3777 1121 3859 opportunitate
1143 3781 1223 3837 tem·

99 3882 190 3960 poris
211 3889 356 3962 arrepta,
379 3899 465 3962 quae
496 3880 536 3942 ad
559 3881 644 3960 ipsos
676 3880 893 3961 pertinebant,
928 3876 1119 3956 imperatori
1141 3883 1218 3937 uota

99 3984 266 4056 lecerunt,
288 3982 438 4046 libellum
459 3982 489 4046 ei
512 3981 728 4056 tradiderunt,
753 3981 938 4044 universam
968 3978 1219 4058 origenistarum

97 4083 300 4162 impietatem
324 4082 584 4160 manifestarunt,
610 4079 737 4146 isidoro
755 4082 823 4162 ism
847 4089 991 4176 mortuo.
1015 4077 1125 4158 atque
1145 4075 1219 4138 inde

98 4203 179 4252 cous
205 4187 308 4250 multa
342 4185 472 4262 tidueia,
501 4183 717 4250 Eustochium
743 4184 962 4248 Alexandriae
991 4195 1218 4253 oeconomum,

97 4290 159 4370 qui
180 4288 457 4370 Constantinopoli
480 4295 557 4354 tunc
586 4286 734 4368 degebat,
756 4287 943 4367 episcopum
975 4281 1220 4366 Hierosolymo·

191 4385 255 4452 Vel.
279 4385 301 4451 Ι
306 4386 334 4451 V.
510 4381 514 4392 '
1059 4380 1100 4450 20
