3138 4950
99 496 179 552 aunt
199 485 305 562 nobis,
336 485 578 567 praedioentme
602 489 777 553 horumne·
798 503 857 554 ooo
876 503 989 552 omnen
1009 493 1047 552 ιιι
1069 485 1099 552 to
1121 391 1219 556 nnaa⁵n¹n

98 587 315 667 eamdemque
329 584 531 651 catholicam
551 595 585 652 et
602 587 826 668 Aoootolieam
846 586 1026 654 Ecclesia·
1048 593 1219 656 convenia·

100 691 161 754 tio:
185 689 251 752 imo
273 690 380 770 potino
401 705 567 770 rogamus.
601 688 717 771 Neque
738 691 823 755 enim
845 691 943 772 piget,
967 694 1093 756 tametsi
1115 695 1145 756 in
1168 713 1217 760 re·

98 791 165 872 gali
186 790 315 872 fastigio
334 791 488 858 oolioonti
507 793 621 868 simun,
644 791 833 874 hujusmodi
864 793 971 858 veroin
992 795 1039 859 nti
1060 813 1120 876 pro
1143 815 1218 860 oon·

99 899 246 960 nomnen
268 892 465 958 adunatione
478 893 624 958 omnium
646 895 914 973 christianorum,
932 903 969 960 ot
983 899 1047 960 oon
1061 895 1102 960 ab
1116 899 1218 961 omni·

98 994 161 1058 bna
181 994 376 1076 glorificatio
397 995 564 1060 tribuatur
583 995 652 1061 Deo
672 996 796 1078 optimo
820 993 974 1075 maximo,
996 1003 1031 1062 et
1049 996 1217 1063 servatori

97 1101 214 1160 noaino
234 1094 315 1161 Jenu
335 1095 465 1163 Curiata
476 1115 488 1174 3
509 1113 549 1160 ao
569 1114 665 1160 nomo
686 1097 837 1178 deinceps
858 1099 985 1162 inanem
1007 1107 1214 1179 praetextum

99 1197 273 1278 armoieno,
288 1201 375 1264 cinea
396 1215 549 1286 nemeaea
566 1209 626 1264 ant
645 1199 787 1284 syllanae
809 1202 949 1264 rixetur.
966 1200 1133 1280 Siquidem
1153 1202 1219 1282 ayl-

98 1299 195 1364 tonna
215 1301 254 1365 nd
278 1318 375 1366 unam
408 1301 621 1382 eamdemque
643 1301 738 1364 tidem
759 1309 793 1366 et
822 1301 1066 1381 intelligentiam
1098 1302 1217 1382 perdu-

100 1410 195 1479 aunt,
225 1420 278 1480 eo,
308 1404 365 1484 qni
388 1405 543 1469 haetenus
574 1404 605 1467 io
634 1411 745 1468 anneta
767 1402 935 1468 catholiea
966 1409 999 1466 et
1027 1403 1214 1484 dpoutolioa

99 1502 162 1568 Dei
182 1499 327 1570 Edetania
346 1503 501 1580 obtinuit,
519 1521 609 1568 more
623 1511 725 1585 atque
745 1511 834 1569 niatu
856 1503 952 1568 dumo
972 1513 1005 1569 ot
1025 1505 1216 1569 inoooouaao

98 1609 134 1670 in
156 1589 324 1687 poetert'tm
346 1613 506 1686 perpetuo
529 1612 722 1670 manente.»

188 1703 301 1772 «Huic
314 1707 435 1783 edioto,
449 1706 558 1770 anbdit
571 1703 744 1785 Boagrius,
757 1711 867 1769 omnes
882 1704 1012 1786 quidem
1027 1724 1217 1788 conuensum

98 1825 198 1874 auum
209 1809 509 1882 accommodarunt,
525 1815 647 1870 neotum
663 1808 694 1868 in
715 1824 754 1870 eo
776 1806 870 1870 fidem
886 1825 925 1871 ao
945 1807 1124 1870 doctrinam
1141 1825 1215 1886 pro·

102 1908 283 1991 mutuatam
304 1929 374 1974 eona
395 1909 547 1974 dieentea.
569 1907 708 1973 ttuttun
737 1917 843 1972 tamen
865 1927 907 1972 ex
928 1909 1082 1972 memoria
1102 1906 1215 1972 linote-

99 2015 183 2090 atae,
201 2029 287 2093 qnae
301 2011 432 2075 diaoiann
447 2011 590 2086 inerant,
606 2009 646 2073 ad
663 2010 831 2091 pristinam
848 2009 945 2074 rediit
960 2011 1129 2089 unitatem3
1142 2029 1217 2089 pro·

96 2120 211 2194 pterea
226 2111 315 2194 quod
329 2112 462 2180 diuortia
478 2112 584 2182 verbio
595 2111 745 2176 edixerat
766 2111 963 2192 lmoerator,v
980 2119 1017 2174 ιιι
1032 2109 1145 2174 damna
1167 2119 1214 2172 at*

97 2233 166 2297 que
179 2219 333 2280 immotos
353 2215 566 2280 eooieaieaom
588 2221 693 2280 atatua
712 2218 903 2280 tentaretur
916 2215 948 2277 in
961 2220 1151 2294 ¹pontinum,
1172 2213 1214 2275 si·

98 2323 159 2380 out
179 2323 271 2380 antea
292 2326 442 2380 nortatus
463 2315 615 2381 inerat.»

97 2413 100 2418 ’
181 2418 233 2482 Ab
254 2418 305 2482 hie
325 2419 451 2482 iuterim
470 2418 624 2498 uubjeotia
648 2417 723 2483 huin
753 2415 860 2482 edieto
879 2415 1010 2496 Evagrii
1031 2414 1215 2480 assertioni·

98 2521 175 2595 uno,
190 2517 356 2584 teatinum
377 2519 529 2599 arguitur
548 2517 691 2582 altarum
714 2527 895 2596 repeterea
911 2516 1093 2583 Iustiniana
1115 2515 1215 2595 panio
1283 2597 1288 2606 Ι

98 2631 175 2686 aute
188 2621 432 2701 onbnoriptom5
453 2627 487 2685 ot
504 2621 578 2684 hino
599 2621 695 2685 eiiam
717 2635 833 2684 oanaan
855 2621 886 2684 in
900 2622 970 2684 'hoo
986 2619 1056 2698 ipae
1070 2617 1148 2682 lieet
1169 2619 1216 2681 in·

97 2725 414 2804 interemtionem
438 2723 521 2787 hano
542 2721 616 2786 odet
645 2721 879 2804 protensionem
901 2722 1044 2784 emiserit
1065 2717 1214 2784 lustinus

96 2824 130 2886 in
147 2824 367 2902 assumptione
380 2824 522 2903 imperii,
540 2823 769 2903 mandavitque
791 2821 994 2902 promulgari
1007 2821 1038 2882 in
1052 2819 1211 2896 oculatim

96 2932 136 2989 nt
156 2925 328 2990 aohiemata
352 2928 505 2990 nimirum
527 2925 726 2989 tollerentur
745 2925 887 2988 excitata
908 2930 1043 3004 propter
1070 2920 1214 3002 ejttadetn

98 3025 271 3092 Iustiniani
294 3025 460 3090 decretum
478 3028 516 3088 de
529 3021 831 3106 inemptidilitota
850 3023 991 3104 eorporit
1009 3019 1125 3087 coron
1144 3031 1216 3087 unio

97 3129 372 3194 resurrectionem.
389 3128 431 3193 Et
455 3131 518 3192 hoo
540 3129 681 3208 amplius
703 3127 866 3207 protatur
893 3126 933 3189 ab
950 3127 998 3189 hin
1022 3142 1108 3205 quae
1124 3142 1216 3203 onaa-

98 3230 187 3294 misit
208 3229 366 3312 Euagrius
396 3232 488 3295 initio
509 3229 598 3294 Libri
620 3228 659 3293 V.
680 3229 849 3310 inquiente
875 3249 891 3288 n
913 3227 1060 3290 Primum
1083 3244 1162 3290 voro
1182 3245 1215 3288 ιιὲ
1263 3283 1267 3291 .

97 3331 224 3396 dietum
237 3330 385 3397 inatinnn
407 3332 639 3414 promulgavit:
657 3349 725 3414 quo
746 3331 890 3397 uuiaet-ai
905 3329 962 3410 qni
977 3331 1099 3410 ubique
1121 3333 1215 3392 erant

97 3437 285 3514 congregati
313 3433 466 3517 (reieqoti
495 3435 575 3517 legit
596 3432 823 3516 Nicephorua)
849 3431 1035 3496 sacerdotes
1066 3431 1106 3495 ad
1137 3446 1213 3496 euna

95 3536 190 3601 iodea
211 3536 466 3616 dimitterentur,
481 3545 519 3603 ot
539 3545 695 3603 oonaueto
718 3535 809 3602 more
824 3535 932 3599 diuino
953 3535 1057 3599 uultui
1080 3534 1215 3597 innervi-

95 3646 184 3715 nent,
206 3639 297 3702 nulia
318 3655 356 3704 re
375 3640 463 3704 eirea
485 3639 579 3705 ddem
602 3641 802 3704 innovata.»

177 3737 260 3803 Com
279 3729 394 3822 itaque
415 3741 584 3804 mandaret
607 3737 762 3806 ΙΙιιιιὶιιιιι
783 3741 823 3803 ad
844 3757 919 3804 suaa
940 3739 1032 3802 uedeo
1052 3739 1214 3802 dimitten-

96 3841 157 3904 doa
177 3843 357 3922 episcopos,
379 3843 454 3906 ilion
484 3842 729 3921 comprehendit
749 3860 767 3906 a
789 3841 974 3908 Iustiniana
994 3841 1149 3920 exonlaoa
1169 3840 1212 3904 ob

97 3943 279 4024 oneratam
314 3943 611 4025 incorruptibilium
642 3948 877 4026 quaestionem.
916 3940 981 4020 Qut
1014 3952 1132 4019 tamnu.
1164 3945 1212 4006 nti

98 4050 211 4124 postea
233 4047 358 4111 notavit
388 4046 571 4112 Historiam
593 4048 625 4110 in
647 4063 674 4110 e.
700 4045 755 4110 lv.
778 4049 809 4108 io
830 4044 1002 4109 schismate
1023 4061 1212 4125 permen·

96 4155 158 4222 teo,
181 4147 221 4210 ad
244 4150 412 4230 palatinum
434 4149 615 4212 notuerunt
636 4147 744 4212 redire
766 4148 933 4210 unitatem.
958 4145 1145 4224 Quaenam
1169 4146 1210 4207 ita

94 4249 171 4330 nint,
194 4257 319 4318 eonotat
354 4249 474 4319 Juotiui
495 4249 638 4318 edietum
658 4249 835 4334 praeeipue
866 4259 1112 4330 repraesentare
1131 4247 1212 4312 aite-
