3048 4946
96 457 203 527 mults
215 495 218 500 -
232 455 412 526 crudeliter
431 461 521 528 cirea
542 459 690 528 diversos
716 415 870 528 disconos
889 464 923 526 et
951 460 1087 528 clericos
1106 358 1208 536 ιῐὲοιοδ.

95 560 157 642 qui
177 559 223 624 eis
243 559 418 626 consentiri
440 561 570 640 uniunt,
592 568 665 628 acta
685 579 755 626 esse
769 561 822 628 rel
841 561 891 642 aqi
901 581 915 640 ;
936 559 1210 642 interdictumque

94 680 169 727 esse
187 662 337 728 omnibus
358 663 512 742 mnne,
533 681 575 728 ne
594 662 635 730 ad
656 661 877 730 modoinum
899 661 1020 746 Papam
1040 663 1206 730 accedant.

93 759 146 826 De
166 763 283 845 quibus
302 763 453 842 omnibus
472 769 569 830 etc.»

178 863 271 931 Circa
293 865 392 947 buius
412 866 569 947 epistolae
589 865 833 944 anctoritatem,
858 871 892 930 et
911 865 1104 947 priusquam
1124 865 1212 948 ejus·

95 963 173 1030 deur
189 966 405 1051 disquiramus
420 976 541 1049 partes,
553 969 727 1050 quisquam
741 975 843 1044 certe,
854 975 948 1050 puto,
963 969 1098 1033 oculnm
1111 986 1210 1034 sunm

97 1065 178 1146 liget
196 1067 228 1132 in
249 1077 411 1148 postrema
427 1070 539 1148 rerba,
556 1071 611 1136 ubl
625 1069 769 1152 legiturc
785 1067 873 1134 Horo
892 1069 976 1134 enirn
989 1067 1097 1134 osonio
1116 1088 1212 1151 quoe·

94 1167 175 1234 &sn
192 1167 392 1250 fidelissimos
408 1188 559 1251 perenm
578 1191 599 1235 u
618 1169 894 1252 Constantinopoli
911 1169 1067 1236 uenientes
1086 1179 1144 1236 stc.
1164 1167 1213 1236 Si·

96 1270 174 1350 quis
195 1271 304 1353 itaque
331 1289 424 1338 nome
446 1273 524 1336 retit
544 1273 659 1354 quales
681 1271 802 1338 inerint
830 1273 910 1338 istae
929 1269 1125 1352 fidelissimos
1141 1289 1214 1352 per·

98 1389 210 1448 sonos,
225 1372 342 1454 procui
364 1373 467 1438 dnbio
486 1375 585 1451 sciat,
606 1373 862 1440 brandeorum
883 1374 1017 1442 clamem
1038 1374 1212 1454 pertinere,

97 1471 275 1553 dequibus
289 1471 426 1554 vigilius
442 1476 522 1555 ipse,
545 1474 695 1556 Pelagius
713 1475 736 1542 l.
752 1494 790 1541 ac
810 1493 1014 1542 successores
1037 1472 1213 1540 admodum

98 1573 269 1655 conquesti
289 1583 378 1653 sunt,
400 1581 516 1654 utpote
547 1572 769 1651 iniquioribus,
791 1575 1041 1658 corruptoribus
1061 1580 1094 1640 et
1114 1575 1212 1642 interr

96 1674 304 1756 potatoribus
324 1675 444 1758 Synodi
466 1674 505 1744 V.
537 1677 711 1756 bistoriaep
743 1685 776 1744 et
797 1677 882 1742 unde
910 1676 1033 1744 tamdiu
1063 1692 1213 1758 permee-

1 1853 2 1858 ¹
99 1775 190 1840 rosit
214 1776 245 1839 iu
268 1776 413 1843 ecclesiis
431 1777 685 1844 occidentalibus
706 1778 872 1842 dissidium
893 1778 933 1842 ad
954 1775 1151 1859 simplicium
1171 1774 1210 1845 il:

1 1929 2 1962 ,
97 1876 261 1942 lusionem
274 1887 308 1942 et
322 1881 475 1959 grandem
494 1881 677 1946 animarum
698 1879 884 1959 perniciem.
906 1875 1125 1945 Fidelissima
1140 1894 1212 1954 per·

1 2061 2 2070 ἵ
96 1997 199 2042 senec
218 1997 259 2044 ex
281 1981 345 2044 illis
365 1989 441 2046 sunt
456 1981 555 2048 trium
571 1980 800 2064 capitulorum
819 1972 1057 2058 dc'ieusoribus,
1078 1986 1111 2045 et
1130 1977 1213 2044 Pon·

1 2137 2 2170 3
101 2079 199 2144 tilicis
229 2078 367 2146 Romani
388 2081 521 2148 decreto
543 2081 778 2160 resistentibus,
799 2082 856 2164 qni
881 2081 982 2164 ipsius
1010 2077 1215 2146 insimulandi

100 2182 306 2248 ucmsioneur
327 2183 413 2248 nacti
433 2191 521 2262 sunt,
548 2191 607 2250 aut
631 2184 841 2266 reprobantes
855 2181 1057 2262 indicatum,
1081 2199 1142 2248 seu
1156 2181 1215 2248 ob·

1 2343 2 2350 ,
101 2289 277 2348 tractantes
293 2285 437 2367 eiusdem
453 2287 694 2364 auctoritatem,
708 2292 769 2353 ant
781 2284 971 2352 corumdem
984 2283 1215 2368 capitulorum

101 2383 341 2452 damnationem
364 2389 530 2452 sarimode
549 2390 764 2471 interpretati.
1024 2469 1029 2478 ,

185 2485 326 2565 Revera,
349 2489 588 2556 calumniarum
609 2490 797 2566 artificium,
813 2489 1073 2572 laisitatumquc,
1094 2485 1215 2570 quibus

101 2588 241 2670 epistole
260 2598 374 2667 scatet,
402 2591 470 2674 jam
502 2592 542 2654 ab
563 2593 632 2673 ipso
654 2599 812 2674 tempore,
836 2610 904 2672 quo
925 2591 1005 2655 baec
1025 2588 1138 2655 eadem
1158 2605 1215 2667 ap·

101 2699 200 2774 parm
232 2691 363 2769 dictata,
384 2692 547 2758 invenitur
572 2695 772 2759 denudatam
793 2701 826 2760 ct
845 2691 1090 2762 conlutalnmn
1121 2706 1216 2771 prae·

104 2792 182 2857 iatis
203 2794 359 2874 penninis,
381 2802 414 2860 et
434 2803 529 2858 extra
550 2813 646 2860 omne
669 2796 805 2862 dubium
820 2859 821 2866 ,
836 2797 947 2878 positis
977 2811 1015 2858 nc
1037 2792 1214 2861 universim

104 2893 264 2976 probatis,
284 2895 403 2960 litteris
425 2894 532 2976 vigilii
556 2897 664 2978 Papae
683 2897 724 2961 nd
747 2897 917 2965 Rusticum
939 2904 973 2963 et
992 2895 1215 2966 Sebastianum

105 2997 299 3079 praecipuos
316 2997 415 3080 bajus
434 2998 575 3064 scandali
591 3008 836 3082 provocatores.
866 2998 901 3064 ln
920 3000 969 3066 bis
993 2999 1077 3064 enim
1097 2997 1215 3063 litteris

106 3095 218 3179 vigilii
247 3107 383 3178 questus
404 3101 690 3182 comprehenditur
722 3103 880 3168 adsersus
901 3100 1030 3166 eosdem
1051 3100 1216 3172 diaconos,

104 3197 163 3264 ubl
182 3199 249 3264 aits
266 3220 283 3262 e
299 3199 491 3268 Sanctuum
512 3221 645 3285 quoqne
667 3203 858 3285 reputarem
879 3203 1143 3282 consequentiam
1166 3200 1215 3264 in·

103 3299 203 3384 iuriis
217 3301 380 3379 abacistis,
402 3303 499 3384 impia
522 3313 555 3368 et
576 3321 661 3386 qnae
682 3320 746 3368 non
765 3311 841 3368 sunt
854 3301 955 3378 licita,
976 3301 1217 3383 peruniversas

107 3409 221 3466 contra
243 3419 300 3466 nos
316 3402 497 3483 provincias
519 3403 682 3468 lallnciter
701 3402 880 3467 indicando.
896 3398 1011 3480 Nuper
1030 3403 1129 3466 etiam
1148 3415 1217 3462 usa·

106 3502 148 3565 lis
164 3503 278 3566 sostris
298 3503 449 3568 addentes
464 3503 575 3586 peiora
598 3505 760 3584 prioribus
784 3503 938 3568 domnum
960 3499 1100 3567 Leonem
1115 3516 1216 3583 'pras-

108 3601 313 3668 decessorem
342 3611 489 3669 nostrum
512 3608 543 3668 in
563 3602 726 3668 Theodori
758 3607 972 3688 mopsuesteni
1001 3603 1111 3677 dictis,
1131 3615 1217 3683 queo

110 3709 227 3766 contra
240 3701 334 3768 tidem
356 3714 477 3768 rectam
498 3705 620 3785 legitur
648 3706 824 3786 scripsisse,
839 3721 1028 3776 consensum
1051 3699 1218 3784 praebuis-

112 3821 148 3868 se
160 3811 195 3868 et
207 3803 364 3884 firmasse,
379 3806 456 3871 dato
469 3807 590 3888 scripto
612 3807 651 3870 ad
666 3807 964 3872 christianissimum
978 3803 1160 3886 Principem
1181 3800 1217 3864 ti·

110 3905 194 3970 lium
209 3914 369 3984 nostrum,
390 3910 462 3974 susi
477 3908 581 3973 inistis
600 3907 781 3974 adstruere.
789 3905 813 3968 'o
829 3905 987 3990 Quaeque
1007 3906 1140 3986 iusuper
1161 3902 1217 3966 tri·

108 4007 173 4072 bus
194 4008 324 4074 circiter
345 4009 434 4074 annla
464 4015 536 4089 post
560 4011 719 4074 instaurat
739 4009 895 4074 adsersus
914 4024 991 4072 snos
1021 4006 1217 4077 obtrectatu,-

110 4125 164 4173 res
180 4109 212 4172 in
233 4105 416 4176 Constituto
437 4110 610 4176 nouissimo
624 4126 656 4174 n.
681 4104 716 4172 7,
733 4117 877 4177 statuens
898 4107 1076 4174 nullimode
1097 4105 1219 4188 potuis·

104 4229 143 4274 ‘sc
158 4208 324 4295 Spuodum
345 4210 630 4278 chalcedonensem
646 4209 721 4277 lbae
742 4211 927 4292 inscriptam
945 4207 1120 4293 Epistulam
1141 4223 1218 4292 prq·
