3048 4946
350 490 531 556 matisassot
548 490 631 570 ibas,
654 493 834 557 necessario
855 491 1067 575 sequebatur,
1089 491 1190 574 ipsam
1211 489 1392 573 Epistulam
1410 493 1448 556 ei·

348 590 421 654 dem
453 593 648 674 participare
678 593 884 657 anathemati.
914 593 1006 660 Hanc
1036 611 1138 675 porro
1158 593 1449 672 interpretationem

348 709 424 756 oum
438 697 635 774 acceptarent
646 695 817 769 severiani,
838 693 1075 776 responderunt
1088 693 1243 780 Hypatioe
1265 694 1304 756 de
1323 692 1375 756 liis
1388 693 1450 774 psi·

348 791 418 855 dem
438 811 624 874 meseonem
654 803 698 859 est
721 793 820 858 coiis
843 795 950 873 Quam
983 815 1059 862 sana
1084 797 1384 878 interpretationem
1412 797 1449 858 si·

347 896 424 975 giuti
438 895 506 958 iore
519 898 608 960 annis
621 906 691 977 post
702 901 837 978 aceepit,
850 899 1057 980 tirmaaitque
1068 897 1215 980 synodus
1230 893 1268 958 V.
1282 893 1450 975 vigiliique

349 993 454 1076 Papae
475 997 693 1065 constitutum
708 1000 860 1068 sancivit:
883 999 964 1064 adeo
986 1008 1023 1064 nt
1042 999 1148 1080 siquid
1171 1015 1256 1062 nunc
1277 995 1450 1060 adversarii

346 1095 485 1160 habeant
514 1099 544 1162 in
576 1098 694 1180 Vigilio
717 1099 1032 1180 reprehendendum,
1053 1099 1139 1164 istud
1161 1102 1360 1182 percurrant
1390 1097 1450 1160 eui·

348 1198 449 1262 mium
473 1198 726 1281 documentum
742 1202 828 1282 qnod
850 1219 926 1266 cnm
946 1200 1122 1266 severianis
1144 1198 1358 1279 persuaserit,
1375 1197 1450 1278 pasi-

347 1305 399 1363 ter
423 1298 565 1364 Facundi
587 1301 705 1384 placita
728 1302 916 1379 contundet,
939 1321 979 1366 ao
1000 1299 1235 1366 recentioribus
1256 1298 1438 1364 satistmiet

427 1400 572 1483 lienique
585 1403 746 1469 illusionis
759 1413 817 1468 ant
829 1405 961 1470 dolosae
974 1412 1032 1468 aut
1044 1405 1162 1468 insitae
1173 1404 1204 1464 in
1217 1401 1365 1466 Facundi
1379 1401 1450 1464 aori·

346 1503 408 1583 ptis
437 1513 510 1568 nota
534 1515 682 1586 superest
703 1507 870 1571 manifesta
886 1525 928 1572 ex
953 1504 1185 1571 lintellis.
1205 1502 1352 1568 vituts
1374 1519 1451 1565 mor-

344 1602 435 1667 diens
456 1601 619 1669 Theodori
641 1607 857 1688 mopsuesteni
890 1610 992 1671 tuitus
1012 1615 1045 1670 at
1067 1623 1236 1688 personam
1268 1611 1304 1668 et
1323 1603 1449 1680 scripta.

344 1701 479 1768 ioannis
489 1704 711 1793 chrysostomi
724 1716 758 1773 et
768 1705 962 1774 Nasianaeni
975 1709 1154 1772 testimonia
1171 1706 1298 1790 proteri
1309 1709 1342 1770 io
1358 1707 1448 1786 ipsine

343 1801 505 1870 Theodori
521 1810 703 1874 encomium
716 1831 726 1873 ε
740 1809 884 1892 «Neque
900 1828 991 1886 sero,
1007 1811 1065 1885 ait,
1082 1811 1131 1873 air
1145 1809 1201 1874 itte
1212 1807 1380 1888 (ioannes)
1391 1825 1449 1870 us·

344 1907 395 1985 pot
417 1909 567 1987 ponderis
587 1919 620 1974 et
637 1921 829 1993 expectatae
858 1930 986 1992 semper
1010 1913 1213 1976 auctoritatis
1240 1911 1335 1977 nobis
1355 1909 1449 1974 deerit

342 2011 375 2076 in
396 2010 580 2075 detonsione
601 2029 735 2094 magnae
757 2013 896 2096 Synodt3
923 2031 1006 2096 qnae
1028 2014 1069 2077 ab
1090 2010 1144 2076 tha
1167 2013 1321 2094 episcopo
1341 2029 1405 2074 non
1423 2028 1450 2073 a·

341 2111 432 2191 uegit
454 2121 490 2176 nt
510 2110 721 2178 Theodorum
742 2125 1005 2197 mopsuostenum
1028 2114 1269 2190 condemnaret,
1285 2133 1364 2178 ιιιι
1383 2113 1447 2195 ejus

342 2209 485 2293 Epistola
509 2216 639 2280 recitari
661 2217 776 2282 laudes
797 2218 938 2283 audiret.
972 2216 1065 2282 assu
1096 2219 1197 2298 igitur
1222 2218 1322 2286 etiam
1342 2217 1448 2278 ιιειιιιι

342 2309 521 2394 Gregorius
542 2317 754 2384 nazianzenus
777 2321 1026 2385 temerariorum
1049 2331 1080 2384 as
1105 2323 1171 2400 ipse
1193 2321 1320 2384 crimen
1339 2325 1446 2382 auctu·

342 2431 421 2493 rns3
437 2419 493 2495 qni
515 2415 688 2483 Theodoro
709 2420 817 2485 adhuc
835 2421 946 2502 inveni
962 2439 1001 2486 ec
1021 2422 1154 2487 novello
1175 2423 1218 2484 ita
1240 2420 1368 2494 scribit,
1382 2419 1447 2500 ejna

340 2515 528 2593 periectioni
543 2519 782 2598 congratulans.
802 2539 818 2580 s
837 2521 958 2588 Deinde
979 2525 1077 2588 aliam
1098 2525 1177 2588 citat
1199 2523 1375 2588 Facundus
1389 2519 1446 2584 iis·

341 2615 484 2679 sianseni
513 2620 683 2697 epistolam
715 2618 889 2688 Theodoro
911 2624 1039 2705 datam;
1072 2643 1238 2706 quamque
1259 2625 1303 2687 its
1325 2621 1444 2704 praeit:

344 2714 437 2780 «Sed
460 2717 499 2779 nd
522 2718 618 2782 allans
641 2729 842 2788 transeamus
863 2725 1044 2804 epistolam.
1060 2767 1092 2786 ..
1110 2769 1119 2788 .
1134 2724 1349 2805 Episcopatus
1369 2722 1444 2786 enin

339 2815 547 2897 depositurus
567 2839 694 2898 curam,
710 2830 742 2887 et
763 2825 874 2888 relicta
890 2843 948 2889 sna
971 2827 1113 2900 civitate,
1134 2844 1210 2890 caus
1231 2825 1399 2890 monastria
1416 2823 1443 2885 ia

340 2935 421 2982 rnre
443 2921 602 2999 victuros,
626 2921 680 2986 nbi
702 2924 799 2988 etiam
820 2925 993 2994 doinnntns
1013 2925 1301 3002 est,'it1eodornm
1322 2928 1363 2990 de
1384 2933 1444 2988 toto

340 3017 474 3094 Oriente
489 3025 520 3085 in
536 3023 752 3089 detonsionem
768 3035 800 3091 et
815 3029 1028 3092 visitationem
1044 3029 1188 3110 ejusdem
1204 3027 1361 3092 eeclesiae
1374 3042 1445 3090 suae

341 3119 481 3201 delegit3
501 3140 564 3186 nou
585 3125 674 3189 aliud
697 3134 796 3208 caput
808 3129 896 3192 iliam
919 3131 1116 3210 provinciam
1133 3128 1253 3192 habere
1268 3127 1442 3200 testificans,

339 3221 436 3304 onina
457 3222 616 3304 flagitaret
636 3231 810 3294 auxilinm.
832 3229 886 3295 Sic
907 3231 990 3293 enim
1010 3231 1040 3294 ei
1062 3231 1182 3294 inrum
1203 3229 1316 3292 scribit
1336 3234 1427 3292 eto·

335 3321 337 3328 '
419 3323 621 3394 Sirmondius
642 3340 764 3406 antem,
780 3333 836 3413 qui
852 3340 1005 3396 accurate
1021 3331 1078 3396 has
1092 3329 1244 3411 epistolas
1267 3325 1441 3409 perlegitis

338 3427 423 3488 notis
437 3426 568 3492 subdite
584 3451 602 3491 n
618 3431 713 3514 Apud
740 3433 936 3515 Gregorinm
951 3433 1086 3515 epistola
1100 3428 1171 3499 ata.
1186 3439 1220 3495 et
1233 3447 1321 3511 qnae
1334 3426 1441 3494 deson·

339 3524 427 3589 initur
441 3525 513 3596 220.
529 3549 606 3596 cnm
619 3532 747 3599 duabus
761 3535 971 3617 sequentibus
984 3535 1164 3617 simplicem
1180 3533 1314 3598 titulum
1334 3529 1439 3594 halem

339 3622 507 3692 Theodoro.
519 3628 562 3694 at
575 3631 711 3714 epistola
725 3633 799 3702 225.
811 3636 914 3713 addit,
929 3635 1086 3701 Theodoro
1097 3633 1239 3714 episeopo
1256 3630 1286 3696 T
1281 3647 1440 3713 panorm

340 3727 381 3789 ad
402 3747 500 3811 qnam
522 3737 686 3813 pertinere
700 3755 811 3803 omues
825 3741 1010 3818 coniectum
1031 3747 1093 3815 est,
1109 3738 1148 3801 de
1162 3754 1228 3818 qna
1243 3754 1321 3800 nox
1335 3735 1437 3797 dinan

339 3827 417 3893 Atta
429 3831 562 3912 epistole
582 3853 620 3900 ea
635 3844 685 3902 est
703 3840 789 3919 spnd
806 3837 1001 3922 Gregoriam
1017 3859 1048 3904 n.
1062 3836 1114 3906 88.
1137 3855 1222 3920 qnae
1236 3837 1269 3900 in
1283 3833 1402 3918 menis
1412 3847 1438 3894 c·

336 3932 561 4013 xemplarilins
577 3937 753 4020 anonymo,
768 3941 823 4006 sed
842 3943 874 4006 in
895 3943 1001 4006 latinis
1021 3949 1110 4006 recte
1132 3939 1285 4020 inscripto
1306 3946 1354 4001 est
1373 3931 1436 3996 tle

336 4033 434 4096 ⁰⁶⁰i⁰
448 4036 762 4119 sedecennalem.
778 4042 891 4122 Quare
907 4043 1035 4110 tollitur
1048 4041 1235 4119 Facundus,
1246 4039 1303 4124 qni
1316 4037 1353 4105 sd
1364 4033 1434 4100 tie

337 4134 477 4200 odorum
500 4149 760 4220 mopsuestenum
784 4145 939 4230 scriptam
962 4146 1130 4228 putarit.»
