3028 4942
91 469 227 537 rnnpmns
249 451 340 533 plene
353 452 394 516 ab
413 470 467 530 eo,
482 453 514 516 in
539 469 605 534 qun
626 451 828 529 versabatur,
850 467 965 516 errore
985 458 1168 530 exemptus,

86 565 170 634 atque
193 554 230 616 nd
250 553 412 636 pristinam
439 554 620 634 opinionem
648 569 821 628 resersus,
843 551 1021 616 obtestatus
1043 550 1167 624 inisset,

85 674 162 720 enam
175 656 212 718 ad
226 655 355 720 Avitum
379 655 569 737 Epistulam,
583 657 679 720 sicuti
699 664 732 719 et
745 656 834 720 binus
854 652 1025 734 Theophili
1039 661 1072 716 et
1091 651 1167 732 Epi·

85 758 176 836 pbanii
193 776 211 820 a
229 777 263 822 se
282 758 379 822 lstine
400 775 509 822 versae
525 759 626 837 (quin
637 764 745 822 oetera
762 773 936 820 memorem
952 756 1071 818 borum
1089 755 1167 818 seri·

84 866 145 938 pte,
169 857 219 922 nbi
248 859 381 938 sparsim
407 859 627 921 instaurantur
650 857 805 937 suppositi
834 855 982 935 origenis
1012 853 1164 926 erroresi

86 958 193 1022 nntium
212 959 339 1040 quidem
360 975 477 1040 eapepe
500 958 657 1033 verbum,
680 957 766 1038 quod
785 957 862 1039 jure
882 957 1031 1036 dogmata
1053 953 1168 1036 Orige-

87 1057 264 1138 preteriret,
294 1076 368 1122 enm
392 1059 468 1124 talia
496 1059 600 1122 eidem
628 1056 788 1139 adscripta
816 1060 849 1122 iu
869 1058 971 1120 nitatis
994 1055 1166 1137 Epistolis,

85 1176 131 1222 nee
147 1160 298 1240 cogitarit,
321 1177 379 1226 nee
399 1159 546 1236 senserit,
561 1177 620 1224 neu
642 1160 745 1224 molto
768 1160 873 1223 minus
895 1159 1017 1238 scripto
1039 1157 1168 1222 manda·

86 1259 118 1322 rit
134 1259 344 1325 bdamnuiins.
370 1259 495 1326 Verum
514 1261 774 1338 malevolorum,
800 1259 1005 1336 invidorum,
1029 1259 1167 1323 baereti-

86 1377 239 1442 eorumqne
259 1367 364 1426 totum
380 1362 478 1426 inisse
491 1381 573 1443 opus
594 1362 789 1444 improbitati
811 1360 1075 1426 committendum
1096 1377 1168 1423 uos·

86 1467 137 1540 set;
155 1464 207 1542 qni
223 1466 341 1544 partim
362 1470 489 1527 textum
511 1463 722 1528 mutilarunt:
739 1462 818 1526 alias
838 1462 1013 1526 verborum
1034 1477 1168 1540 perrer-

90 1569 175 1625 ternnt
191 1564 476 1646 signifieationem
506 1565 701 1646 quandoque
721 1566 799 1628 istos
820 1565 920 1644 ipsius
939 1563 1038 1626 latuit
1057 1579 1167 1641 mens3

91 1660 145 1724 alibi
155 1665 414 1730 aduersariorum
428 1666 641 1748 objectionem
662 1684 737 1730 eum
752 1665 851 1746 hujus
867 1681 1019 1746 responso
1034 1663 1169 1726 eonion·

88 1761 192 1844 dentes,
213 1767 453 1832 haeretieorum
482 1767 636 1832 trinitates
659 1775 811 1848 tauquam
835 1765 931 1830 animi
954 1767 1005 1830 sni
1036 1781 1167 1831 sensnm

85 1869 394 1950 mmprebendernni;
425 1876 458 1933 et
477 1887 558 1950 quas
580 1868 749 1932 refellebat
770 1872 801 1934 in
833 1866 936 1931 ileum
958 1869 1163 1947 impietates,

85 1965 115 2032 de
124 1968 232 2034 eisdem
247 1991 325 2050 eum
346 1971 587 2053 injuriosissime
603 1971 762 2036 criminati
775 1979 861 2036 sunt.
878 1970 942 2033 titii
958 1968 1166 2052 philosopho·

84 2087 141 2134 rum
159 2073 320 2155 opiniones
350 2075 391 2136 ab
412 2074 481 2156 ipso
501 2073 642 2154 Origene
662 2075 798 2150 nitrias,
829 2073 876 2137 uti
898 2072 1047 2153 proprias
1068 2071 1169 2150 ipsine

83 2167 301 2254 imeripsernnt.
324 2173 417 2252 Quae
438 2177 560 2252 ineerta
575 2194 615 2240 ae
636 2176 778 2239 modeste
801 2172 932 2238 tradidit
952 2176 962 2251 t
974 2173 1055 2236 aiios
1076 2190 1169 2252 prae·

83 2273 219 2353 stolatus,
252 2280 312 2360 nui
334 2279 451 2342 melius
471 2277 647 2372 deserenti
678 2278 726 2340 uti
748 2279 918 2340 temeraria
940 2276 1169 2355 eiexprdbra·

42 2381 43 2386 ’
83 2384 153 2438 runt.
167 2376 286 2458 sitque,
308 2386 346 2443 nt
364 2380 550 2444 summatim
572 2386 730 2460 repetem,
753 2385 842 2442 eerta
863 2396 938 2442 oum
957 2378 1089 2440 incertis
1110 2377 1169 2440 mi·

81 2491 187 2555 seuere,
208 2481 307 2545 dubia
328 2498 403 2544 eum
428 2482 520 2546 seris.
555 2479 764 2561 Quapropter
785 2483 842 2560 qui
866 2479 905 2542 ad
927 2478 1090 2542 christiani
1113 2497 1170 2542 no·

82 2577 156 2642 uinis
174 2581 399 2646 eteatbolieee
421 2584 564 2646 veritatis
580 2582 733 2646 vindicias
752 2589 863 2646 eontra
883 2580 1058 2660 impioram
1073 2595 1169 2642 eona·

81 2677 149 2740 mina
168 2682 323 2748 eximium
338 2683 370 2744 in
387 2683 557 2751 scribendo
569 2684 715 2748 laborem
730 2682 1014 2756 consummaverit,
1027 2677 1170 2744 omnium

79 2774 219 2848 murem
238 2783 507 2848 condimentariur
527 2793 731 2866 nuncupatus
751 2793 810 2848 est.
833 2781 875 2848 Ei
895 2783 995 2862 quod,
1018 2801 1094 2846 eum
1113 2781 1169 2842 ad-

80 2875 133 2942 hue
150 2881 179 2945 in
199 2885 281 2948 risis
301 2892 444 2961 esseest
463 2887 675 2965 pestebitnm
695 2883 846 2966 Origenis
866 2885 905 2946 nd
928 2892 1057 2949 eentum
1077 2883 1171 2964 qnin-

81 2983 212 3062 quaginta
232 3003 333 3050 annos
353 2987 470 3052 inuidia
485 2995 519 3052 et
539 2989 726 3068 improbitas
748 2987 874 3066 assequi
895 3004 957 3050 non
980 2984 1167 3059 valuernut,

80 3081 187 3148 taudem
207 3088 270 3162 snb
289 3089 469 3169 patrocinio
489 3087 659 3170 Theophili
680 3090 820 3154 inianste
840 3095 1029 3168 superatum
1051 3093 1112 3150 est.

145 3181 190 3250 de
209 3188 361 3266 interim,
382 3207 422 3254 ne
444 3209 626 3256 recenseam
648 3190 736 3270 qnod
758 3191 826 3271 ipse
849 3188 989 3254 llomilia
1011 3185 1112 3252 XXV.
1134 3185 1171 3248 in

80 3273 181 3350 Qum
192 3291 237 3354 ait
251 3290 292 3354 de
305 3290 356 3369 iis,
370 3294 427 3372 pot
440 3301 597 3358 tractetur
616 3310 688 3354 suos
704 3289 958 3356 criminabamur
975 3289 1011 3352 ob
1027 3311 1078 3364 ea,
1089 3307 1170 3370 pene

82 3393 226 3466 stupeum
246 3389 423 3456 serrarius
437 3395 624 3475 profitetis&
638 3401 829 3473 argumento
848 3401 958 3456 nostro
972 3393 1048 3454 satis
1062 3400 1110 3454 est
1124 3390 1171 3452 di·

82 3481 107 3542 ri
125 3481 277 3571 Pamphili
292 3494 520 3570 testimoninm,
544 3496 654 3576 plures
671 3495 877 3560 memorantis
893 3493 1041 3574 Origenis
1062 3493 1171 3555 obtre-

82 3589 221 3673 statores,
243 3613 387 3674 qnorum
408 3597 581 3665 nonnullus
597 3605 692 3662 roeat
712 3598 820 3679 graeei
840 3598 996 3660 sermonis
1019 3597 1147 3674 ignaros
1154 3613 1168 3671 3

82 3683 147 3752 alios
166 3694 263 3773 ipsius
283 3697 474 3764 eruditionis
495 3699 670 3780 capiendae
691 3701 871 3781 ineapaoes,
887 3699 1007 3762 multos
1029 3695 1171 3761 nescien-

82 3790 119 3850 tes
132 3792 192 3870 nbi,
213 3797 298 3861 etde
318 3816 385 3879 qno
399 3809 605 3880 argueretur.
629 3799 697 3864 Alii
717 3800 763 3864 sie
786 3800 903 3866 dixisse
924 3798 1102 3871 audientes,
1119 3814 1170 3858 re-

85 3893 281 3980 amonemur,
297 3909 331 3964 et
350 3901 404 3964 alii
426 3901 565 3982 denique
578 3902 674 3966 sieuti
694 3906 727 3964 ei
747 3901 863 3979 ingenii
878 3908 1055 3980 computes,
1076 3899 1120 3962 ita
1138 3904 1172 3960 et

85 3990 245 4066 albaniae
259 4001 504 4069 enneinnstnree
518 4003 599 4066 aden
616 4003 776 4082 progressi
797 4009 885 4077 sunt,
901 4001 991 4076 dicit,
1006 4006 1044 4065 ut
1056 3999 1172 4063 adver-

83 4105 128 4158 sm
144 4117 214 4166 eum
232 4103 362 4171 iibeiine
381 4105 478 4171 edere
498 4107 569 4171 ansi
589 4106 661 4170 sint.
683 4103 845 4182 Libellos,
867 4106 1021 4184 inquam,
1038 4103 1167 4167 libellos

82 4207 145 4264 ttae
162 4203 359 4290 impietatum
384 4207 668 4291 promptuarium,
683 4205 742 4289 qui
762 4223 839 4274 enm
864 4205 898 4274 in
918 4222 1031 4273 manns
1056 4204 1170 4270 deinde
