3138 4950
1153 391 1216 468 ³l5

180 495 300 564 «Tunc
331 498 443 580 itaqne
472 497 652 581 Gregorius
679 497 834 564 diaconus
868 505 901 564 et
929 495 1110 582 Eutychide
1140 515 1216 562 con·

95 601 404 683 stantlnopolitanns
425 587 610 681 episcopua,
632 601 694 666 ltac
715 599 755 664 de
777 619 813 664 re
834 603 868 665 ia
887 600 1016 681 longam
1038 601 1217 666 contentio-

96 719 170 766 nem
192 701 356 782 perducti,
370 701 558 781 gravissima
579 710 759 782 coeperunt
777 701 820 764 alo
834 701 972 768 invicem
992 701 1214 768 simultatione

96 802 237 868 resilire.
258 800 344 866 Tum
365 803 438 881 piae
459 802 637 866 memoriae
657 799 808 867 Tiberius
832 804 1011 883 imperatur
1029 809 1157 869 secreto
1177 820 1216 868 u·

94 911 252 984 trnmque
271 904 462 984 suscipiens,
484 902 561 984 qnid
584 903 669 968 inter
688 921 744 968 eos
764 904 945 970 discordiae
961 913 1164 982 versaretur,
1180 921 1215 970 a·

94 1006 227 1086 guerit:
249 1012 283 1070 et
304 1007 478 1086 utrimque
499 1005 599 1087 pertis
629 1005 858 1086 allegationem
879 1005 1046 1071 subtiliter
1066 1023 1214 1086 pensam,

93 1105 246 1172 eumdem
266 1105 403 1184 liltrnm,
424 1123 523 1188 quem
545 1104 730 1192 Eutychiae
751 1105 792 1170 de
811 1108 1056 1172 resurrectione
1075 1107 1218 1172 conscri-

94 1217 217 1288 pserat,
238 1210 306 1274 snlr
325 1227 460 1291 quoqne
480 1209 730 1290 allegationibus
751 1209 934 1286 destruens,
955 1209 1149 1274 deliberarit
1174 1216 1214 1274 nt

94 1307 235 1374 ilammls
254 1311 393 1376 cremam
413 1309 590 1374 detruderet.
614 1308 739 1390 liquo,
763 1309 916 1375 videlicet
941 1311 1085 1391 piissimo
1111 1311 1214 1392 lorpe-

95 1419 223 1489 ratore,
245 1419 285 1477 nt
303 1412 402 1477 simul
423 1412 544 1492 egressi
564 1417 653 1488 aunt,
669 1419 743 1493 post
761 1412 967 1493 longissimae
988 1412 1214 1495 disputationis

91 1513 294 1592 condictum,
309 1515 434 1595 pariter
451 1520 658 1595 aegrotantes
675 1515 708 1578 in
730 1512 892 1580 lectulum
906 1514 1099 1580 deciderunt
1114 1525 1178 1580 eto.
1193 1533 1212 1575 s

176 1613 268 1680 llaec
288 1621 413 1691 antem,
436 1631 521 1696 qnae
548 1621 756 1679 narrantura
772 1613 899 1680 loanne
919 1614 1067 1692 diacono,
1089 1615 1215 1682 accide-

93 1723 174 1780 runt
193 1715 294 1797 paulo
314 1722 387 1798 post
407 1723 545 1780 mortem
561 1713 694 1780 loannis
718 1713 921 1792 Scholamici‚
937 1733 1013 1780 cnm
1028 1715 1212 1800 Eutychide

92 1818 136 1883 ab
154 1818 256 1884 exilio
285 1825 473 1894 reremtus,
486 1818 518 1881 iu
534 1815 650 1882 Sedem
674 1817 1060 1895 constantinopolitanam
1080 1819 1213 1884 restitu-

91 1927 147 1986 tas
166 1925 228 1998 est,
249 1919 430 2000 imperante
451 1916 594 1984 Tiberio.
618 1916 654 1981 ln
670 1935 735 1999 qna
750 1922 938 1984 narratione
959 1925 1051 1984 notat
1070 1918 1213 1985 loannes

92 2021 261 2100 diaconus,
274 2022 380 2103 ipsum
392 2017 592 2102 lintyclrium
613 2019 736 2083 librom
750 2017 796 2082 De
809 2018 1039 2084 connectione
1058 2021 1214 2086 coniecis-

92 2123 224 2201 se.in
244 2125 375 2206 quidem
392 2123 490 2186 alteri
509 2119 767 2186 connectebatur
779 2121 1021 2202 quodammodo
1049 2121 1215 2204 quaestio·

93 2227 126 2292 ni
146 2226 188 2292 de
202 2226 512 2306 incorruptibilitate
532 2224 682 2306 corporis
696 2221 818 2292 Christi
832 2230 907 2288 aute
922 2225 1212 2305 resurrectionem

92 2343 210 2410 qnare,
232 2333 273 2394 nl
290 2327 446 2402 diximus,
462 2325 649 2410 Eutychins
671 2324 790 2389 restitit
803 2325 911 2390 edicto
932 2325 1106 2407 imperiali,
1128 2325 1214 2390 arlei-

92 2434 199 2495 tratas
219 2429 252 2492 in
271 2446 312 2494 eo
341 2428 449 2492 edicto
481 2425 638 2490 contineri
661 2426 842 2506 haeresim3
876 2426 1079 2508 proindeque
1106 2426 1213 2492 eidem

47 2609 50 2614 Α
92 2529 200 2594 noluit
221 2527 443 2594 snlmnbere.
469 2526 614 2609 ldeoqne
643 2526 813 2592 rideretur
847 2526 1031 2614 lintyclrins
1059 2529 1092 2592 io
1120 2532 1212 2594 ntra·

89 2649 156 2712 qne
176 2633 378 2711 quaestione,
400 2631 479 2694 licet
498 2647 575 2693 cnm
596 2630 781 2710 integritate
800 2623 923 2708 cordia,
952 2649 996 2695 ex
1017 2630 1116 2694 nimio
1137 2630 1211 2694 eolo

89 2733 238 2798 veritatis
252 2735 409 2804 terminos
429 2741 715 2813 praetergressne3
731 2733 771 2797 de
791 2751 858 2816 qno
878 2734 1028 2800 interius.
1047 2731 1143 2811 Quod
1160 2751 1211 2798 re·

90 2834 220 2916 iiqnnm
241 2839 302 2912 eat,
324 2843 414 2915 patet
435 2835 466 2898 in
488 2835 549 2898 irae
564 2851 639 2900 cnm
660 2851 686 2897 s.
708 2832 870 2915 Gregorio
891 2835 1121 2916 disputatione,
1145 2833 1211 2900 Eu·

90 2937 238 3022 tgeltium
269 2938 433 3002 catholico
454 2935 663 3002 adversatum
695 2955 765 3000 esee
786 2937 928 3018 dogmati
949 2948 983 3002 et
1002 2939 1049 3003 nic
1068 2954 1209 3013 errasse,

90 3037 196 3102 donee
216 3055 276 3120 per
294 3059 320 3103 s.
344 3036 532 3104 Pontificem
557 3043 634 3102 tnnc
655 3037 902 3118 apocrisiarium
924 3039 955 3101 in
976 3057 1010 3104 se
1033 3039 1150 3112 iaetus,
1172 3039 1212 3100 ll·

89 3139 201 3215 brem,
223 3157 320 3222 quem
337 3137 381 3204 Dr
401 3138 627 3204 resurrectione
648 3141 898 3220 conscripserat,
920 3138 1055 3206 {lammis
1078 3139 1210 3204 tradidit

88 3241 360 3307 comburendum.

94 3369 98 3378 ·
168 3341 202 3407 Si
226 3361 307 3408 nero
327 3361 414 3424 qnae
435 3347 563 3424 putarit
578 3353 616 3408 et
646 3343 776 3426 scripsit
795 3343 980 3429 Eutychiae
1000 3343 1039 3408 de
1061 3344 1212 3408 incorru-

87 3443 265 3526 ptlbilitate
286 3445 435 3526 cerperla
455 3443 576 3511 Christi
603 3455 678 3510 ante
711 3446 986 3510 resnrrectionem
1009 3453 1041 3507 et
1060 3447 1093 3509 in
1124 3443 1210 3506 libro

87 3543 135 3610 Dc
165 3545 406 3624 rerurrectione,
439 3545 641 3626 ignorantiae
662 3547 771 3628 potins
804 3565 902 3627 qnam
926 3546 1070 3610 malitiae
1096 3546 1209 3610 inscri-

86 3645 193 3711 loenda
214 3649 296 3712 sinte
315 3647 540 3724 nihilominus,
554 3663 639 3730 qnae
664 3649 765 3728 ipsine
782 3649 868 3712 ritae
880 3655 999 3712 auctor
1016 3645 1208 3712 Enaltthius

86 3749 182 3825 dicit,
197 3747 416 3815 lastinianum
442 3757 475 3814 et
488 3749 656 3831 episcopos
671 3750 776 3814 eidem
790 3749 1037 3826 consentienter,
1051 3766 1208 3812 execran-

87 3847 130 3912 da
150 3865 360 3931 propugnare
389 3850 540 3930 dogmata
561 3850 694 3930 nugacis
713 3848 877 3929 origenis,
902 3848 1034 3930 Evagrii
1055 3855 1088 3912 et
1109 3847 1207 3932 Didy-

86 3951 147 4026 mi,
168 3968 207 4014 ea
229 3967 365 4030 prorsus
395 3950 536 4016 ialsitate
558 3950 719 4013 laborant.
748 3947 855 4015 Nemo
876 3951 960 4014 enim
983 3969 1024 4014 ex
1046 3950 1095 4014 hie
1116 3967 1206 4012 erra·

88 4053 149 4127 vit,
171 4058 209 4115 nt
234 4054 385 4135 superins
405 4052 615 4118 ostendimne.
645 4051 705 4118 Sed
729 4052 760 4116 in
791 4053 839 4118 lais
859 4054 984 4117 errarit
1014 4051 1205 4118 Enetathins

85 4154 185 4220 sicuti
207 4154 406 4220 tantumdem
427 4155 524 4220 valde
544 4156 661 4219 illusas
681 4164 742 4231 eat,
764 4153 1029 4234 disceptationem
1050 4170 1205 4219 enarrarre

87 4255 236 4336 ejusdem
251 4255 406 4342 Eutychii
420 4273 495 4324 cum
515 4272 541 4321 a.
564 4251 725 4336 Gregorio
746 4253 786 4321 de
811 4256 1053 4326 resurrectione
1073 4253 1203 4318 carniae
