3066 4950
176 531 262 598 iatud
278 549 378 614 porro
393 531 565 598 testillcans
580 529 751 598 Liberatus
765 527 804 594 de
819 525 953 611 Pelagio
976 525 1125 606 diacono,
1147 525 1206 612 qui

101 651 172 698 aum
186 633 356 699 l'beodoro
380 633 558 702 Caesareae
583 634 740 698 adversus
762 633 823 697 tria
839 629 988 714 Capitula
1015 632 1139 714 primus
1161 631 1211 714 ing

100 739 302 812 surrexisset,
324 745 357 800 et
378 737 523 817 praelata
539 733 683 800 Victoris
704 735 788 798 dicta
811 732 961 812 destruit,
977 742 1011 800 at
1027 733 1118 798 uobis
1138 729 1207 799 sui·

101 837 256 916 lragatur,
280 837 335 919 qni
357 837 399 899 ab
419 838 516 901 initio'
535 837 734 918 quaestionis
757 835 980 917 probabimus,
1014 853 1129 900 revere
1151 833 1211 900 Pe·

100 935 217 1018 laginm
232 956 269 1003 ea
292 938 452 1002 rointasse
466 937 617 1021 capitula
642 938 743 1002 veluti
764 957 805 1002 ex
832 935 989 1001 Ferrandi
1012 937 1147 1018 epistola
1169 955 1206 1002 o·

100 1039 267 1104 stenditur.
290 1043 338 1105 Aa
359 1043 493 1119 insuper
511 1058 553 1102 ea
573 1039 692 1102 litteris
713 1037 821 1119 vigilii
843 1038 882 1101 ad
905 1035 1076 1103 Rusticum
1098 1046 1131 1103 et
1149 1035 1210 1128 Se·¹

100 1137 289 1220 brutianum,
313 1141 481 1223 colligitur
506 1141 590 1205 circs
613 1159 732 1204 annum
751 1135 822 1207 55⁰.
846 1139 954 1204 adbae
980 1138 1146 1221 Pelagium
1174 1139 1207 1206 iu

100 1241 209 1306 eadem
229 1244 408 1326 perstitisse
426 1243 595 1319 sententia,
618 1243 770 1308 lubenter
789 1249 924 1322 accepto
945 1237 1052 1323 Vlgllli
1073 1239 1206 1306 ludica·

100 1351 143 1407 to.
165 1342 376 1428 Quapropter
405 1343 503 1422 eadit,
525 1344 612 1426 qnod
644 1343 796 1424 ilbrnnlci
819 1343 946 1409 ductor
965 1341 1146 1426 praesumit
1165 1340 1207 1408 da

101 1442 242 1528 Pelagio,
263 1447 369 1528 ipsum
392 1464 506 1528 nempe
525 1446 649 1510 dudum
670 1445 941 1523 constantissime,
961 1443 1152 1526 prinsquam
1173 1459 1207 1510 e·

97 1545 254 1628 ligaretur
277 1547 440 1624 Pontifex,
462 1565 499 1612 ea
521 1546 699 1614 defendisse
720 1545 882 1628 Capitula.

174 1646 271 1727 Quod
294 1649 459 1731 reliquum
479 1658 540 1726 est,
573 1647 750 1732 Procopius
772 1652 803 1712 tn
825 1645 923 1712 Libro
954 1645 1012 1712 iil.
1035 1665 1064 1713 o.
1087 1643 1142 1711 vt.
1166 1643 1210 1712 lie

97 1745 186 1812 Belia
208 1747 367 1826 Gottbico,
389 1769 428 1816 eo
451 1760 691 1832 temporeque
711 1751 897 1832 agitabatur
918 1749 1067 1830 quaestio
1087 1749 1127 1814 de
1149 1752 1207 1815 tri·

99 1851 158 1916 bus
175 1851 352 1935 Capitulis,
374 1854 492 1934 inquit,
520 1852 684 1934 Pelagium
712 1861 788 1917 tnnc
809 1855 1056 1935 apocrisiarium
1086 1849 1212 1941 Byzan·

98 1955 143 2018 tio
163 1958 358 2035 meessisse;
374 1956 430 2019 nbi
452 1955 506 2020 diu
528 1965 674 2019 moratus
689 1955 721 2019 in
735 1953 754 2019 J
760 1954 908 2019 ustininni
930 1955 1103 2019 amicitiam
1124 1975 1160 2020 se
1174 1973 1209 2020 aa

97 2054 321 2121 insinuaverat
340 2059 480 2138 penitus.
502 2055 624 2122 Deinde
646 2057 677 2120 in
698 2076 727 2122 c.
745 2053 832 2122 xxi.
854 2056 943 2120 addit
958 2053 1098 2121 Tolilam
1114 2055 1213 2146 ,Pela-

94 2159 183 2237 gium
204 2159 332 2224 misisse
351 2159 392 2222 ad
415 2157 651 2240 imperatorem
673 2174 733 2238 pro
754 2174 833 2239 pace
855 2153 1077 2238 impetranda;
1099 2172 1138 2220 ac
1159 2155 1214 2221 de·

97 2276 162 2324 uuo
184 2259 327 2326 Romam
348 2279 516 2326 reversum
538 2261 670 2326 ineunte
692 2275 776 2325 auno
798 2257 889 2324 lilll.
912 2259 1011 2342 bolus
1032 2259 1121 2324 belli.
1144 2257 1215 2325 Nec

96 2363 238 2444 amplius
250 2359 377 2446 legitur
392 2363 432 2427 ad
448 2361 668 2428 lastinianum
684 2362 807 2426 venisse
826 2362 989 2442 Pelagius,
1008 2365 1144 2427 instante
1155 2359 1216 2447 Sy·

98 2464 183 2531 nodo
204 2464 248 2530 V.
271 2483 332 2530 nee
351 2465 455 2530 nllam
478 2475 555 2530 tune
575 2467 677 2545 egisse
697 2474 835 2545 partem.
863 2463 1080 2529 Nihilominus
1102 2462 1216 2528 Victor

97 2567 160 2632 boc
181 2567 229 2632 ait
250 2567 284 2630 in
304 2565 479 2642 Chronico,
502 2566 549 2630 nti
566 2567 716 2632 vidimus.
739 2565 861 2632 Verum
880 2583 943 2628 non
956 2565 1090 2648 elingiet
1103 2583 1216 2656 qnem-

99 2667 201 2749 piam,
223 2668 357 2733 citatam
379 2664 520 2732 Victoris
539 2667 737 2749 pericopam,
757 2685 843 2748 quae
867 2667 1006 2731 vertitur
1033 2667 1073 2732 de
1094 2663 1217 2748 Pelagii

99 2770 204 2834 exilio
225 2779 261 2834 et
281 2769 391 2834 reditu
414 2767 469 2834 ubi
491 2769 667 2846 damnarit,
688 2787 774 2850 qnae
794 2777 886 2832 antra
909 2769 1118 2848 probaverat,
1142 2767 1221 2832 luis·

95 2887 131 2934 se
153 2870 199 2934 ibi
222 2871 377 2933 insertum
391 2874 504 2932 contra
528 2865 684 2933 Auctoris
700 2877 849 2932 mentem.
868 2869 972 2934 Paulo
993 2869 1162 2952 posteulna
1184 2871 1217 2934 in

98 2971 218 3038 eodem
241 2972 404 3037 Chronico
423 2971 557 3051 legitor:
575 2991 593 3030 u
608 2970 702 3034 llnuo
719 2969 769 3036 33.
791 2971 919 3051 imperii
942 2970 1080 3051 praelati
1101 2971 1219 3051 prinei·

98 3075 149 3158 pis
165 3074 356 3149 Justiniaui,
375 3071 528 3152 Pelagius
544 3071 709 3138 Romanus
724 3071 902 3152 Episcopus
917 3071 1098 3138 ordinatur.
1123 3071 1220 3138 Prae·

98 3178 164 3243 luit
187 3177 281 3240 anuis
302 3173 360 3238 Xl.
373 3193 390 3232 a
401 3173 453 3240 Ob
474 3175 556 3238 benc
569 3191 646 3238 sane
661 3173 884 3254 repetitionem
901 3174 940 3236 de
953 3175 1066 3238 eadem
1082 3193 1219 3256 persona

95 3279 191 3345 clare
212 3279 371 3344 statuitur
386 3285 494 3342 leatus
515 3275 736 3356 interpolatio,
758 3273 891 3338 aliunde
907 3276 1058 3357 decerpta
1081 3284 1156 3342 uota
1178 3277 1219 3343 de

96 3381 230 3464 Pelagii
251 3379 352 3444 exilio
373 3386 406 3444 et
428 3379 546 3443 reditu.
563 3375 633 3442 Nec
653 3379 715 3441 boc
736 3383 784 3440 est
807 3375 939 3456 mirum,
961 3378 1094 3458 qnando
1108 3399 1150 3443 ex
1170 3399 1219 3444 sc·

99 3483 283 3566 quentibus
297 3481 329 3544 id
344 3482 486 3562 amplius
507 3479 660 3544 firmatur
672 3501 681 3543 a
694 3479 750 3543 ubi
766 3479 983 3562 interpolator
997 3469 1176 3562 Evagrium
1192 3490 1224 3548 et

98 3585 282 3671 Didymeon
305 3583 481 3646 monachos
501 3581 592 3656 citat,
616 3581 734 3645 borum
748 3581 864 3645 laudes
884 3581 1031 3662 inquiens
1051 3601 1087 3646 ae
1100 3601 1142 3647 ex
1163 3601 1222 3646 au·

101 3689 265 3753 ctoritate
286 3685 466 3750 illustrium
481 3683 629 3747 virorum
651 3693 744 3746 antea
767 3681 938 3762 retulisse3
954 3701 1028 3748 cum
1050 3683 1167 3747 nullibi
1188 3684 1219 3746 in

98 3787 375 3870 praecedentibus
390 3787 508 3851 borum
527 3784 672 3849 virorum
687 3792 822 3867 geratur
836 3785 955 3850 mentio
972 3801 990 3846 a
1008 3783 1154 3865 praelato
1169 3781 1223 3849 lii-

97 3903 213 3958 clore.

189 3991 336 4073 Denique
356 3988 443 4070 qnod
462 3989 562 4070 vulgo
574 3997 607 4053 et
627 3987 710 4052 talsn
729 3987 956 4069 capitulorum
978 3987 1174 4062 deiensnres,
1191 3998 1224 4052 et

98 4093 197 4178 quod
221 4093 404 4157 blurcellini
434 4090 587 4157 Cbrnuici
612 4090 827 4157 continuator
846 4089 887 4152 da
909 4089 1016 4170 vigilii
1048 4097 1081 4152 et
1104 4089 1224 4170 Pelagii

101 4195 215 4264 exilio
235 4205 268 4259 et
289 4197 408 4259 borum
438 4211 586 4273 regressu
612 4191 761 4256 celarunt
790 4209 831 4256 ea
859 4189 1032 4255 iustiniani
1061 4191 1223 4265 mandato,

68 4324 76 4336 ·
100 4302 287 4382 postquam
308 4292 537 4379 capitulorum
566 4291 815 4375 subscripserint
846 4283 1054 4369 damnationi,
1077 4279 1226 4357 loculen-
