3042 4940
96 475 235 558 piscopos
256 483 288 542 et
308 474 539 553 lastinianum,
561 488 743 558 somnique
773 473 945 541 concordis
966 475 999 540 iu
1030 476 1200 542 haereticis

91 579 317 659 expugnandis,
339 580 528 644 stemnium
548 580 644 644 simul
666 582 842 644 constantis
859 581 891 643 iu
911 586 1056 660 quatuor
1075 595 1197 661 propu-

88 679 212 756 pnsudis
232 676 367 763 synodis
382 681 595 761 generalibus.
618 677 723 756 Quane
738 679 943 744 concordiam
964 679 1128 760 speciatim
1149 678 1197 741 iu·

88 783 134 844 ier
156 779 330 862 Principem
345 781 577 846 etPuutiiiceru
600 780 693 846 lateri
716 797 844 846 secema
865 788 926 856 est,
942 789 974 846 et
995 787 1071 845 tuuc
1085 784 1117 844 et
1137 795 1195 843 au·

86 887 133 944 tce
152 883 282 961 quando
301 881 340 944 ad
359 881 542 948 ¹liusticntn
573 890 605 946 et
633 880 856 948 Sebastianum
884 881 1012 962 scripsit
1033 878 1192 961 vigilien

86 981 207 1060 quando
222 980 410 1047 iudicatum
431 982 567 1048 Meum
580 981 668 1046 dedit
687 1000 746 1063 per
766 983 915 1062 litteras3
937 989 972 1044 et
983 980 1114 1062 quaudo
1128 982 1194 1062 prl-

87 1099 170 1144 mum
184 1079 303 1152 Urbem
325 1083 447 1164 rapiam
470 1084 596 1164 appulit
619 1101 637 1146 a
657 1081 840 1148 iustiniaun
861 1082 1024 1146 inritatus.
1047 1079 1089 1144 Et
1113 1081 1193 1146 baeu

86 1183 184 1244 omnia
205 1183 361 1248 adversus
383 1185 562 1250 calumnias
574 1194 607 1250 et
620 1183 768 1248 isbnlosa
789 1189 972 1248 commeate
1003 1182 1062 1246 tria
1086 1181 1196 1247 deicu-

87 1281 223 1348 dentinm
245 1282 408 1364 Cupitule,
430 1287 516 1350 sicut
539 1285 673 1352 inicrius
694 1285 893 1350 ostendetur.

163 1383 279 1460 Quoad
299 1392 409 1449 antam
425 1385 581 1466 Principis
596 1393 628 1450 et
645 1384 806 1450 Pontificis
820 1383 1025 1449 concordiam
1040 1391 1073 1447 et
1087 1381 1196 1448 selum

85 1484 115 1548 in
127 1485 331 1566 profligandis
352 1487 470 1552 borum
485 1487 713 1568 capitulorum
735 1489 877 1567 patronis
891 1505 929 1550 ec
943 1483 1108 1566 quomodo
1127 1501 1196 1549 am·

86 1586 123 1648 bo
142 1589 253 1652 eadent
275 1589 429 1652 sentirent
450 1589 482 1652 in
504 1590 563 1652 bac
584 1606 696 1664 causa,
710 1589 752 1652 ob
772 1588 887 1652 oculus
906 1587 1001 1668 juvet
1021 1593 1054 1650 et
1074 1585 1199 1652 Gemil-

89 1689 145 1777 tati
167 1686 273 1768 Papae
289 1695 322 1751 et
336 1687 469 1752 Fornace
489 1687 661 1754 iustioisui
676 1688 760 1752 dicta
781 1687 941 1768 quaedam
955 1686 1130 1766 conterrac
1152 1688 1198 1752 ita

88 1798 119 1854 ut
139 1789 267 1854 dicatur
294 1799 328 1854 et
347 1789 522 1858 i'mnstituti
553 1791 718 1870 integritas
738 1789 893 1870 genuitati
923 1789 1096 1869 sudrspsri
1116 1787 1197 1853 Far·

86 1908 147 1954 arce
166 1889 390 1972 imperaturis,
406 1910 444 1956 ac
465 1899 644 1972 utrumque
657 1893 814 1972 scriptum
835 1890 992 1970 lrlsilates
1013 1896 1198 1972 prosteruu-

88 2009 121 2054 re
139 1993 416 2058 adversariorum.
439 1990 641 2056 iustinirnus
661 1994 746 2056 enim
769 1990 885 2054 ibidem
905 1991 963 2065 rit,
986 1987 1127 2056 Nestorii
1147 2007 1198 2056 se-

85 2109 197 2173 quaces
217 2096 384 2175 propriam
405 2094 601 2174 impietatem
622 2092 787 2158 Ecclesiae
808 2090 868 2156 Dei
899 2091 1064 2172 applicare
1086 2090 1198 2156 roian-

87 2200 140 2270 trs‚
154 2214 228 2260 curn
244 2212 309 2259 uon
329 2197 494 2275 potuerint
509 2212 567 2274 per
580 2192 769 2260 Nestorium
785 2193 906 2269 iacere,
922 2192 1130 2256 introducere
1153 2191 1200 2257 ia·

84 2294 209 2360 stinasse
229 2313 291 2376 per
309 2292 517 2360 Theodorum
531 2302 815 2375 mopsuestenum:
833 2314 850 2354 a
866 2291 1000 2360 Certum
1022 2299 1071 2358 ast
1090 2299 1201 2358 sutem

87 2396 166 2473 quod
191 2398 290 2478 impia
312 2396 445 2461 intentio
469 2407 517 2461 est
537 2398 597 2462 iste
629 2395 823 2478 (Capitale)
847 2395 1089 2471 vindicantium,
1113 2401 1151 2458 ut
1169 2395 1203 2458 sl'
1296 2414 1302 2424 ·
1356 2397 1362 2404 “

86 2495 315 2575 decreuerit,
336 2515 400 2562 nou
430 2497 638 2579 praedicetur
666 2495 752 2562 Deus
775 2494 919 2561 Verbum
951 2497 1050 2562 bomo
1069 2503 1201 2562 sanctus

89 2619 163 2678 esse,
178 2620 238 2668 uec
258 2605 368 2666 sancta
384 2599 524 2682 gloriosa
546 2596 647 2680 Virgo
667 2597 773 2664 liaris
788 2596 846 2664 Dei
868 2597 1016 2665 Genitrix
1033 2597 1198 2680 praedice-

91 2709 151 2768 tur.
166 2721 183 2762 a
462 2724 463 2727 ¹

158 2802 357 2886 Huiusmodi
377 2821 488 2868 sensns
518 2803 740 2868 instaurantur
759 2820 778 2865 a
800 2799 919 2885 vigilio
938 2803 971 2866 in
991 2821 1022 2868 u.
1043 2800 1095 2870 itt.
1117 2800 1201 2868 Gou-
1340 2855 1345 2860 .

85 2904 204 2970 stituti:
222 2927 239 2966 r
260 2902 489 2986 Perpeudimns
510 2907 619 2986 itaque
641 2904 728 2985 quod
762 2905 860 2986 buius
880 2919 1013 2986 qnoque
1037 2903 1199 2985 quaestio·

86 3007 129 3070 uis
143 3009 317 3073 exordium
331 3027 373 3072 ex
388 3008 626 3072 baereticorum
648 3023 786 3072 coenoso
802 3005 890 3070 ioute
906 3007 1095 3070 manaverit.
1117 3002 1200 3070 Cum

87 3109 165 3172 enim
185 3112 362 3175 nestoriani
387 3117 462 3172 aute
483 3109 595 3191 plures
615 3126 715 3173 runos
737 3125 800 3172 uon
818 3109 964 3172 valerent
984 3108 1081 3187 impia
1102 3106 1203 3186 ipsius

87 3209 226 3292 dogmate
250 3212 313 3276 snb
332 3211 478 3293 ejusdam
499 3209 639 3273 damusti
661 3207 801 3274 Nestorii
833 3210 961 3272 nomine
983 3206 1202 3288 quorumdam

86 3314 222 3378 sensibus
235 3311 430 3392 decipiendis
452 3313 608 3386 inserere,
636 3311 709 3374 binc
730 3309 915 3390 proferendi
938 3309 1062 3373 erroris
1074 3307 1125 3372 sui
1146 3322 1203 3388 op·

86 3417 313 3492 portnuitutsm
334 3414 504 3494 exquisitis
526 3411 696 3477 iraudibus
710 3413 915 3488 iurauerunt,
932 3419 970 3474 ut
990 3429 1032 3473 ex
1054 3407 1203 3472 Tbeudu·

87 3513 111 3574 ri
132 3515 347 3595 mopsuesteni
367 3513 479 3592 libris,
511 3531 609 3593 quom
628 3513 752 3594 jactant
778 3512 908 3590 inpare
930 3508 1095 3573 Ecclesiae
1115 3508 1203 3572 deie-

87 3613 171 3689 cisse,
194 3615 292 3696 impia
314 3631 428 3680 rursus
443 3611 584 3679 Nestorii
606 3612 755 3692 dogmata
777 3611 981 3693 blasphemiis
1002 3610 1200 3674 immaniori-

90 3713 145 3780 bus
164 3719 316 3780 inuosata
338 3716 545 3780 introducere
566 3716 758 3781 niterentur.
773 3733 789 3772 o

159 3814 240 3882 item
263 3819 295 3882 io
314 3818 435 3884 Forma
448 3819 525 3884 dicit
538 3815 758 3884 iustiniauusc
774 3837 792 3878 r
807 3814 849 3880 Et
863 3817 1028 3897 quoniam,
1051 3814 1136 3878 sicut
1155 3811 1204 3876 di·

88 3924 169 3980 ctum
182 3927 243 3996 cst,
261 3927 473 3998 praesumunt
486 3919 618 4000 qnidam
633 3919 740 3982 dicere
756 3911 788 3982 et
803 3915 994 3997 Epistulam,
1010 3933 1094 3996 qnae
1110 3931 1204 3995 prac-

87 4017 198 4084 dictsrn
221 4023 417 4100 impietatem
438 4022 579 4088 continet
598 4063 608 4099 ‚
630 4028 812 4101 susceptam
835 4016 904 4084 esse
923 4037 942 4082 a
963 4014 1207 4084 chalcedonensi

87 4129 192 4184 sancto
211 4119 378 4200 Concilio,
411 4124 584 4190 hortamur
605 4141 662 4188 ros
683 4120 833 4186 conterre
854 4136 938 4200 unse
959 4117 1043 4182 dicta
1065 4124 1141 4182 suut
1160 4116 1203 4182 sb

87 4223 193 4294 eodem
214 4244 309 4294 sacro
331 4225 475 4294 Concilio
505 4227 537 4292 in
558 4225 742 4294 delinitione
764 4241 825 4306 pro
860 4221 925 4290 iide
948 4220 1106 4304 exposita,
1129 4237 1204 4286 cum
