3186 4946
135 543 333 616 statuerent,
354 547 394 604 ut
413 537 453 603 ad
476 537 565 604 itlius
586 553 705 618 corpus
733 543 884 616 stuprum
904 537 1108 603 iulerendum
1129 557 1258 622 comps-

138 643 245 706 rsrtnt
260 641 465 723 Aethiopem.
487 639 538 704 Ad
561 642 642 705 baec
655 640 812 720 Origenes
834 640 1080 706 iraudulentum
1094 641 1176 708 illud
1191 643 1258 706 dis·

136 742 207 807 boli
227 743 399 809 consilium
421 759 485 806 uon
506 745 679 819 sustinens,
702 760 815 806 rocem
837 743 928 805 illam
947 743 1059 820 edidit,
1081 763 1160 825 qua,
1176 745 1258 810 duo

136 845 198 909 bns
212 847 277 910 illis
299 847 485 927 propositis,
503 845 619 910 maluit
639 845 834 908 sandicare.
851 842 1057 926 Quamquam
1078 864 1141 908 uon
1155 846 1257 909 omni·

136 965 181 1010 no
194 956 310 1027 sponte
331 947 414 1011 illud
428 966 487 1010 sua
510 947 707 1027 praestitisse
722 947 822 1026 vulgo
843 948 984 1025 dicitur3
1005 947 1060 1009 sed
1079 947 1134 1010 ubi
1154 946 1257 1010 semel

137 1049 201 1113 boc
223 1067 257 1112 se
279 1067 348 1112 esse
370 1049 534 1111 iacturum
555 1065 703 1111 assensus
724 1056 785 1124 est,
809 1049 884 1113 tbns
905 1051 938 1110 in
959 1065 1072 1112 manus
1094 1049 1182 1112 illins
1199 1051 1258 1112 im·

137 1153 305 1232 positum,
327 1151 360 1212 iu
380 1149 564 1230 subjectum
584 1166 662 1211 arae
684 1148 793 1212 locum
815 1151 996 1213 excussisse
1016 1149 1150 1227 gentiles
1171 1167 1256 1213 assu·

136 1259 229 1316 runt.
251 1249 324 1315 lloc
353 1251 449 1314 modo
470 1260 503 1313 et
522 1269 541 1312 a
563 1251 711 1335 martyrii
732 1251 836 1330 gloria
866 1251 1113 1326 consessorum,
1135 1262 1256 1334 marty·

138 1369 294 1432 rumque,
316 1352 373 1432 qni
396 1349 483 1412 illins
506 1352 704 1430 temporibus
727 1360 842 1428 erant,
861 1350 986 1434 judicio
1007 1351 1139 1426 excidit,
1162 1361 1194 1414 et
1214 1352 1256 1413 ab

136 1451 285 1516 Ecclesia
307 1451 452 1533 dejectus
474 1459 532 1516 est.
557 1451 683 1516 Accidit
704 1452 767 1516 boc
789 1452 1018 1517 Alexandriae.
1041 1473 1058 1512 r
1081 1451 1177 1528 Quod
1197 1471 1257 1517 au·

137 1563 204 1618 tem
220 1555 274 1617 bic
287 1557 333 1618 ait
348 1553 546 1636 Epiphanius
560 1555 602 1617 de
620 1554 773 1632 Origene,
795 1563 922 1640 tempus
943 1555 1041 1636 buius
1058 1556 1255 1635 persecutio·

137 1654 187 1717 nis
208 1655 382 1731 omittens,
405 1657 563 1718 instaurat
584 1664 617 1718 et
636 1656 791 1735 explanat
819 1658 851 1717 iu
872 1655 971 1718 Libro
995 1655 1038 1718 lle
1061 1656 1255 1720 Ponderibus

139 1772 173 1816 n.
195 1751 246 1818 18.
268 1763 413 1818 statuens
434 1756 466 1818 in
487 1756 713 1836 persecutione
736 1756 823 1820 llecii
854 1757 934 1820 baec
954 1758 1085 1838 Origeni
1108 1760 1256 1837 contigis-

136 1873 196 1919 se:
213 1876 230 1914 s
245 1854 398 1920 Ceterum
415 1857 446 1918 in
462 1859 688 1936 persecutione
709 1857 796 1921 Decii
818 1859 1011 1943 martyrium
1032 1857 1130 1921 subiit
1153 1857 1257 1940 ltabg-

139 1955 189 2018 las
212 1956 415 2032 dutioebiae,
439 1953 599 2020 Fabianus
622 1955 758 2035 Eumae,
781 1957 970 2022 Alexander
989 1959 1160 2038 episcopus
1181 1955 1257 2020 llie·

139 2055 382 2137 rosolymorum
398 2055 586 2121 Caesareae.
602 2054 688 2134 Quin
703 2068 735 2120 et
752 2058 906 2137 Origenes
922 2059 989 2139 ipse
1006 2057 1156 2137 quamvis
1173 2056 1257 2120 mnl·

143 2164 176 2218 ta
197 2157 240 2218 sit
260 2175 387 2235 passus,
408 2158 556 2242 martyrii
577 2159 703 2221 exitum
732 2159 859 2222 minime
882 2168 931 2222 est
951 2161 1098 2240 adeptus.
1117 2177 1134 2216 n

223 2254 313 2320 llaec
333 2275 409 2321 sane
431 2259 544 2321 dicits.
564 2257 781 2339 Epiphanius:
805 2262 929 2342 quique
946 2260 1067 2324 latetur
1087 2279 1121 2324 se
1142 2278 1185 2322 ex
1206 2277 1257 2325 er·

138 2359 241 2424 rstica
266 2359 354 2438 vulgi
376 2359 460 2422 lama
484 2362 565 2423 hanc
587 2361 756 2440 collegisse
779 2363 995 2425 narrationem
1007 2381 1019 2441 3
1041 2362 1072 2423 in
1093 2377 1157 2441 qna
1180 2359 1258 2424 irci-

139 2463 174 2527 lo
194 2461 299 2541 decipi
316 2479 429 2540 passus
444 2469 493 2524 est
514 2461 613 2542 (quod
630 2465 697 2542 ipse
712 2465 799 2526 norit
816 2463 915 2544 paulo
931 2471 1004 2526 aute
1019 2462 1144 2525 obitum
1159 2481 1257 2526 suum

138 2564 237 2628 sicuti
260 2562 342 2626 inira
366 2562 508 2643 patefiet)
533 2565 633 2626 veluti
649 2565 688 2627 de
710 2566 825 2628 ceteris
846 2564 1123 2628 criminationibus
1143 2564 1260 2627 adrer-

141 2683 199 2729 sns
219 2663 395 2744 Origenem
415 2666 612 2728 concinnatis
634 2664 721 2728 lalsis
742 2673 775 2727 et
794 2665 1033 2738 commentitiis,
1062 2665 1194 2727 delectis
1215 2683 1257 2728 ex

140 2767 258 2846 priscis
278 2764 397 2829 libellis
415 2783 473 2845 per
494 2765 673 2828 haereticos
694 2765 839 2844 eiusdem
860 2764 1007 2846 Origeuis
1038 2764 1258 2846 aemulatores

142 2868 362 2947 undequaque
382 2867 414 2928 in
449 2865 590 2930 Ecclesia
616 2867 776 2946 vulgatis,
799 2866 1073 2946 quemadmodum
1095 2867 1126 2926 in
1149 2863 1257 2928 Prima

140 2977 175 3031 et
189 2966 337 3032 wanda
356 2966 452 3029 l’drte
466 2967 589 3030 ostendi
611 2967 876 3030 luculentissime.
901 2966 1112 3046 Quapropter
1131 2974 1257 3028 nonest

140 3067 278 3141 mirum,
302 3085 328 3130 s.
353 3065 563 3148 Episcopum,
579 3069 610 3129 in
627 3068 708 3130 hanc
729 3085 862 3147 qnoque
883 3068 1036 3130 decidisse
1057 3067 1254 3130 illusionem.

140 3168 333 3232 lllusionem
356 3185 456 3247 porro
477 3167 646 3250 Epiphanii
668 3170 753 3231 circa
775 3167 924 3247 Orignnis
944 3167 1072 3247 lapsum
1090 3165 1167 3230 deos
1181 3168 1258 3230 adn·

137 3270 251 3345 lentis,
273 3270 313 3332 de
336 3276 498 3350 tempore,
520 3270 624 3350 deque
645 3271 746 3350 ipsius
767 3270 806 3332 ab
829 3268 973 3334 Ecclesia
998 3269 1190 3348 expulsione
1214 3270 1258 3331 ri-

139 3373 265 3434 derunt
285 3367 437 3457 Editores
458 3370 600 3434 Maurici
623 3371 654 3432 in
678 3373 760 3434 notis
782 3369 906 3433 llanicli
936 3367 1057 3433 lluetio
1087 3369 1256 3450 adpositis,

137 3481 173 3536 et
195 3470 327 3552 quidem
346 3471 433 3552 jure.
457 3468 663 3535 Contrarium
683 3470 766 3532 euim
783 3470 844 3533 hoc
859 3469 1084 3534 manifestatur
1106 3471 1155 3546 iis,
1174 3487 1259 3548 quae

137 3572 306 3638 Eusebius
326 3573 531 3637 caesariensis
546 3592 587 3636 ox
603 3573 731 3635 coaevis
751 3572 963 3651 scriptoribus
980 3572 1127 3633 narravit
1142 3569 1181 3634 dc
1198 3569 1259 3634 lle·

139 3678 185 3740 cii
207 3674 453 3754 persecutione,
475 3674 528 3738 cni
550 3674 754 3753 participarit
773 3673 940 3752 Origenes.
964 3671 1011 3734 lle
1032 3672 1160 3752 reliquo
1182 3689 1257 3735 cnm

139 3783 254 3839 nostra
278 3773 372 3838 ualde
393 3775 517 3837 intersit
539 3793 602 3838 nnn
622 3775 729 3838 solnm
752 3775 791 3838 de
811 3773 960 3852 Origcnis
985 3772 1047 3862 lide
1076 3780 1108 3835 et
1139 3774 1257 3852 pietate

141 3877 247 3957 ipsius
267 3877 470 3955 interrogare
490 3876 628 3950 initium,
649 3874 704 3936 sed
727 3873 918 3953 etamplius
937 3872 1259 3953 linemjuxtadnmi·

49 4053 52 4060 ⁴
143 3980 251 4042 nicam
272 3977 487 4040 mntoutiamr
509 3973 566 4056 qui
580 3972 826 4056 perseveraverit
845 3993 942 4056 usque
956 3972 991 4038 io
1002 3973 1110 4048 finem,
1131 3972 1260 4035 binrot-

141 4097 205 4142 nur
225 4075 320 4152 erim
343 4076 482 4156 ideoque
503 4075 579 4139 bnic
600 4074 771 4156 Epiphanii
796 4075 973 4139 narrationi
994 4073 1169 4148 adversati,
1193 4071 1258 4135 Eu·

140 4178 222 4244 sebii
243 4177 399 4242 instemus
422 4177 612 4240 testimonio.
635 4175 762 4253 Quies
784 4175 916 4240 sinceris
937 4191 1182 4254 praecessorum
1203 4173 1257 4235 do·

139 4275 355 4360 positionibus
374 4293 467 4340 ruam
488 4278 649 4342 instruens
668 4276 834 4342 bbtnriam
856 4274 896 4338 de
912 4273 1091 4340 nouissimis
1112 4273 1197 4338 uitae
1218 4272 1253 4335 it·
