3048 4946
332 453 411 517 bare
432 443 626 518 catholicam
643 473 651 514 ε
667 451 834 533 «Propter
855 448 960 533 rpuod,¹
972 450 1031 528 ait,
1045 449 1129 514 nulli
1144 439 1232 514 seuit
1245 449 1277 511 in
1292 446 1433 523 dnbinn,

333 554 421 636 quod
437 571 489 632 es,
506 573 593 636 quae
614 553 771 619 adsersus
783 571 840 618 nus
855 553 935 616 ialse
949 552 1012 617 dici
1032 552 1219 628 asserimus,
1234 569 1342 630 neque
1357 567 1374 612 s
1389 565 1436 612 no·

333 655 381 718 bis
392 655 492 734 dicta,
507 661 612 736 noque
627 654 710 720 lacta
735 673 804 722 esse
818 656 948 719 omnino
966 654 1191 719 dliiateamur:
1208 660 1238 715 et
1253 669 1343 731 quae
1354 669 1395 716 ex
1407 667 1436 712 s·

332 756 488 821 bundanti
505 757 663 837 recepisse
683 757 897 832 adstruimus,
913 763 945 820 et
965 766 1058 820 antea
1075 755 1213 820 tenuisse
1226 754 1436 817 firmemur.»

415 857 505 921 llaec
527 854 748 939 porruVipilll
769 859 853 922 dicta
875 859 970 921 sicuti
991 857 1105 920 deinde
1125 873 1355 920 successorum
1369 873 1435 919 sno

331 974 407 1024 rum
431 959 587 1024 adsersus
609 959 844 1024 obtrectatores
866 966 901 1024 et
921 959 1091 1023 falsatores
1111 975 1239 1032 eorum,
1261 974 1351 1038 quae
1370 973 1437 1020 eon·

333 1070 384 1125 tra
408 1061 468 1126 tria
489 1060 641 1143 Capitale
665 1071 740 1126 tunc
762 1069 849 1141 peste
869 1069 958 1138 sunt,
980 1062 1100 1141 optimo
1120 1067 1266 1141 quatuor
1291 1059 1437 1137 praelatis

333 1164 534 1227 documentis
549 1163 852 1239 accommodantur,
865 1163 920 1226 ubi
935 1163 1011 1224 item
1024 1179 1062 1226 ee
1074 1160 1221 1241 Capitale
1238 1160 1438 1238 defendentes

330 1263 503 1344 pontidium
526 1263 730 1326 manifestant
753 1263 895 1344 undique
910 1269 942 1326 et
955 1265 1161 1329 characteres
1184 1263 1346 1326 lslsitatis.
1362 1261 1437 1326 Gon

332 1374 442 1427 autom
466 1364 587 1427 ialsarii
610 1364 720 1445 plures
741 1365 836 1444 plura
856 1367 1032 1428 commenti
1055 1366 1118 1428 sint
1139 1365 1180 1427 de
1201 1365 1262 1428 bac
1284 1365 1437 1446 quaestio·

332 1479 386 1540 ue,
410 1465 531 1529 lactum
547 1475 593 1528 est
610 1473 647 1528 ut
666 1483 762 1545 saepo
777 1475 894 1528 mutuo
914 1484 949 1530 se
964 1467 1104 1547 propriis
1125 1467 1223 1529 armis
1237 1465 1435 1538 colliderem,

331 1573 366 1632 et
385 1567 580 1648 quandoque
602 1567 746 1630 nolentes
770 1570 896 1632 raritati
927 1567 1084 1632 adderent
1103 1566 1308 1648 suffragium.
1334 1567 1381 1630 Δο
1398 1571 1438 1630 ἰο-

333 1669 430 1732 terim
448 1669 552 1734 sicubi
567 1670 598 1730 iu
619 1669 683 1732 illis
698 1670 825 1750 scriptis
845 1670 1011 1749 speciatim
1033 1670 1142 1749 egitur
1156 1668 1196 1732 de
1211 1666 1322 1748 vigilii
1343 1677 1437 1732 retra·

335 1770 490 1845 dictione,
508 1770 563 1832 ubi
577 1768 780 1849 ea¹Capituis
801 1771 869 1850 ipse
884 1769 1037 1846 deiendit,
1053 1785 1138 1850 qnae
1158 1779 1250 1832 antea
1272 1769 1436 1832 damnare·

334 1878 388 1935 rat
410 1871 588 1934 arbitratus
609 1874 652 1936 itu
674 1871 759 1934 laedi
780 1869 899 1954 Synodi
931 1872 1192 1936 chalcedonensis
1212 1870 1437 1944 delinitioneat,

335 1971 494 2036 adversas
524 1973 597 2036 ideo
624 1989 738 2036 earnm
765 1967 1004 2053 scripturarum
1032 1974 1203 2038 islsitstem
1227 1981 1260 2036 at
1286 1989 1340 2047 es,
1361 1987 1438 2052 qaas

332 2075 379 2140 ibi
400 2083 588 2148 narrantur,
612 2077 715 2154 prims
737 2075 977 2157 etamplissima
1001 2075 1182 2140 testitleatio
1196 2073 1289 2138 nobis
1309 2074 1437 2156 praebe·

330 2183 388 2243 tur
407 2192 449 2241 en
471 2176 670 2240 confessione
699 2175 843 2241 Facundi
865 2178 1105 2254 hermianensis,
1122 2173 1261 2242 Victoris
1284 2181 1438 2242 tunnsen·

330 2280 374 2342 sis
394 2285 427 2340 et
461 2277 664 2344 liberatica
694 2278 935 2342 ferventissimis
965 2282 1063 2342 trium
1084 2275 1313 2361 capitulorum
1336 2285 1438 2358 patro·

331 2379 390 2442 uis.
413 2379 463 2441 Ab
485 2379 532 2440 bis
554 2397 692 2459 namque
712 2379 898 2443 luculenter
927 2380 1121 2456 adstruitur,
1144 2376 1301 2460 vigilium
1323 2377 1437 2459 Papam

331 2482 364 2542 ln
384 2497 445 2544 sun
466 2475 774 2561 Constantinopolim
803 2481 956 2558 adventu,
980 2483 1096 2546 borum
1118 2480 1350 2562 capitulorum
1369 2480 1438 2544 snb

330 2581 495 2660 scripsisse
515 2583 723 2658 damnationi,
748 2597 807 2646 nee
829 2599 972 2663 unquam
1003 2593 1113 2665 postea
1142 2584 1184 2648 ab
1204 2585 1268 2649 boa
1289 2582 1436 2648 deiecisse

332 2683 478 2748 decreto.
789 2692 794 2708 ’

412 2782 585 2848 Facundus
606 2783 729 2864 itaque,
752 2785 808 2866 qui
824 2786 1099 2868 Constantinopoli
1119 2785 1225 2851 sdlnit
1238 2788 1339 2851 simul
1353 2804 1390 2851 sc
1403 2786 1436 2847 il·

332 2885 389 2949 luo
410 2887 557 2966 pertenit
572 2885 719 2968 vtptttus,
735 2905 869 2953 narrans
890 2907 974 2971 quae
990 2897 1066 2954 tunc
1080 2896 1167 2968 gesta
1187 2895 1266 2954 sunl
1285 2888 1327 2953 de
1341 2889 1437 2954 tribus

332 2981 503 3069 Capitulis,
520 2991 624 3070 inquit
645 2990 675 3054 in
692 2989 791 3055 Libro
811 3000 922 3054 contra
940 2991 1138 3067 Mucianum,
1153 2993 1357 3072 septuaginta
1377 2991 1437 3072 ¹epi·

332 3106 447 3170 scopos
467 3108 542 3156 cum
563 3087 710 3156 Romano
734 3092 885 3157 Pontidce
901 3094 1044 3173 (praeter
1064 3092 1158 3170 alios,
1178 3093 1238 3173 qul
1257 3098 1351 3157 antes
1370 3091 1440 3156 snb-

334 3191 551 3273 scripserant)
574 3190 850 3274 Constantinopoli
871 3202 1094 3273 cnnprepstns,
1117 3194 1348 3260 condemnasse
1368 3192 1437 3275 Βρί-

333 3293 450 3356 stolam
473 3293 588 3374 (ibae)
610 3312 686 3360 cnm
707 3295 978 3375 approbatoribus
998 3296 1075 3359 suis.
1107 3293 1231 3360 Deinde
1251 3295 1285 3358 in
1307 3293 1437 3377 epistola
1489 3313 1493 3324 ·

331 3409 393 3474 pro
414 3394 598 3458 detonsione
621 3397 719 3460 trium
741 3394 982 3477 Capitulornm,
999 3395 1076 3460 illos
1096 3413 1236 3476 arguens
1258 3397 1305 3474 tin
1326 3395 1439 3478 auibus

297 3493 302 3504 '
332 3494 474 3557 eminent
498 3493 633 3575 vigilius
654 3503 687 3560 et
708 3485 857 3578 Pelagius
878 3496 1060 3576 Pontifices)
1081 3497 1140 3577 qui
1158 3515 1198 3560 ea
1219 3494 1372 3578 Capitale
1392 3515 1438 3560 re·

330 3593 521 3674 probaram,
544 3598 669 3677 innuite
685 3619 703 3660 c
718 3599 813 3676 Quod
829 3599 880 3663 isti
901 3607 975 3662 ante
995 3599 1179 3680 quindecim
1200 3607 1259 3664 aut
1278 3600 1436 3664 sexdecim

333 3711 445 3771 nunus,
469 3698 566 3760 soriis
586 3706 619 3762 et
650 3701 826 3780 peregrinis
846 3709 959 3764 contra
990 3699 1204 3781 apostolicum
1234 3707 1437 3782 praeseptum

334 3794 466 3862 abducti
480 3798 646 3878 doctrinis,
668 3808 701 3865 et
714 3801 922 3882 obsequendo
940 3801 1138 3884 iussionibus
1158 3802 1306 3882 palatinis
1326 3817 1436 3881 cogno·

332 3909 462 3962 rerunt.
479 3917 496 3958 s
515 3900 616 3966 Paulo
639 3910 710 3983 post
730 3904 840 3969 addit:
859 3902 1115 3980 «Damnaturcs,
1140 3903 1303 3970 Ecclesiae
1324 3901 1436 3968 Cstlro·

331 3997 416 4063 licae
436 4000 565 4066 decreta
588 4006 826 4083 convellentes,
848 4025 883 4070 se
904 4007 1142 4072 baereticorum
1164 4005 1433 4070 semieuticbisno·

329 4110 407 4164 rum
426 4103 496 4166 sire
517 4104 749 4184 acephalorum
771 4109 923 4188 catervis,
940 4125 1057 4176 eorum
1075 4109 1156 4174 rutis
1178 4107 1325 4186 lacendo,
1340 4101 1428 4188 perti·

330 4203 456 4270 nacitor
475 4215 736 4290 aggregarunt.»
