2982 4934
55 477 199 562 spiesdnr
211 483 268 544 eut.⁴
281 477 439 544 Filiorum
453 481 537 544 enim
553 479 658 546 rtrtus
669 488 797 560 petrum
811 487 861 546 est
872 479 976 561 pluris
988 490 1050 550 etc.
1062 483 1149 550 »So-

55 587 152 646 eruto
170 599 270 662 porro
289 583 321 644 iu
334 578 436 644 Libro
458 578 513 644 iv.
535 578 697 648 ilistorise
718 579 959 648 Ecclesiasticus
980 602 1008 648 e.
1024 581 1145 648 ΧΧΙΙΙ.

55 684 210 762 specistim
236 685 321 746 viros
343 689 500 748 memoret
521 701 547 746 s.
572 679 751 759 Basiliam,
769 701 797 746 s.
820 681 1015 770 Gregorius
1040 703 1148 770 nysse-

56 801 141 862 num,
166 791 200 848 et
230 801 335 864 cuper
363 785 497 848 citrium
525 784 776 858 ursiuuuenum,
802 785 993 864 quibuscum
1015 803 1149 850 eonver-

57 892 222 964 mosset,
253 897 287 952 et
304 888 392 970 rpud
412 905 496 968 quus
515 887 547 948 in
572 887 734 950 scientium
755 886 937 951 divinorum
966 886 1149 969 Scriptura·

58 1007 140 1061 rum,
162 1007 358 1069 morumque
388 991 588 1052 sanctitatem
609 987 747 1067 proiecit
774 986 945 1067 Euagrius.
965 989 1021 1052 sit
1039 991 1145 1053 enimc

57 1087 144 1154 «Nec
165 1091 341 1168 pensiore,
364 1097 423 1152 unt
444 1089 567 1152 minure
589 1087 745 1152 miracuta
765 1088 806 1150 ub
827 1087 904 1162 iiie,
923 1105 1023 1168 quum
1043 1105 1062 1152 s
1082 1091 1150 1154 suis

60 1193 312 1272 praeceptoribus
332 1192 416 1254 edita
437 1198 522 1254 sunt.
558 1187 620 1254 iiic
641 1191 742 1253 libros
762 1190 951 1268 conseripsit
973 1190 1065 1254 rnlde
1087 1194 1150 1256 nti·

58 1292 113 1354 iss:
134 1311 277 1372 quorum
293 1310 376 1356 unns
396 1289 569 1356 Mococbos
588 1292 787 1365 inscribitur,
800 1289 919 1360 seniis
936 1290 1052 1358 uirtute
1072 1290 1151 1357 octi-

58 1410 100 1454 es.
119 1393 213 1457 diter
236 1389 416 1470 Gstorticss,
434 1394 641 1468 sotadeum,
657 1393 713 1473 qui
734 1392 899 1462 ementium
919 1393 1070 1474 nsusequi
1085 1411 1150 1456 me·

61 1495 124 1557 ruit.
146 1493 208 1558 iiic
228 1493 326 1558 Liber
346 1497 377 1558 in
397 1494 627 1576 quiunusgiutu
654 1493 845 1560 distributus
866 1501 920 1559 est
933 1494 1048 1573 capue.
1072 1491 1151 1558 Ter·

64 1595 112 1658 tius
129 1593 364 1660 Antirrictt'eer
384 1595 569 1662 inscribitur
589 1595 670 1671 (nbi
690 1613 779 1660 orme
800 1595 1059 1676 suppeditentur,
1081 1596 1153 1674 qoi-

65 1697 109 1760 bnr
125 1701 281 1764 rdrersus
302 1700 470 1762 daemones
492 1698 698 1779 pugnandum
718 1698 785 1774 est)
803 1717 822 1760 o
840 1697 956 1762 dirime
975 1695 1150 1777 Seriptnris

62 1799 215 1874 collectus,
234 1809 268 1864 et
288 1801 320 1862 iu
341 1809 415 1864 octo
437 1809 543 1882 portes
557 1800 678 1864 divisus
696 1799 791 1880 juxto
813 1813 985 1866 numerum
1001 1807 1074 1864 outo
1095 1817 1152 1864 eo·

61 1901 246 1977 gitrtioenm.
267 1900 400 1982 Scripsit
421 1910 586 1982 prseteres
606 1897 756 1966 θητεῖαι
775 1898 970 1968 Problemata
989 1909 1151 1966 sescento.

63 2001 193 2085 benique
214 2006 297 2069 duos
317 2005 496 2068 eermiuum
517 2005 637 2070 libros:
659 2005 799 2068 aiterum
815 2004 860 2066 ud
881 2002 1072 2078 nmmum,
1093 2003 1150 2084 qui

61 2105 86 2167 is
97 2107 253 2171 coenobiis
267 2107 385 2186 degunt
396 2127 409 2188 3
421 2107 563 2170 alterum
578 2106 617 2169 sd
638 2103 811 2184 Virginem.
828 2104 893 2182 Qui
908 2105 1039 2185 quidem
1052 2121 1151 2185 quum

60 2207 158 2269 eximii
176 2210 251 2283 siut,
274 2215 308 2270 et
327 2207 539 2270 admiratione
559 2207 658 2286 digni,
673 2207 812 2286 quisque
831 2222 886 2270 ens
900 2207 1035 2286 ingerit,
1056 2204 1152 2270 isnile

59 2317 262 2388 cognoscet.»
288 2305 440 2372 linctrine
460 2315 494 2370 et
522 2306 682 2386 probitste
712 2307 960 2372 celeberrimum
982 2306 1012 2368 iu
1035 2308 1099 2370 sits
1119 2313 1154 2370 et

61 2417 122 2486 post
141 2417 277 2474 mortem
298 2417 483 2490 reputatum
505 2407 604 2472 tutos
618 2405 794 2488 Esugrium
816 2415 953 2472 testetur
971 2427 997 2470 st
1014 2405 1153 2472 tunsos

62 2506 221 2576 Climoeus.
844 2531 848 2540 ’

129 2609 306 2676 Novissime
327 2631 387 2694 pro
410 2611 540 2692 Evagrii
561 2610 777 2682 orthodoxis,
796 2627 894 2690 quum
915 2608 1059 2690 ejusdem
1080 2609 1152 2671 seri

62 2711 225 2791 scriptores
236 2715 248 2791 i
260 2711 460 2800 Hieronymo
475 2714 632 2793 eseepto)
649 2711 797 2774 obtestati
814 2719 901 2784 suut,
922 2729 989 2772 nno
1000 2718 1046 2772 est
1063 2727 1155 2788 prue-

64 2814 242 2878 tereuodom
264 2825 478 2896 posterorum
491 2816 728 2887 testimoninm,
750 2821 783 2876 et
801 2812 884 2875 iliud
908 2812 1049 2892 speeisle
1071 2810 1154 2876 (ien-

63 2912 135 2975 urdii
155 2917 356 2980 mrsssiiunsis
375 2917 407 2978 in
429 2935 457 2980 c.
479 2913 537 2980 xt.
561 2915 603 2978 Dr
630 2911 710 2976 Viris
729 2911 919 2976 iiiurtrs'bsr.
945 2911 993 2974 its
1012 2927 1152 2992 numque

63 3013 96 3076 de
108 3033 145 3078 tto
164 3017 281 3081 trudits
298 3016 489 3098 «Euagrius
508 3017 684 3080 monecbus
705 3014 880 3095 supradicti
906 3011 1045 3076 Musunii.
1061 3012 1152 3076 iumi-

62 3110 140 3178 iirris
152 3117 339 3198 discipulus,
358 3118 464 3180 dirius
480 3129 577 3196 utque
593 3118 730 3181 bumsne
746 3115 929 3176 litteratura
947 3115 1086 3192 insignis,
1100 3129 1155 3175 cu·

62 3208 108 3288 jus
120 3217 210 3280 etium
230 3218 325 3293 liber,
343 3221 400 3298 qui
424 3217 610 3282 attituletur
630 3215 714 3280 Vitae
728 3215 872 3290 Petrum,
890 3214 1155 3286 relntenutineu·

68 3315 164 3382 tissimi
183 3326 216 3382 et
235 3319 440 3402 eruditissimi
464 3321 523 3384 tiri
554 3319 744 3382 mentionem
777 3317 863 3379 iacit.
896 3316 1028 3392 Scripsit
1050 3314 1151 3376 mults

68 3420 214 3482 monronis
229 3421 429 3499 occesseriu3
451 3437 492 3482 eu
507 3420 623 3498 quibus
639 3420 806 3480 istasunt:
824 3418 974 3479 aduersus
988 3424 1054 3477 octo
1066 3412 1157 3493 prist·

67 3518 368 3599 ct'peit'rtssot'tt'orom
389 3518 599 3600 reppertiotter
613 3519 664 3594 (de
682 3519 798 3599 quibus
818 3515 979 3596 superius)
1002 3533 1080 3595 ques
1102 3525 1160 3578 out

69 3625 178 3699 primus
197 3622 347 3696 obvertit,
371 3631 427 3684 eut
447 3624 531 3684 inter
552 3623 672 3702 primos
688 3619 809 3694 didicit,
831 3627 905 3682 octo
921 3635 968 3680 eu
988 3633 1158 3679 sacrarum

70 3717 296 3801 Scriptnrurnm
320 3731 442 3785 tentum
466 3721 650 3785 testimoniis
671 3721 822 3800 opposuit
842 3717 964 3790 libros,
987 3716 1026 3777 ed
1048 3715 1158 3777 simili·

73 3824 198 3888 tudinem
221 3825 369 3888 videlicet
390 3822 528 3896 Domini,
551 3825 606 3901 qui
630 3821 777 3886 tentatori
792 3835 852 3882 sno
865 3835 992 3896 semper
1013 3816 1158 3894 Scriptu-

73 3939 168 3988 rrrum
190 3927 374 3990 testimoniis
405 3925 566 4004 obviavit3
597 3925 638 3986 ite
662 3932 697 3985 ut
719 3935 932 4001 unaquaeque
962 3918 1083 3998 species
1107 3915 1157 3978 rei

72 4023 174 4088 disboti
196 4027 245 4090 rel
268 4026 396 4088 vitietur
426 4033 561 4087 neturus
581 4022 819 4102 suggestionum
850 4029 960 4082 contre
981 4037 1016 4080 se
1043 4016 1160 4080 babent

74 4125 281 4192 testimouium.
314 4125 408 4203 Quod
431 4136 536 4188 tomen
564 4141 646 4202 opus
667 4121 777 4184 endem
798 4121 1019 4198 simplicitate,
1040 4136 1104 4198 qun
1126 4118 1157 4178 in
1208 4110 1212 4118 ’

74 4241 173 4306 puseo
185 4229 301 4306 inseui,
323 4229 430 4310 jussus
444 4227 476 4291 iu
490 4226 624 4290 iotinum
649 4223 805 4287 transtuli.
822 4221 1009 4299 Composuit
1028 4228 1059 4282 et
1081 4235 1156 4280 uuu-
