3028 4942
65 491 238 574 palatorum
251 490 334 557 iliud
355 508 436 574 opus
452 492 561 571 luisse,
577 511 635 559 seu
656 493 893 558 malevolorum
907 489 939 554 in
954 468 1064 553 odium
1088 495 1156 552 tau·
1260 523 1265 548 .

66 595 85 655 ti
104 593 263 667 ductoris,
285 600 342 656 aut
361 592 503 657 aliorum
519 595 627 675 pravis
647 595 714 658 anis
737 593 983 674 obsequentium
1004 591 1156 671 concupi·

63 693 180 756 scentiis
199 700 231 755 et
243 693 424 758 catholicae
438 693 662 760 obsistentium
676 697 831 780 veritati3
850 702 963 760 contra
984 711 1066 774 quos
1087 708 1156 756 mo·

64 791 99 855 do
118 792 206 855 nihili
227 793 359 856 intereat
379 793 577 874 disceptatio.

132 890 224 970 Quod
239 901 350 956 autem
363 911 439 958 sane
453 902 561 958 nostra
578 896 721 971 interest,
738 895 820 959 iliud
836 899 938 970 extat,
952 898 1028 958 tnnc
1041 909 1155 972 reapse
1259 897 1262 902 '

64 991 189 1056 adunata
204 991 349 1077 Synodo,
365 1003 498 1060 euectos
513 994 684 1078 Theophili
699 997 855 1060 instantiis
873 995 958 1058 ddeli
979 1002 1012 1058 et
1025 1011 1158 1058 concor·

64 1092 202 1158 diauiauo
223 1098 369 1173 cessisse,
389 1098 538 1162 omuibus
560 1098 620 1170 bia,
640 1115 720 1177 quas
743 1097 893 1178 opposuit
916 1094 1093 1173 impietates
1113 1091 1157 1156 Ο·

66 1195 153 1273 ripeni
173 1196 368 1276 adscriptas,
390 1198 578 1277 repudiatis:
595 1197 769 1278 Origeuem
785 1207 889 1260 tamen
911 1196 1027 1259 barum
1047 1201 1160 1258 aucto·

64 1315 120 1360 rena
136 1297 275 1362 tirmiter
294 1307 456 1379 negarunt
477 1300 601 1381 plures,
618 1302 690 1363 ideo
705 1299 848 1381 ejusdem
870 1298 1063 1362 anathemati
1084 1297 1161 1360 suh-

65 1398 188 1462 scribere
204 1409 390 1464 renuentes.
406 1397 444 1462 ln
456 1419 536 1480 qno,
558 1419 656 1481 quam
674 1400 769 1463 vaide
784 1407 904 1464 temere
925 1400 1041 1480 egisset
1055 1395 1159 1460 Theo-

69 1499 159 1578 philus
179 1500 324 1564 nlteriua
345 1501 557 1582 expendetur.
581 1501 801 1578 Quamobrem
825 1517 842 1564 a
869 1499 1067 1582 llierouymo
1088 1517 1159 1562 mu·

71 1600 134 1662 torti
152 1599 302 1680 plurium
318 1602 456 1683 Aegypti
477 1603 711 1666 monachorum
732 1603 959 1666 obtestationes
973 1601 1013 1665 de
1028 1601 1088 1664 hac
1109 1617 1158 1674 ae,

74 1701 246 1781 amplissime
261 1704 296 1765 iu
317 1705 483 1784 proposito
496 1713 608 1768 nostro
627 1704 833 1785 proficiemus
856 1712 923 1766 tum
945 1705 976 1767 in
1000 1702 1160 1764 vindican-

72 1801 104 1865 do
119 1801 290 1886 Origeuem
309 1805 351 1869 ab
372 1807 543 1870 haerescos
563 1814 650 1883 uota,
675 1815 743 1870 tum
763 1805 803 1867 ad
824 1803 975 1883 amplios,
997 1802 1083 1881 qoud
1105 1819 1160 1881 ag·

70 1919 283 1982 nemeaeum,
297 1907 482 1971 ostendendi
502 1908 659 1982 studium,
682 1915 747 1971 tras
767 1904 930 1988 praelatos
952 1906 1038 1968 viros
1056 1901 1161 1966 Theo·

69 2005 189 2084 philem,
213 2007 433 2088 Epiphooinm
449 2017 481 2072 et
499 2007 733 2093 Hieronymum
753 2007 840 2070 lalsis
859 2006 1008 2070 cedentes
1024 2008 1161 2084 imputa·

70 2106 212 2184 tionibus,
238 2111 349 2172 sirum
371 2111 568 2185 innocuum,
597 2110 687 2187 pium
708 2117 741 2174 et
761 2109 889 2172 iidelem
911 2107 1063 2170 haeretici
1084 2112 1159 2170 uota

69 2204 270 2284 insimulasse,
292 2211 389 2274 sicuti
411 2219 443 2274 et
462 2211 677 2274 sanctissimos
692 2209 877 2284 monachos,
892 2209 948 2288 qui
967 2205 1161 2270 damnationi

68 2311 213 2374 restitere.
229 2309 316 2375 llicit
330 2315 413 2376 euim
429 2311 646 2398 Hieronymus
664 2313 704 2375 ad
721 2311 960 2376 Pammachium
977 2317 1009 2374 et
1023 2307 1162 2373 Marcei·

69 2407 126 2472 iam
140 2409 286 2492 Epistola
300 2411 351 2478 tit.
374 2413 555 2490 llaeresim,
570 2433 656 2496 quae
675 2415 824 2480 sibilabat
844 2414 876 2475 in
898 2411 1030 2487 mundo,
1049 2418 1162 2474 aucto·

66 2511 150 2576 ritate
169 2523 201 2576 et
214 2515 404 2594 eloquentia
416 2513 586 2595 Theophili
608 2533 793 2595 oppressam
816 2533 895 2578 ease.
910 2513 949 2576 lit
966 2514 1062 2593 paulo
1077 2519 1161 2592 posta

68 2611 235 2696 «tulupa
252 2613 465 2698 Theophilus*
477 2625 541 2681 tota
556 2617 732 2696 Origeuem
753 2618 861 2696 arguit
881 2617 1032 2680 libertate
1049 2615 1163 2679 haere·

68 2711 153 2776 ticum
172 2735 264 2780 mse:
287 2733 346 2780 nec
373 2718 422 2780 iili
444 2719 521 2798 (qni
543 2719 573 2782 ei
594 2719 853 2782 adversabantur
873 2720 904 2780 in
928 2717 1079 2798 syuodo)
1102 2733 1162 2780 nec

67 2811 108 2875 illi
122 2817 201 2880 dieta
217 2819 407 2894 detendunt,
422 2821 476 2884 sed
492 2819 617 2900 lingunt
630 2821 670 2883 ab
684 2821 853 2884 haereticis
871 2821 1060 2898 immutata;
1076 2819 1162 2882 mul·

67 2920 228 2999 torumque
241 2921 355 2986 dicunt
367 2923 467 2986 libres
482 2925 631 2986 similiter
645 2923 850 3003 depravatos,
868 2931 905 2987 nt
917 2921 1011 2988 illum
1025 2938 1161 2988 unusne

65 3012 118 3080 hle
136 3021 277 3085 aliorum
298 3029 453 3090 tueantur
472 3026 682 3088 erroribus.»

131 3119 270 3204 loanper
281 3124 314 3185 iu
330 3119 472 3204 Epistola
486 3120 537 3191 8l.
552 3125 592 3188 ad
611 3126 853 3191 Pammachinm
875 3133 906 3190 et
922 3125 1091 3208 Oceanum
1105 3123 1163 3188 ob·

65 3222 239 3286 testationes
265 3231 379 3289 narrat
402 3224 620 3309 llierouymos
640 3245 768 3303 eornm,
790 3230 847 3309 qui
867 3229 1093 3308 subscriptioni
1108 3245 1161 3290 ao·

66 3317 170 3384 cedere
182 3324 363 3389 noluerunt
376 3329 587 3390 anathematis
603 3329 633 3390 iu
648 3327 796 3408 Origenis
810 3347 979 3411 personam
994 3330 1074 3408 lati3
1097 3345 1161 3391 uou

66 3423 142 3498 quod
157 3424 217 3502 ipsi
238 3425 334 3506 impia
349 3427 434 3492 dicta
450 3447 468 3491 a
484 3427 665 3510 Theophiio
680 3431 875 3494 damnationi
889 3431 1014 3513 objecta
1032 3438 1161 3494 tueren-

69 3527 116 3583 tur
127 3540 164 3588 ae
177 3526 437 3608 profitereutnr3
452 3530 506 3594 ssd
520 3533 596 3610 quia
611 3531 773 3608 arbitrati,
789 3531 1017 3596 Adamantium
1038 3533 1094 3593 bas
1108 3549 1161 3593 ue·

67 3619 136 3686 dum
156 3627 255 3692 luisse
274 3629 452 3710 impietates
472 3632 643 3708 locutum,
671 3637 768 3698 sicuti
789 3651 848 3698 uec
869 3634 987 3698 eisdem
1008 3633 1163 3713 astipula-

68 3725 138 3786 tum.
153 3726 273 3791 Scribit
285 3730 369 3792 euim
383 3749 410 3794 s.
428 3728 550 3794 Doctor
564 3751 594 3794 o.
609 3731 743 3803 dtrAd
760 3733 1026 3812 subscriptionem
1044 3733 1163 3812 (vocati

69 3819 132 3898 latii
153 3831 428 3909 tergiversantur,
451 3843 679 3914 quaeruntque
699 3833 850 3915 suliugia.
874 3833 984 3910 Alius,
1006 3852 1069 3898 uon
1091 3853 1163 3915 pos·

69 3937 145 4002 aum,
166 3929 282 4010 iuquit,
300 3932 465 4006 damnare,
487 3935 574 4013 quod
591 3951 685 3998 nemo
703 3935 877 4000 damnavit.
893 3937 999 4014 Alius,
1016 3937 1095 3999 nibil
1109 3955 1163 4000 sn-

70 4039 120 4101 per
141 4029 201 4093 hoc
222 4049 241 4094 a
263 4029 414 4096 Patribus
434 4043 592 4098 statutum
615 4047 681 4111 est,
705 4046 742 4099 ut
762 4039 839 4100 dum
862 4039 959 4102 totius
980 4039 1067 4102 orbis
1088 4057 1163 4117 pro·

72 4134 199 4193 vocatur
210 4133 398 4210 auctoritas,
413 4135 634 4201 subscribendi
648 4139 817 4202 necessitas
831 4139 1010 4204 dilleratur.
1023 4139 1162 4216 Quidum

73 4233 277 4314 mutandus,
299 4236 463 4316 quomodo
475 4281 485 4318 ‚
507 4239 634 4322 inquit,
656 4240 890 4318 damnabimus,
912 4259 994 4324 quus
1014 4239 1161 4324 Synodus
