3186 4946
191 469 270 537 item
292 474 322 537 in
338 472 437 540 Llhro
458 473 517 539 tlt.
532 495 560 541 o.
586 475 658 542 Vll.
673 475 713 540 tle
728 483 890 544 conventu
904 479 971 561 agit
986 374 1228 555 sternuere?

121 574 302 640 imtantihus
315 595 341 640 s.
359 573 535 642 Athanasio
551 583 584 642 et
606 575 747 642 Cusehio
764 579 976 644 vercellensis
1001 581 1032 644 in
1054 599 1124 661 quo
1144 581 1224 644 adu·

120 677 178 739 mti
197 684 273 740 suut
287 679 430 759 episcopi
451 677 491 740 da
507 679 645 745 diversis
665 679 851 746 civitatibus
862 701 874 759 ;
888 699 928 745 sc
949 681 989 744 tle
1005 682 1155 763 plurihus
1177 699 1228 746 re-

119 779 172 842 hns
194 779 287 842 valde
309 781 498 844 necessariis
532 782 754 846 contulerunt.
787 781 895 848 Sancti
930 784 1062 864 quitiam
1084 784 1227 863 Spiritus

118 879 305 944 ttvtuttatem
328 882 396 945 illio
417 893 651 959 emeruerunt,
674 901 749 948 eum
777 885 808 947 in
830 884 1096 948 consubstantiali
1118 882 1227 950 Trini-

121 989 176 1044 ate
196 983 516 1062 comprehendentes.
538 983 703 1050 Christum
721 1005 799 1050 aero
821 987 982 1049 hominem
1006 986 1140 1060 laetum,
1163 1003 1226 1050 aon

119 1099 236 1146 osroe-
260 1085 358 1147 motlo
373 1085 428 1147 sod
449 1087 547 1150 otiam
568 1087 708 1149 animam
731 1087 905 1150 humanam
921 1089 1130 1168 assumpsisse
1150 1106 1226 1167 pro·

118 1185 323 1248 nunciarunt:
348 1203 433 1266 quas
454 1188 608 1252 sententia
631 1188 709 1250 olim
732 1189 840 1252 iuerat
860 1189 1154 1252 ceclesiasticorum
1179 1190 1224 1252 vl·

118 1301 233 1360 rorum,
255 1287 340 1350 idest
364 1288 499 1364 lreuaei,
522 1288 722 1364 Clementis,
756 1290 954 1368 Apollinaris
977 1290 1224 1369 hieropolitanl,

117 1385 289 1466 Serapionis
310 1390 507 1467 antiocheni,
531 1398 565 1455 et
584 1390 756 1472 Oripeuisr
774 1411 791 1452 u
806 1391 869 1468 Qui
892 1393 1057 1472 praealtis
1078 1393 1110 1454 iu
1125 1393 1227 1456 omol-

118 1486 246 1552 hmsuis
268 1491 362 1554 lihris
378 1490 543 1557 Christum
567 1495 728 1557 heminam
753 1493 888 1567 tactum,
912 1495 1016 1556 anima
1039 1493 1223 1574 praeditum

116 1606 176 1652 osse
190 1594 349 1670 umescit.
372 1593 432 1656 Sat
449 1595 634 1676 specialiter
654 1599 687 1660 iu
701 1593 805 1658 Temo
821 1593 877 1658 lll.
900 1597 1222 1671 commentariorum,

117 1707 188 1770 quos
206 1693 338 1772 scripsit
368 1691 405 1756 s'rs
428 1691 585 1772 Genesim,
610 1695 708 1776 hujus
731 1698 778 1760 rei
808 1705 1047 1760 sacramentum
1069 1699 1223 1776 exponite

118 1789 164 1852 uhi
184 1790 348 1856 Adomum
370 1794 499 1874 quidem
522 1793 664 1870 Christi,
694 1795 797 1860 Evam
822 1813 900 1858 varo
924 1793 1088 1858 Ecclesiae
1112 1806 1225 1881 typum

119 1907 220 1968 gerare
243 1893 396 1972 plurihos
419 1895 526 1958 verhis
547 1897 733 1958 asseruit.»

185 1992 313 2058 Pariter
334 1998 366 2058 in
387 2015 416 2059 a.
439 1992 562 2060 Xlllll.
585 1995 757 2081 Porphyrii
779 2002 811 2060 et
825 1996 948 2060 Iuliani
962 1997 1141 2076 impietates
1158 2015 1224 2062 me-

116 2111 243 2171 morans,
265 2115 350 2176 quos
366 2115 407 2160 ax
422 2114 578 2176 perverso
593 2096 838 2177 Scriptorarum
853 2115 950 2162 sensu
961 2098 1119 2162 advorsus
1131 2097 1225 2162 Chri·

114 2202 189 2256 stum
210 2207 460 2272 contexuerunt,
484 2200 539 2274 ait,
555 2217 641 2263 eosa
658 2199 807 2279 plurihus
823 2199 983 2262 refutatos
997 2198 1161 2264 Ecclesiae
1177 2203 1224 2264 vi-

115 2295 172 2358 riss
195 2296 289 2362 «Sed
314 2315 391 2377 prae
412 2300 548 2380 reliquis
568 2302 717 2363 omnihus
738 2299 914 2380 Origenes,
936 2301 993 2380 qui
1015 2299 1144 2380 quidem
1165 2300 1225 2366 Jn·

113 2393 189 2460 liano
209 2400 306 2480 louge
330 2402 488 2464 vetustior
510 2400 583 2478 luit,
606 2420 642 2464 ea
665 2419 750 2482 quae
780 2403 810 2462 io
835 2403 936 2464 sacris
957 2401 1136 2482 scripturis
1158 2403 1225 2466 ani·

115 2500 369 2580 neclegentiam
401 2503 597 2567 conturbare
620 2503 825 2576 videbantur,
855 2503 1042 2580 sibimetipsi
1070 2503 1225 2584 objiciens

113 2603 199 2677 atqua
219 2617 406 2681 exponens,
427 2602 618 2683 sophisticos
641 2602 881 2665 malevolorum
904 2603 1070 2666 hominnm
1090 2603 1224 2666 cavilla·

115 2696 202 2762 hones
223 2703 356 2782 repulit.
381 2702 474 2780 Quae
493 2706 521 2767 si
542 2703 713 2784 diligenter
734 2702 886 2769 Julianus
907 2709 940 2766 et
961 2701 1164 2788 Porphyrius
1179 2705 1224 2767 lo·

113 2800 228 2878 sissent,
251 2805 293 2867 etl
315 2805 405 2868 aliod
426 2806 538 2868 stilum
559 2821 656 2868 suum
678 2805 925 2879 convertissent,
940 2822 1045 2884 oeque
1060 2805 1099 2866 ad
1115 2805 1224 2884 sophi·

112 2913 200 2966 emata
220 2907 395 2984 impietatis
410 2907 502 2986 plena
519 2905 750 2970 conscribenda
773 2907 917 2968 animum
930 2923 1028 2969 suum
1046 2905 1221 2986 applicuis-

115 3012 384 3088 matroneum.»

181 3103 265 3172 lluie
288 3126 387 3187 porro
408 3119 538 3172 nostrae
558 3107 770 3188 disquisitioni
792 3106 913 3186 optime
935 3121 1067 3185 quoque
1094 3122 1222 3168 accom-

114 3205 286 3284 modantur,
310 3229 394 3290 quae
416 3208 639 3274 Theodorotos
662 3209 692 3270 in
712 3204 897 3286 Competalia
925 3205 1156 3270 hoereticorum
1173 3208 1224 3286 fo·

115 3301 248 3374 inlatum
270 3312 419 3390 scripsit:
447 3312 503 3374 uhi
529 3311 708 3374 haereticos
734 3328 845 3372 omnes
867 3327 971 3388 usque
1001 3310 1120 3372 adsue
1145 3319 1223 3371 tem·

113 3425 180 3485 pora
200 3413 404 3476 enumeravit
424 3431 486 3476 non
506 3413 627 3484 solnm,
651 3412 704 3474 sed
727 3429 842 3475 eorum
865 3410 1086 3474 consolatores
1107 3409 1224 3474 lisele*

112 3510 167 3574 siae
187 3511 310 3588 Patres,
340 3517 373 3577 io
394 3513 513 3592 quihus
526 3512 713 3592 Origenem,
730 3515 895 3592 inquiens:
913 3533 931 3572 u
948 3509 1126 3574 llnerasum
1144 3529 1221 3573 varo

114 3613 306 3695 antiquarum
329 3616 491 3694 (loquitur
516 3616 555 3678 ad
575 3614 766 3695 Sporaoium
782 3615 834 3675 cul
851 3614 912 3675 hoc
929 3629 1011 3689 opus
1025 3611 1157 3684 dicavit)
1176 3610 1222 3672 ia·

114 3709 193 3778 halas
213 3735 255 3780 ex
279 3718 421 3796 achonis
444 3715 608 3780 Ecclesiae
635 3714 830 3778 Ductoribus
851 3713 967 3792 collegi
979 3733 990 3790 ;
1023 3711 1102 3772 idest
1123 3729 1147 3792 a·
1163 3709 1223 3774 Ju-

115 3813 196 3890 stino,
208 3817 248 3878 ah
260 3816 408 3893 irenaeo,
421 3815 586 3880 Clemente
601 3815 826 3888 alexandrino,
838 3811 991 3892 Origene,
1003 3810 1144 3874 Eusebio
1158 3819 1219 3874 etc.

114 3916 161 3992 qui
187 3917 310 3999 linguas
340 3937 416 3982 suas
453 3919 628 3982 adversum
661 3916 779 3980 laisum
815 3922 996 3978 armarunt.
1024 3933 1039 3972 rs
1066 3912 1113 3976 ho
1147 3912 1220 3976 ideo

114 4013 149 4077 ihi
169 4035 226 4080 noa
245 4037 304 4084 suo
327 4017 510 4083 ilistoricus
529 4019 585 4084 sad
608 4019 711 4084 aliana
735 4017 876 4098 protect,
891 4013 932 4076 oh
951 4010 1115 4078 Ecclesiae
1142 4014 1222 4075 auti·

115 4132 186 4194 uuae
206 4122 366 4187 thesauris
386 4129 492 4186 eruta.
