2994 4938
1179 367 1221 436 25

89 473 301 554 origenianae
315 472 538 539 exclusionem
555 478 621 540 tum
637 473 669 538 iu
684 474 734 554 iis,
751 491 838 556 quec
849 471 980 561 syuodo
995 490 1217 554 praecessere,

89 586 162 640 tum
186 576 220 638 iu
243 576 342 656 ipsius
355 573 474 660 synodi
496 577 586 640 ectic.
611 574 670 642 Ubi
692 575 834 643 iudicati
855 593 967 640 seusus
988 575 1130 655 plenarie
1145 591 1217 638 eeu·

86 676 198 739 ctione
220 675 431 756 exponendus
452 693 491 740 ec
512 676 689 742 tirmunduc
707 683 803 758 'erct3
837 677 893 742 ubi
915 678 1072 740 terminus
1094 680 1217 742 cuimo-

86 795 165 840 rum
181 777 403 842 incertitudini
418 777 651 859 eeiicceutius3
666 787 699 842 et
711 781 767 844 uiti
782 797 847 861 pax
863 777 1028 844 Ecclesiae
1041 781 1216 844 restituen-

85 879 152 942 da:
176 880 268 960 quud
284 879 459 942 admodum
481 879 512 942 iu
532 881 615 944 vetit
635 889 707 944 erut
721 880 841 962 vigilii,
858 887 1118 961 cunctorumque
1139 878 1217 942 flic-

85 981 183 1044 lium.
203 979 242 1044 iu
263 998 331 1062 quo
350 980 500 1044 similiter
524 980 601 1044 iicet
630 982 889 1046 animadvertere
916 979 1107 1062 etejuctien
1130 977 1218 1060 Vigi-

85 1081 122 1148 iii
137 1090 173 1145 et
190 1079 415 1163 imperatorie,
432 1089 465 1146 et
485 1083 712 1162 episcopocum
733 1084 766 1147 tu
783 1083 881 1147 trium
895 1079 1123 1161 (incitatorem
1139 1097 1218 1146 ceu·

83 1201 119 1248 ce
142 1182 367 1248 omnimodum
398 1184 580 1263 urcemietic
612 1183 751 1248 decretis
780 1184 1042 1248 coucuueutiemc
1065 1199 1217 1263 quaeque

87 1284 308 1366 proterenti,
336 1283 532 1365 publiceque
555 1283 753 1348 iitcutteutc
775 1291 868 1349 erent
883 1302 942 1364 pro
962 1283 1063 1364 ipsius
1083 1281 1216 1348 iudice·
1281 1337 1285 1344 .

85 1386 111 1447 ti
124 1385 390 1449 confirmatione.
408 1383 450 1447 Et
470 1383 532 1448 hoe
545 1383 711 1449 tuieutict
724 1391 830 1465 egem,
846 1402 914 1466 quo
929 1383 1029 1465 magis
1048 1382 1140 1446 cubic
1160 1382 1216 1446 cti·

86 1491 272 1548 versentur
298 1485 443 1550 ucuuuiii
458 1484 612 1560 diceutes,
634 1484 800 1571 synodum
821 1503 886 1550 cou
902 1484 1000 1550 tuisse
1014 1484 1213 1560 ceuucicem,

86 1602 128 1648 ec
149 1585 261 1665 quud,
277 1585 443 1652 resistente
455 1583 626 1666 Puutiflce,
643 1585 743 1652 fuerit
757 1593 966 1669 cougregati,
979 1594 1012 1652 et
1032 1583 1147 1652 ecdem
1159 1585 1217 1649 cii·

85 1685 224 1766 ceute,
248 1685 411 1752 ubcoiutc
602 1683 606 1692 '
