3066 4950
336 487 473 554 Mennoe
498 487 844 568 constantinopolitano
873 484 1028 566 gregatim
1057 483 1208 549 obtulere
1237 479 1392 546 sdrsrsna
1410 498 1442 543 a·

337 591 502 670 oopbntoa,
525 592 734 669 quantumvis
756 590 787 652 io
817 605 879 650 uon
903 586 976 649 tidoi
999 585 1199 666 professione
1223 589 1443 658 consonarent,

339 691 528 770 iieibosque
551 689 624 753 ideo
645 691 770 753 iteretis
791 689 961 751 aontberna
985 687 1203 750 reclamarent
1224 686 1401 766 aoepbatis,
1418 702 1446 746 a·

337 794 486 856 nethema
511 789 676 866 Nestorio,
701 790 855 873 Eutychi,
879 789 1000 854 Maneti
1029 791 1164 871 suisque
1184 788 1382 862 tautoribne,
1403 794 1446 850 at·

338 888 458 971 tamen,
473 893 559 966 dieo,
571 891 720 972 Origeuia
735 893 894 956 baeresim
910 902 942 956 et
957 893 1148 971 origenistas
1164 890 1346 954 baeretioos
1361 905 1446 970 pras·

337 995 558 1059 termineruot.
582 991 677 1068 Quod
701 994 832 1073 quidem
858 992 1049 1072 origenistes
1071 991 1301 1056 insectantibus
1322 1007 1384 1053 ooo
1407 989 1446 1050 ri·

336 1097 476 1159 debatur
496 1096 787 1176 praetereundum,
813 1095 921 1174 pravis
942 1095 1070 1158 intentis
1092 1093 1310 1174 opinionibus,
1333 1091 1445 1174 quibas

336 1195 486 1278 Origeoia
513 1196 655 1260 haeresis
677 1195 984 1276 repraesentebatnr
1008 1195 1146 1268 imbuta,
1169 1191 1330 1274 ratdeqoe
1351 1191 1445 1255 adisis

335 1300 578 1382 praedtotororu
596 1298 834 1361 baereticorum
852 1297 1081 1379 impiototibns.
1100 1295 1192 1360 Adeo
1214 1304 1252 1362 nt
1264 1297 1308 1360 ob
1328 1301 1445 1358 tantum

334 1402 499 1466 attention
522 1399 612 1464 uobis
634 1401 784 1464 dubitare
808 1399 905 1462 tie-eet
930 1399 1009 1476 (nisi
1030 1397 1070 1460 de
1091 1399 1283 1479 quaestione
1304 1396 1445 1477 origenis

334 1500 524 1590 generatim)
551 1501 668 1564 saltem
690 1501 730 1564 do
752 1500 960 1564 multitudine
981 1499 1255 1576 contendentium,
1279 1499 1445 1578 multoque

334 1602 435 1683 magis
456 1601 495 1666 de
514 1619 625 1678 senso,
640 1619 707 1683 quo
730 1604 771 1664 eb
787 1601 837 1676 tris
857 1600 1007 1682 Origeoia
1030 1599 1176 1666 doctrine
1198 1600 1444 1682 eomprebeuds·

335 1702 434 1771 batnr
454 1691 778 1766 aor‘detentenator.

333 1849 339 1858 .
413 1801 518 1870 Porro
546 1805 633 1868 eires
664 1803 905 1868 multitudinem
938 1806 1014 1871 boto
1041 1815 1149 1872 soetse
1179 1807 1441 1880 adorerentton,

332 1921 432 1985 qoam
456 1906 651 1972 recentiores
666 1906 869 1987 potissimum
891 1915 956 1972 tam
978 1909 1078 1974 taum
1093 1919 1126 1976 et
1146 1909 1256 1976 dissito
1277 1925 1442 1992 erumpen-

334 2011 398 2072 tem
423 2015 499 2070 tuoe
518 2007 758 2084 existimarunt,
780 2009 873 2090 qnasi
896 2017 999 2074 totum
1021 2013 1215 2091 pervasisset
1235 2011 1352 2076 orbem
1366 2009 1443 2074 obri·

331 2109 492 2176 stiaoumr
517 2109 635 2172 horum
667 2111 699 2172 iu
721 2110 782 2173 bae
814 2112 982 2176 reitlosio
1012 2113 1250 2194 aequiparatur
1269 2112 1440 2188 latitudini,

330 2227 429 2290 qoem
440 2211 589 2282 arbitrati
602 2219 678 2274 suot
693 2211 928 2277 inscribendam
945 2213 1113 2278 bominum
1128 2213 1344 2294 multitudini,
1357 2231 1442 2296 pras·

331 2320 479 2394 sumptos
499 2314 785 2394 eonrptaoteotiunr
811 2312 963 2396 Origeots
983 2333 1125 2382 errores.
1148 2315 1337 2394 Facundos,
1360 2314 1444 2380 Libe

335 2423 439 2489 ratos,
455 2423 489 2479 et
509 2413 636 2482 Auctor
659 2415 815 2496 epistotae
837 2414 1026 2483 Justiotano
1046 2417 1219 2502 inscriptae
1241 2423 1319 2483 tone
1340 2419 1442 2483 risen·

334 2525 394 2594 tes,
416 2516 573 2597 onosdarn
604 2525 716 2584 notant
744 2518 921 2582 monachos
943 2519 1138 2602 palaestinos
1162 2519 1238 2584 tatia
1259 2517 1441 2602 profitentes

330 2617 472 2682 absorde
494 2617 530 2680 de
549 2617 734 2686 animorum
762 2617 1026 2699 praeexistentia,
1051 2623 1087 2686 de
1107 2620 1304 2686 restitutione
1324 2611 1363 2686 ie
1381 2618 1442 2700 pri·

329 2719 451 2785 etiosam
471 2723 666 2802 ceterisque.
685 2720 847 2801 ungnes
869 2723 969 2803 panto
990 2729 1062 2803 post
1081 2725 1226 2790 scribens
1240 2724 1327 2790 idem
1343 2728 1439 2800 ootat3

327 2823 487 2903 intraque
505 2819 720 2889 Palaestinam
742 2824 883 2889 eottocat
899 2823 999 2906 hujus
1012 2825 1154 2890 baerests
1168 2827 1439 2892 instaurationem.

333 2921 479 3006 egentes
503 2943 595 3002 sero,
610 2924 651 2988 de
673 2927 711 2990 its
733 2943 834 2990 onom
855 2933 925 2990 esse
945 2945 980 2990 se
995 2927 1157 3007 iuquiens,
1178 2928 1236 3009 qni
1257 2928 1355 3010 plors
1375 2944 1439 3010 pas·

330 3042 386 3090 ans
408 3031 457 3090 est
477 3025 518 3090 ab
546 3025 741 3106 origenistis,
766 3026 877 3090 turbes
891 3027 1035 3108 quidem
1061 3034 1234 3106 memoret,
1257 3028 1440 3094 commotio

333 3143 404 3203 nes,
421 3127 577 3192 taetiooes
592 3127 692 3195 tuisse
708 3130 739 3192 iu
755 3127 957 3194 Palaestines
971 3130 1175 3194 monasteriis
1194 3130 1366 3208 exoitstas,
1381 3147 1440 3192 uro·

330 3229 442 3296 uaebis
463 3229 502 3292 ad
526 3231 664 3295 iorioern
685 3231 758 3294 otiis
778 3233 1053 3312 expugnantibus,
1075 3232 1356 3314 propugnantibus
1375 3231 1438 3295 atis

330 3326 518 3409 origenem,
541 3329 713 3410 perspicue
735 3338 841 3396 tamen
862 3333 980 3406 ionott,
1002 3351 1063 3397 neo
1082 3340 1180 3398 extra
1201 3333 1366 3414 regionem
1386 3329 1437 3412 SJ-

330 3429 398 3492 riae
420 3427 620 3494 Palaestinae
642 3429 842 3512 disputatum
864 3431 964 3497 tuisse
994 3431 1035 3498 de
1062 3431 1176 3497 eodem
1189 3451 1202 3512 ;
1223 3451 1332 3514 neque
1350 3437 1435 3497 extra

330 3529 482 3596 asceterio
503 3534 650 3614 erupisse
673 3534 908 3614 quaestionem.
925 3531 994 3600 Nisi
1015 3532 1116 3614 quod,
1133 3534 1236 3598 vetuti
1257 3535 1290 3598 io
1315 3550 1435 3617 praeee-
1530 3563 1531 3588 t

330 3633 481 3698 dentibus
505 3631 614 3700 Tomis
635 3633 816 3702 discussum
839 3635 913 3710 init,
931 3633 1103 3700 dicendum
1122 3642 1186 3714 est,
1204 3650 1274 3710 eoa,
1296 3636 1352 3716 qni
1370 3630 1435 3698 ort

325 3727 681 3806 geniadrersabaotur
701 3729 745 3792 ob
766 3729 946 3815 praefatam
973 3729 1156 3810 opinionem
1178 3729 1213 3792 de
1231 3726 1435 3809 praeexisten-

326 3827 374 3892 tia
394 3825 578 3894 animorum
598 3839 626 3892 et
646 3831 682 3892 de
712 3828 919 3908 restitutione,
942 3830 1008 3894 aine
1027 3828 1261 3912 regeneratione
1280 3827 1317 3892 is
1333 3825 1436 3910 pristi-

327 3947 420 4006 num,
439 3931 474 4010 in
494 3948 609 3996 errore
632 3933 768 4009 versari,
799 3931 896 3996 aliter
917 3935 1147 4012 interpretatos
1179 3931 1337 3998 duotoris
1356 3947 1433 3994 nen·

329 4038 394 4097 tem
416 4031 531 4108 abeo,
553 4031 641 4114 qnod
663 4033 851 4114 ipaeaeosit
880 4033 1066 4098 orthodoxe
1087 4031 1128 4098 de
1148 4033 1388 4114 regeneratione
1405 4035 1433 4092 et

329 4131 370 4198 de
395 4135 649 4199 resurreetione.
673 4133 769 4212 Quod
799 4153 877 4199 sero
892 4139 1003 4217 postea
1024 4134 1122 4201 citata
1143 4135 1286 4200 haeresis
1306 4133 1433 4200 ererbse

324 4242 479 4318 potator,
495 4235 608 4302 orbem
630 4239 810 4318 persedens
831 4237 1058 4318 christianum,
1080 4238 1164 4304 inter
1184 4235 1332 4304 fabulosa
1352 4249 1429 4300 ron·

326 4343 435 4406 ments
456 4336 587 4406 indubio
608 4339 873 4405 committendum
895 4345 952 4404 ost.
