2994 4938
103 525 197 578 rore
224 501 356 580 Patres
382 503 494 580 trium
531 502 816 603 subscripserint
840 503 1095 604 capitulorum
1123 404 1195 582 dd¹¹

106 629 289 704 mnationi
301 651 314 716 ;
332 651 419 704 uum
437 627 589 726 vigilius
616 629 726 706 iuerit
751 629 948 708 simoniaca
967 631 1050 709 labe
1077 633 1195 732 pollu-

110 769 203 846 tus;
236 757 295 832 vel
337 755 436 833 Petri
472 755 691 834 cathedram
728 759 933 836 escenderit
969 783 1016 836 eu
1051 774 1194 838 secreta

107 885 309 983 sponsione
335 907 379 960 oa
405 883 574 983 Capitale
600 887 957 963 anathematizandi:
986 911 1073 963 num
1102 889 1196 962 hao-

103 1013 236 1088 reticis
267 1012 498 1101 convenerit,
532 1015 753 1111 promittens
782 1013 959 1112 Anthymi
986 1018 1196 1092 restitutio·
1331 1075 1335 1086 .

104 1163 195 1216 uem
224 1141 260 1214 in
278 1139 410 1218 Sedem
437 1141 895 1240 constantinopolitanam
928 1156 1049 1218 utrum
1079 1143 1196 1218 Silve-

106 1269 205 1342 rium
233 1268 551 1364 praedecessorem
578 1291 685 1346 suum
713 1269 971 1347 aPontiiicatu
999 1272 1195 1368 expulerit,

105 1395 262 1494 uerique
289 1397 452 1488 ejusdem
489 1412 706 1495 cooperatus
732 1399 782 1474 sit
796 1421 809 1487 3
840 1423 925 1474 num
956 1401 990 1472 iu
1019 1416 1196 1497 perpetua

108 1523 366 1602 incertitudine
393 1526 442 1600 sit
460 1541 627 1602 versatus
646 1529 681 1603 in
711 1527 821 1602 trium
844 1527 1096 1626 Capitulorum
1117 1553 1198 1604 cau·

108 1673 164 1736 sa,
192 1650 283 1726 nlius
309 1651 547 1741 defendendo,
575 1652 665 1728 alias
692 1678 736 1729 aa
759 1655 977 1741 damnando,
1007 1655 1115 1729 variis
1142 1679 1197 1731 ce·

106 1779 199 1856 dens
236 1780 542 1859 circumstantiis:
586 1805 672 1858 uum
700 1783 926 1860 lastinianus
953 1784 1061 1859 aliter
1086 1807 1197 1882 quam

107 1907 216 1984 decet
232 1909 384 2007 principi
403 1910 581 1986 catholico
600 1922 638 1985 ot
656 1911 864 2009 pio,.egerit
882 1912 918 1984 in
933 1911 1002 1986 hac
1020 1912 1198 2009 quaestio·

108 2060 153 2112 ne
173 2059 258 2112 cum
277 2036 452 2113 Pontiiicc
472 2036 628 2135 vigilio,
646 2052 768 2114 utrum
790 2038 916 2112 Patres
944 2039 1196 2135 Capituiorum
1332 2135 1339 2146 .

107 2163 365 2255 damnatores,
401 2167 646 2265 praesumptis
673 2166 839 2262 Origenis
880 2165 1063 2242 erroribus
1090 2189 1196 2240 com-

111 2295 332 2374 municarint
343 2316 356 2381 3
374 2309 495 2370 utrum
515 2294 670 2392 denique
692 2294 868 2392 Origenes
887 2296 965 2392 ipse
984 2296 1033 2368 sit
1052 2294 1087 2368 in
1117 2295 1197 2392 ipsa

108 2424 256 2524 Synodo
282 2422 409 2520 quinta
436 2421 644 2496 damnatus.
1195 2484 1198 2492 .

220 2549 269 2628 Et
295 2549 412 2649 quoad
440 2549 650 2646 Origenem,
691 2569 800 2620 nemo
827 2546 983 2644 ignorat,
1015 2547 1084 2626 etsi
1113 2562 1199 2645 post

109 2704 140 2754 s.
159 2677 369 2776 Hieronymi
388 2678 527 2754 obitum
547 2676 809 2774 aliquantulum
838 2677 1063 2773 quievissent
1086 2676 1130 2750 de
1152 2699 1196 2750 eo

113 2810 385 2893 contentiones,
405 2821 528 2882 tamen
556 2804 625 2882 sub
651 2804 840 2880 dimidium
860 2805 969 2879 seculi
991 2803 1052 2878 Vl.
1079 2804 1198 2878 denuo

114 2959 274 3035 pugnam
302 2950 431 3012 contra
470 2956 556 3009 eum
585 2932 697 3007 icisse
726 2933 990 3018 instauratam
1023 2945 1198 3029 tantoque

111 3065 241 3140 ardore
260 3063 486 3149 dimicatum,
514 3073 556 3136 nt
573 3057 734 3137 nonnulli
762 3083 808 3134 ex
836 3059 1100 3136 recentioribus
1116 3057 1196 3134 exi·

112 3191 311 3276 stimeriut,
331 3201 452 3266 actam
472 3213 549 3264 rem
570 3213 666 3275 csso,
681 3213 748 3264 uec
767 3188 863 3264 ultra
884 3189 991 3264 licere
1011 3185 1198 3262 defensio·

112 3341 197 3392 ncm
225 3318 386 3414 arripere
425 3317 517 3392 tanti
555 3318 637 3402 viri,
660 3317 876 3414 pracsertim
922 3315 1197 3399 animadversis,

112 3469 207 3544 quac
236 3444 272 3520 in
300 3445 445 3542 Synodo
475 3443 517 3518 V.
546 3446 780 3522 oecumenica
808 3444 917 3542 vulgo
949 3456 1125 3542 putantur
1152 3443 1197 3518 de

115 3573 245 3648 eodem
272 3574 427 3648 sancita.
457 3571 556 3648 Haec
596 3594 706 3671 porro
734 3573 932 3648 fundantur
973 3570 1132 3645 maxime
1162 3569 1198 3644 iu

112 3703 270 3801 quedam
298 3699 478 3800 Epistola,
498 3701 575 3778 eive
595 3701 770 3777 Tractatu
789 3699 997 3777 Iustiniana
1026 3699 1200 3796 inscripto

114 3829 184 3927 (de
210 3852 283 3927 quo
302 3830 516 3928 saepissime
536 3829 571 3902 iu
600 3828 774 3926 praefatis
793 3829 1019 3924 disputatum
1044 3824 1124 3922 est)
1146 3826 1199 3898 si·

114 3958 190 4036 cuti
219 3958 254 4032 in
281 3958 446 4052 eiusdem
466 3957 602 4056 Synodi
628 3955 913 4040 definitionibus,
942 3955 1001 4030 obi
1030 3953 1201 4052 explicite

112 4087 277 4164 doctrina
309 4099 348 4164 et
384 4110 540 4186 porsena
572 4084 743 4164 Auctoris
774 4085 1105 4162 anathematizatae
1141 4082 1201 4158 di·

113 4231 258 4296 cuntur.
