3048 4946
69 502 99 567 io
111 506 175 582 post
193 517 307 568 rursus
327 501 438 568 subdit
450 500 676 568 theodoretus
696 515 809 574 cerem
819 503 1007 587 episcopias
1024 504 1157 570 auatbe·

67 623 111 668 ma
131 603 275 670 Nestoris
309 615 341 668 et
364 607 406 684 ei,
429 608 486 688 qni
507 605 669 672 condicit
692 602 970 676 natumnatum
993 605 1159 688 virginem

67 705 203 784 Mariam,
219 711 319 789 etqui
341 710 372 772 in
394 709 475 774 duos
492 709 575 772 iiiios
596 707 737 788 partitur
758 725 860 774 unum
881 707 1001 774 Filium
1016 709 1160 790 unigeni·

67 815 138 871 tum.
159 807 226 890 Epo
248 818 413 874 autam-et
442 810 515 874 iidoi
538 809 714 876 definitioni
734 810 922 889 anbacrtpst,
945 817 980 874 et
1002 810 1159 892 epistolae

63 910 237 972 sanctissimi
258 919 292 976 et
313 908 381 976 Deo
403 911 867 994 amantissimi'arcttteptacopi
888 911 1008 979 domini
1029 909 1157 990 Leonis,

63 1010 151 1074 etsie
171 1012 271 1090 sapio.
590 1028 595 1038 ’
641 1027 646 1036 ·
750 1049 755 1062 .

133 1133 149 1174 ι
169 1111 225 1176 iiia
247 1113 401 1194 expositis
421 1131 438 1177 s
460 1111 659 1191 Tiredoreto,
690 1112 905 1178 Parabarinua
925 1121 958 1178 et
981 1110 1159 1180 Lucentiua

61 1215 306 1280 reverendissimi
321 1217 461 1298 episcopi
477 1226 510 1282 et
521 1214 708 1282 Bnoiiaeius
723 1216 1012 1282 reverendissimus
1026 1215 1159 1302 presby-

61 1321 115 1390 ter,
137 1317 268 1399 insuper
287 1325 320 1382 et
340 1316 492 1382 totiacus
516 1318 804 1384 reverendissimus
824 1317 995 1397 episcopua
1020 1318 1157 1394 coensis,

60 1414 201 1483 babentes
220 1419 331 1482 locum
355 1418 565 1500 Apostolicae
594 1417 697 1495 Sedis,
721 1417 895 1482 dixeruutr
922 1416 1159 1484 sanctissimum

59 1525 87 1580 ct
102 1517 313 1584 venerabitem
329 1519 519 1599 episcopum
544 1515 787 1584 'theodoretum
808 1516 1027 1582 sanctissimus
1038 1522 1072 1582 et
1085 1517 1161 1582 bea·

59 1615 189 1682 tissimus
203 1620 375 1684 uuirersaa
397 1617 563 1684 Ecclesiae
578 1619 750 1701 episcopus
770 1616 860 1682 urbia
875 1615 998 1682 Romae
1018 1615 1085 1682 Leo
1099 1616 1160 1682 du·

57 1715 125 1780 dum
140 1719 171 1782 in
186 1721 414 1786 communione
431 1719 575 1800 suscepit
594 1719 651 1796 ita,
665 1721 751 1784 sicut
770 1716 953 1821 γράμματα
974 1719 1104 1784 litterae
1117 1717 1161 1785 ab

56 1839 91 1883 eo
104 1821 141 1882 ad
157 1830 301 1886 nostram
317 1822 532 1887 bumilitatem
553 1822 696 1888 directae
711 1829 885 1888 testantur.
900 1819 933 1886 st
949 1821 1051 1900 igitur
1064 1819 1161 1886 fldem

55 1921 242 1986 catholicam
262 1921 532 2006 sieutpromittit,
548 1930 582 1986 at
601 1921 781 1988 secundum
807 1920 1008 2000 praedictum
1029 1919 1162 1986 beatum

54 2025 234 2105 episcopum
250 2024 516 2106 subscriptionem
539 2027 571 2089 iu
591 2025 725 2107 proprio
745 2021 889 2117 λιβέλλῳ
909 2021 1042 2100 direxit,
1057 2028 1090 2087 et
1103 2039 1160 2088 uo·

52 2133 132 2190 atrae
153 2127 290 2208 iusuper
317 2127 491 2192 bumilitsti
513 2127 579 2191 aliu
601 2127 676 2193 dato
701 2127 815 2192 libatio
836 2125 1048 2201 monstrarit,
1080 2141 1162 2205 qne·

53 2225 132 2290 uiam
146 2236 179 2294 et
193 2228 384 2296 Nestorium
398 2238 431 2293 et
446 2228 629 2312 Eutpcbem
649 2247 714 2294 uon
728 2228 835 2294 solum
855 2223 1017 2330 ἐγγράφως
1036 2227 1067 2293 iu
1079 2226 1161 2292 seri

52 2335 114 2406 pto,
135 2330 192 2408 sed
214 2331 324 2394 atsnb
344 2333 523 2410 praeseutia
542 2332 640 2395 tetius
661 2348 831 2396 censemus
853 2350 912 2394 ore
931 2331 1064 2411 proprio
1085 2345 1161 2394 aua·

52 2429 293 2513 tbeosatiravit3
316 2433 378 2498 boe
396 2432 521 2515 judicio
541 2434 739 2498 sanctissima
761 2441 795 2497 et
813 2430 1082 2496 venerandiaaima
1102 2429 1161 2518 Sp·

49 2532 161 2610 nodus,
183 2535 319 2615 insuper
341 2553 419 2599 saro
441 2542 475 2599 et
494 2543 605 2600 nostra
627 2533 809 2610 humilitas,
828 2531 919 2598 reddi
940 2533 970 2597 ei
991 2531 1161 2598 ecclesiam

50 2635 212 2712 propriam
236 2634 391 2700 definivit.
406 2653 448 2693 a·

127 2733 345 2817 Quapropter
366 2737 427 2802 itae
449 2737 637 2802 narratione
657 2735 753 2802 atteri
784 2736 825 2800 de
846 2735 900 2799 iba
922 2734 1164 2812 coliata,·com-

50 2835 173 2914 peritur
194 2835 439 2904 'theodoretum
461 2839 590 2902 libellos
612 2838 692 2919 (qui
728 2837 812 2900 idem
840 2837 947 2901 valent
978 2856 1018 2902 ac
1036 2837 1163 2902 litterar

48 2943 104 2999 aut
125 2938 302 3018 epistolam
327 2941 428 3003 veluti
449 2959 492 3004 ex
513 2940 657 3021 praefata
678 2939 875 3004 discussione
895 2939 1037 3018 eruitur)
1066 2938 1163 3004 obtu-

46 3032 133 3114 lisse,
158 3039 217 3102 nbi
240 3056 320 3105 suae
337 3039 414 3104 'tidei
431 3041 660 3106 continebatur
681 3041 838 3121 protessis
849 3059 861 3120 ;
877 3042 1013 3120 quique,
1034 3039 1166 3121 rogavit

47 3136 113 3216 ipsa
134 3137 365 3206 Theodoretus
391 3150 428 3206 nt
450 3143 685 3224 relegarentur.
716 3139 844 3218 Quibus
864 3142 971 3218 lentis,
995 3140 1109 3206 Patres
1128 3157 1163 3204 a·

47 3250 240 3318 enascentes
253 3240 440 3309 Nestorium
461 3252 494 3308 et
506 3240 690 3328 Eutpcbem
706 3261 784 3306 rece
795 3244 962 3322 adscripto
976 3242 1164 3324 anathema·

45 3341 159 3409 tiaarae
178 3342 440 3421 'theodoretum
465 3345 682 3409 decreverunt
702 3343 898 3408 reddendam
918 3362 987 3408 esse
1008 3345 1038 3406 ei
1060 3342 1166 3408 eecle-

41 3442 135 3523 siam,
150 3464 169 3509 a
187 3464 256 3526 qua
278 3457 406 3513 amotus
427 3447 547 3513 inerat.
565 3445 656 3512 Haec
676 3464 775 3527 porro
790 3444 988 3510 Theodoreti
1004 3445 1164 3526 professio

42 3544 231 3612 istiusmodi
253 3549 674 3626 circumponeremus,
697 3555 730 3614 et
750 3549 979 3628 episcoporum
997 3547 1160 3630 judicium

41 3646 81 3713 da
101 3667 155 3727 eo,
179 3651 368 3716 omnimode
388 3653 470 3716 actis
490 3651 530 3715 de
551 3649 608 3715 iba
628 3651 844 3716 conveniunt:
861 3649 943 3714 adeo
965 3657 1003 3714 ut
1022 3647 1163 3730 amptius

40 3756 139 3833 atque
160 3753 307 3833 amptius
328 3751 493 3818 tarantum
517 3754 571 3829 rit,
589 3753 665 3818 ibae
679 3753 848 3833 epistolam
865 3752 905 3816 de
923 3769 984 3817 sua
1005 3749 1069 3814 tide
1082 3769 1101 3816 a
1116 3750 1162 3814 te·

41 3855 122 3935 gatis
155 3855 333 3936 pontificiis
364 3857 508 3932 citatam,
540 3873 604 3920 uon
635 3873 729 3936 possa
749 3854 903 3920 contundi
934 3871 1009 3918 cum
1031 3853 1163 3934 aitera5

40 3975 140 4037 quam
174 3955 365 4035 Facundum
400 3949 568 4039 triumque
587 3956 816 4039 Capituloruua
848 3958 976 4037 patruni
1009 3955 1165 4036 scriptam

37 4058 303 4138 praetenderunt
323 4059 362 4123 ad
385 4058 503 4124 Marim
526 4057 672 4136 Persam,
695 4058 893 4124 haereticam
914 4066 948 4122 et
968 4058 1110 4139 impiam.

118 4157 251 4224 Deinde
272 4159 359 4224 baud
379 4178 399 4225 a
420 4158 586 4225 diuturnis
605 4159 760 4226 desistens
784 4151 1101 4238 investigationibus,
1126 4161 1164 4220 ut

36 4262 255 4428 proposiltlutm
267 4261 416 4428 anplius
439 4260 591 4364 inaurem
611 4265 726 4330 centra
751 4258 968 4342 adversarios,
991 4258 1164 4424 οἶὲιιιᾱιιιι

196 4381 217 4424 0
236 4407 243 4424 .
316 4409 324 4425 .
