3048 4946
339 477 505 544 dominum
527 481 630 546 tilium
651 487 812 558 nostrum,
833 483 903 548 ansi
926 481 1031 549 inistis
1051 480 1231 545 adstruere.
1253 476 1346 541 ansis
1366 491 1444 556 erpo

339 581 518 664 quemlibet
532 583 743 646 christianum
759 580 907 660 eredere,
929 583 1019 665 qnod
1035 581 1157 663 aliquid
1180 581 1257 653 tsi'e,
1271 577 1363 661 qnod
1377 595 1449 641 coo·

343 690 393 748 tra
415 689 536 746 rectam
558 681 653 746 iidem
669 700 687 744 a
703 683 849 763 quolibet
870 684 1054 748 inveniatur
1068 685 1239 761 seriptum,
1261 679 1353 744 illius
1376 678 1450 741 tanti

342 783 505 847 Praesuiis
526 785 677 848 sanctitas
697 785 888 865 suscepisset
899 804 910 863 ;
933 785 1053 865 quippe
1074 786 1130 865 qni
1152 785 1185 848 in
1206 781 1370 847 universis
1390 779 1450 860 epi·

340 885 433 949 stolis
452 885 519 948 suis
540 893 572 946 nt
593 883 780 974 Nestorium
801 893 834 948 et
853 883 1033 967 Eutychem
1058 884 1111 948 sel
1129 883 1176 948 eis
1195 881 1312 948 similia
1333 881 1452 962 sapien-

341 996 401 1062 tes,
423 986 494 1067 pari
522 985 644 1065 iegitur
663 987 819 1050 sententia
852 987 1093 1052 condemnasse.
1128 983 1163 1048 in
1183 1003 1251 1067 qno
1272 989 1450 1048 memorato

341 1085 469 1167 Seripto
490 1087 586 1150 otiam
607 1096 719 1155 contra
750 1089 872 1152 divinas
893 1088 1095 1170 Scripturas,
1124 1105 1189 1152 uon
1216 1087 1326 1152 solnm
1348 1083 1451 1148 Ponti·

340 1187 455 1252 deibus
477 1187 600 1260 multis,
623 1186 677 1250 sed
703 1189 800 1250 etiam
823 1188 931 1268 (qnod
953 1188 1016 1253 diei
1040 1187 1128 1252 aedas
1148 1186 1218 1266 est)
1240 1185 1300 1268 ipsi
1321 1203 1449 1266 quoque

344 1286 488 1368 Principi
504 1287 679 1366 sacrilegas
698 1287 833 1369 iujurias
856 1292 1001 1369 irrogare
1018 1290 1179 1369 tentastis3
1196 1298 1360 1370 qnatenus
1373 1289 1453 1368 igno·

343 1395 469 1453 raniam
491 1389 701 1452 christianum
734 1390 892 1472 populum
913 1391 1074 1456 diabolica
1095 1389 1235 1472 amptius
1266 1389 1452 1471 deciperetis

343 1489 507 1554 astutia.»

422 1588 455 1656 Si
470 1592 652 1672 praemissis
667 1589 809 1657 Facundi
826 1593 905 1656 haee
924 1594 1136 1658 conferantur
1146 1593 1254 1675 Vigiiii
1269 1593 1369 1669 dicta,
1386 1610 1453 1673 pro·

342 1689 384 1756 ise
404 1690 522 1755 ibidem
543 1693 670 1756 intentis
692 1695 940 1758 circumstantiis
963 1712 1001 1756 ac
1022 1696 1179 1775 personis,
1202 1695 1374 1759 rideretur
1391 1695 1451 1773 ipss

342 1791 429 1873 Papa
447 1800 534 1857 reeta
556 1793 832 1870 animadvertisse,
848 1813 886 1858 ae
901 1813 964 1858 una
988 1796 1159 1871 refutasse,
1174 1814 1259 1877 qnae
1281 1796 1393 1860 scribit
1412 1793 1448 1858 E·

343 1895 495 1976 piscopos
525 1896 754 1960 hermianensis
775 1897 814 1960 nd
847 1896 1067 1962 lastinianum
1088 1906 1200 1963 eontra
1230 1897 1331 1978 ipsius
1354 1897 1450 1977 Papae

342 1995 552 2061 indicatum:
569 1991 719 2078 quaeque
733 2015 791 2062 nos
806 1997 948 2062 diluendi
966 2017 1064 2062 cansa
1088 1999 1153 2063 hue
1167 1999 1353 2063 retulimus.
1376 1997 1449 2061 Cura

344 2083 581 2178 enim'Vigiiins
603 2098 681 2161 dicit
701 2097 782 2163 duos
804 2100 956 2164 diaconos
977 2099 1141 2182 Scriptum
1163 2086 1451 2165 dedisse'Justiuia·

342 2217 388 2263 uo
407 2201 440 2262 in
461 2202 560 2264 trium
583 2198 812 2281 capitulorum
834 2201 1068 2278 defensionem,
1091 2202 1168 2282 quid
1191 2201 1294 2277 aliud,
1316 2201 1376 2264 nisi
1397 2197 1450 2262 Fa·

344 2300 441 2366 eundi
463 2301 608 2383 eiusdem
630 2321 703 2366 cum
726 2303 854 2382 dnobus
885 2303 1027 2368 diaconis
1050 2303 1209 2380 iectionis,
1236 2303 1339 2368 libros
1359 2303 1451 2365 inteu-

338 2403 448 2486 vderit;
471 2404 527 2483 qui
549 2404 716 2468 intersita
738 2424 836 2468 ausus
858 2414 906 2470 est
928 2424 1086 2482 asserere,
1110 2404 1251 2471 Leonem
1272 2404 1393 2486 Papam
1412 2400 1449 2465 R·

346 2502 509 2584 pisidiam,
544 2502 618 2568 ibae
639 2505 821 2586 inscriptam
851 2506 1032 2570 decrevisse
1060 2505 1276 2571 orthodoxam
1298 2523 1362 2570 uua
1383 2518 1448 2566 curn

344 2602 451 2682 impiis
471 2602 632 2668 Theodori
658 2609 872 2686 mopsuesteni
894 2605 1049 2688 scriptis?
1074 2605 1241 2684 Ceterum,
1261 2606 1364 2688 siquis
1384 2605 1447 2678 hoc,

345 2703 435 2784 qnod
457 2705 502 2768 ait
513 2703 680 2786 Scriptum
696 2703 847 2788 Vigiiius,
870 2705 1015 2772 Facundi
1037 2727 1105 2772 esse
1125 2710 1316 2790 negaverit3
1338 2725 1449 2771 sermo·

344 2807 394 2870 nis
412 2815 519 2870 tameo
540 2813 728 2871 consertum
743 2808 828 2873 idem
850 2827 919 2872 essa
941 2810 1035 2874 interi
1051 2809 1079 2873 ei
1101 2827 1229 2874 necesse
1244 2813 1319 2886 erit,
1336 2813 1372 2872 ut
1386 2809 1447 2870 ideo

344 2907 475 2971 dicator
498 2905 646 2972 Pontiiax
667 2906 844 2973 sebastiani
866 2916 897 2973 et
922 2908 1047 2974 Rustici
1071 2928 1170 2989 prava
1194 2910 1391 2992 redarguens
1410 2907 1448 2969 is·

346 3017 397 3073 cta
414 3017 447 3074 et
458 3011 591 3091 scripta,
608 3009 707 3074 simui
727 3009 898 3075 ooniutare
912 3029 997 3091 qnae
1014 3011 1185 3076 Facundus
1202 3011 1352 3078 insidiose
1370 3025 1450 3092 prae·

345 3111 483 3190 sumpsit
503 3111 534 3173 iu
555 3112 707 3190 praetatis
728 3110 818 3175 libris
839 3113 878 3174 ad
900 3111 1119 3178 Iustiniauom
1141 3113 1230 3177 circa
1253 3121 1341 3194 pasta
1363 3111 1448 3194 ipsius

349 3209 511 3274 Pontideis
537 3221 569 3276 et
589 3213 829 3292 episcoporum,
856 3214 913 3294 qui
936 3211 1213 3296 Constantinopoli
1235 3214 1368 3279 adunati
1386 3213 1448 3276 suut

342 3311 390 3374 nb
413 3313 511 3376 trium
534 3293 762 3392 captrdtorom
776 3315 998 3394 quaestionem
1021 3315 1129 3378 statim
1152 3333 1191 3379 ac
1208 3313 1296 3396 Papa
1319 3313 1358 3377 ad
1380 3315 1448 3378 hanc

349 3415 496 3494 persenit
518 3413 643 3477 urbam.
668 3416 714 3478 Aa
738 3416 878 3490 interim,
901 3435 975 3480 cum
997 3413 1135 3496 vigilius
1156 3415 1315 3489 Facundi,
1338 3411 1447 3480 Rustici

348 3520 383 3578 et
403 3513 581 3580 Sebastiani
596 3524 680 3592 aeta,
704 3517 831 3580 dictave
846 3517 1033 3581 summatim
1050 3519 1082 3580 in
1096 3519 1157 3582 hac
1171 3519 1334 3583 recensuit
1349 3517 1447 3598 episto-

346 3614 393 3690 ia,
417 3614 649 3699 remissisque,
676 3619 716 3682 ad
740 3618 896 3698 majorem
929 3619 1138 3684 discussionis
1158 3627 1192 3683 et
1212 3618 1368 3702 propositi
1387 3615 1448 3680 iiiu-

347 3716 536 3780 stratiooem
556 3717 653 3781 liceat
683 3717 820 3800 praedati
849 3717 992 3784 Facundi
1015 3725 1136 3784 asserta
1166 3719 1274 3784 denuo
1309 3724 1443 3788 tracum

348 3831 387 3879 ac
406 3816 592 3897 singiliatim
614 3819 814 3900 expediendo
838 3819 996 3883 refutare.

430 3915 474 3984 iit
494 3919 634 4000 primum
657 3919 787 4000 quidem
810 3919 909 4002 huius
930 3919 1122 3986 narrationis
1143 3921 1262 3986 seriem
1282 3920 1444 3986 income

350 4020 411 4094 ies,
434 4019 616 4099 reperimus
639 4019 694 4085 rix
715 4021 774 4086 sibi
797 4021 975 4086 cohaerere
996 4019 1190 4100 duetorem,
1214 4021 1311 4086 sicuti
1338 4037 1390 4083 uae
1408 4023 1443 4076 tr

345 4119 498 4185 stimouia
520 4119 650 4203 abipso
682 4125 779 4188 citata
801 4131 876 4204 apte
905 4123 1126 4204 interpretari,
1156 4141 1215 4188 nec
1236 4140 1338 4204 aequa
1367 4119 1441 4182 lsnrc

347 4215 448 4301 hujus
465 4221 661 4300 quaestionis
676 4221 860 4305 expendere
874 4221 1054 4290 historiam.
1071 4221 1132 4290 Sed
1149 4222 1230 4288 iliud
1260 4218 1440 4304 potissimo
