<?xml version="1.0" encoding="UTF-8"?>
<!DOCTYPE html PUBLIC "-//W3C//DTD XHTML 1.0 Transitional//EN"
    "http://www.w3.org/TR/xhtml1/DTD/xhtml1-transitional.dtd">
<html xmlns="http://www.w3.org/1999/xhtml" xml:lang="en" lang="en">
 <head>
  <title>
</title>
<meta http-equiv="Content-Type" content="text/html;charset=utf-8" />
  <meta name='ocr-system' content='tesseract 3.04.00' />
  <meta name='ocr-capabilities' content='ocr_page ocr_carea ocr_par ocr_line ocrx_word'/>
</head>
<body>
  <div class='ocr_page' id='page_1' title='image "./insgregoriinyss01vincgoog/insgregoriinyss01vincgoog_0256.png"; bbox 0 0 2982 4934; ppageno 0'>
   <div class='ocr_carea' id='block_1_1' title="bbox 53 439 1175 3837">
    <p class='ocr_par' dir='ltr' id='par_1_1' title="bbox 53 439 1169 1716">
     <span class='ocr_line' id='line_1_1' title="bbox 58 439 1163 522; baseline 0.002 -20"><span class='ocrx_word' id='word_1_1' title='bbox 58 447 87 502; x_wconf 90' lang='lat' dir='ltr'><strong>et</strong></span> <span class='ocrx_word' id='word_1_2' title='bbox 107 439 319 505; x_wconf 73' lang='lat' dir='ltr'><strong>sacerdotium</strong></span> <span class='ocrx_word' id='word_1_3' title='bbox 340 447 487 521; x_wconf 77' lang='lat' dir='ltr'><strong>agrotum</strong></span> <span class='ocrx_word' id='word_1_4' title='bbox 508 442 656 522; x_wconf 86' lang='lat' dir='ltr'><strong>impium,</strong></span> <span class='ocrx_word' id='word_1_5' title='bbox 672 447 771 521; x_wconf 83' lang='lat' dir='ltr'><strong>atqua</strong></span> <span class='ocrx_word' id='word_1_6' title='bbox 791 441 970 505; x_wconf 86' lang='lat' dir='ltr'><strong>oblationes</strong></span> <span class='ocrx_word' id='word_1_7' title='bbox 989 440 1163 521; x_wconf 75' lang='lat' dir='ltr'><strong>sacrilegas</strong></span> 
     </span>
     <span class='ocr_line' id='line_1_2' title="bbox 59 541 1166 622; baseline 0.001 -20"><span class='ocrx_word' id='word_1_8' title='bbox 59 542 253 620; x_wconf 86' lang='lat' dir='ltr'><strong>oiiereotem,</strong></span> <span class='ocrx_word' id='word_1_9' title='bbox 271 561 440 622; x_wconf 88' lang='lat' dir='ltr'><strong>procacem</strong></span> <span class='ocrx_word' id='word_1_10' title='bbox 464 553 497 605; x_wconf 91' lang='lat' dir='ltr'><strong>et</strong></span> <span class='ocrx_word' id='word_1_11' title='bbox 518 543 634 607; x_wconf 88' lang='lat' dir='ltr'><strong>lrootis</strong></span> <span class='ocrx_word' id='word_1_12' title='bbox 654 544 855 608; x_wconf 89' lang='lat' dir='ltr'><strong>durissimae.</strong></span> <span class='ocrx_word' id='word_1_13' title='bbox 873 543 943 606; x_wconf 88' lang='lat' dir='ltr'><strong>lloc</strong></span> <span class='ocrx_word' id='word_1_14' title='bbox 957 559 1090 622; x_wconf 85' lang='lat' dir='ltr'><strong>quoque</strong></span> <span class='ocrx_word' id='word_1_15' title='bbox 1110 541 1166 605; x_wconf 92' lang='lat' dir='ltr'><strong>ad·</strong></span> 
     </span>
     <span class='ocr_line' id='line_1_3' title="bbox 53 641 1167 726; baseline 0.004 -23"><span class='ocrx_word' id='word_1_16' title='bbox 53 643 161 722; x_wconf 78' lang='lat' dir='ltr'><strong>piciens</strong></span> <span class='ocrx_word' id='word_1_17' title='bbox 177 641 385 724; x_wconf 72' lang='lat' dir='ltr'><strong>Theophilus,</strong></span> <span class='ocrx_word' id='word_1_18' title='bbox 401 646 490 726; x_wconf 86' lang='lat' dir='ltr'><strong>quod</strong></span> <span class='ocrx_word' id='word_1_19' title='bbox 512 663 575 710; x_wconf 91' lang='lat' dir='ltr'><strong>uou</strong></span> <span class='ocrx_word' id='word_1_20' title='bbox 596 645 643 708; x_wconf 89' lang='lat' dir='ltr'><strong>bis</strong></span> <span class='ocrx_word' id='word_1_21' title='bbox 657 645 795 710; x_wconf 85' lang='lat' dir='ltr'><strong>Joaooer</strong></span> <span class='ocrx_word' id='word_1_22' title='bbox 808 646 934 725; x_wconf 86' lang='lat' dir='ltr'><strong>laqueis</strong></span> <span class='ocrx_word' id='word_1_23' title='bbox 955 645 1100 708; x_wconf 87' lang='lat' dir='ltr'><strong>irretitus</strong></span> <span class='ocrx_word' id='word_1_24' title='bbox 1121 651 1167 708; x_wconf 88' lang='lat' dir='ltr'><strong>te·</strong></span> 
     </span>
     <span class='ocr_line' id='line_1_4' title="bbox 54 746 1165 826; baseline 0.003 -20"><span class='ocrx_word' id='word_1_25' title='bbox 54 753 157 818; x_wconf 87' lang='lat' dir='ltr'><strong>uetur,</strong></span> <span class='ocrx_word' id='word_1_26' title='bbox 180 747 236 824; x_wconf 83' lang='lat' dir='ltr'><strong>qui</strong></span> <span class='ocrx_word' id='word_1_27' title='bbox 259 749 379 824; x_wconf 88' lang='lat' dir='ltr'><strong>possint</strong></span> <span class='ocrx_word' id='word_1_28' title='bbox 407 746 584 826; x_wconf 84' lang='lat' dir='ltr'><strong>eliquaodo</strong></span> <span class='ocrx_word' id='word_1_29' title='bbox 615 746 768 824; x_wconf 80' lang='lat' dir='ltr'><strong>dissolri3</strong></span> <span class='ocrx_word' id='word_1_30' title='bbox 800 747 854 810; x_wconf 88' lang='lat' dir='ltr'><strong>aed</strong></span> <span class='ocrx_word' id='word_1_31' title='bbox 876 748 932 826; x_wconf 89' lang='lat' dir='ltr'><strong>qui</strong></span> <span class='ocrx_word' id='word_1_32' title='bbox 955 747 1085 810; x_wconf 88' lang='lat' dir='ltr'><strong>oudiret</strong></span> <span class='ocrx_word' id='word_1_33' title='bbox 1104 762 1165 824; x_wconf 89' lang='lat' dir='ltr'><strong>pro</strong></span> 
     </span>
     <span class='ocr_line' id='line_1_5' title="bbox 55 844 1165 929; baseline 0.003 -25"><span class='ocrx_word' id='word_1_34' title='bbox 55 845 167 908; x_wconf 90' lang='lat' dir='ltr'><strong>merito</strong></span> <span class='ocrx_word' id='word_1_35' title='bbox 188 844 297 925; x_wconf 79' lang='lat' dir='ltr'><strong>llogitii</strong></span> <span class='ocrx_word' id='word_1_36' title='bbox 317 849 367 909; x_wconf 88' lang='lat' dir='ltr'><strong>aui</strong></span> <span class='ocrx_word' id='word_1_37' title='bbox 380 847 628 910; x_wconf 71' lang='lat' dir='ltr'><strong>comminantem</strong></span> <span class='ocrx_word' id='word_1_38' title='bbox 650 844 755 910; x_wconf 74' lang='lat' dir='ltr'><strong>Deum</strong></span> <span class='ocrx_word' id='word_1_39' title='bbox 769 855 869 929; x_wconf 88' lang='lat' dir='ltr'><strong>atque</strong></span> <span class='ocrx_word' id='word_1_40' title='bbox 884 849 1062 910; x_wconf 82' lang='lat' dir='ltr'><strong>dicentem:</strong></span> <span class='ocrx_word' id='word_1_41' title='bbox 1075 845 1165 929; x_wconf 74' lang='lat' dir='ltr'><strong>judi·</strong></span> 
     </span>
     <span class='ocr_line' id='line_1_6' title="bbox 55 943 1166 1029; baseline 0.003 -24"><span class='ocrx_word' id='word_1_42' title='bbox 55 953 117 1006; x_wconf 89' lang='lat' dir='ltr'><strong>eote</strong></span> <span class='ocrx_word' id='word_1_43' title='bbox 130 943 215 1009; x_wconf 82' lang='lat' dir='ltr'><strong>ister</strong></span> <span class='ocrx_word' id='word_1_44' title='bbox 235 956 320 1010; x_wconf 85' lang='lat' dir='ltr'><strong>meet</strong></span> <span class='ocrx_word' id='word_1_45' title='bbox 338 943 502 1010; x_wconf 77' lang='lat' dir='ltr'><strong>Jounrseor.</strong></span> <span class='ocrx_word' id='word_1_46' title='bbox 528 945 699 1029; x_wconf 80' lang='lat' dir='ltr'><strong>Eupeetous&#39;</strong></span> <span class='ocrx_word' id='word_1_47' title='bbox 719 957 752 1010; x_wconf 86' lang='lat' dir='ltr'><strong>ut</strong></span> <span class='ocrx_word' id='word_1_48' title='bbox 765 949 882 1027; x_wconf 75' lang='lat' dir='ltr'><strong>luceret</strong></span> <span class='ocrx_word' id='word_1_49' title='bbox 896 948 1070 1029; x_wconf 80' lang='lat' dir='ltr'><strong>judicium:</strong></span> <span class='ocrx_word' id='word_1_50' title='bbox 1091 943 1166 1029; x_wconf 74' lang='lat' dir='ltr'><strong>feeit</strong></span> 
     </span>
     <span class='ocr_line' id='line_1_7' title="bbox 53 1046 1167 1130; baseline 0.004 -22"><span class='ocrx_word' id='word_1_51' title='bbox 53 1055 149 1108; x_wconf 84' lang='lat' dir='ltr'><strong>sutem</strong></span> <span class='ocrx_word' id='word_1_52' title='bbox 170 1046 506 1130; x_wconf 61' lang='lat' dir='ltr'><strong>iniquissimorum</strong></span> <span class='ocrx_word' id='word_1_53' title='bbox 521 1046 767 1130; x_wconf 63' lang='lat' dir='ltr'><strong>mortuomari</strong></span> <span class='ocrx_word' id='word_1_54' title='bbox 786 1050 964 1112; x_wconf 78' lang='lat' dir='ltr'><strong>clamorem.</strong></span> <span class='ocrx_word' id='word_1_55' title='bbox 981 1048 1065 1114; x_wconf 81' lang='lat' dir='ltr'><strong>bictt</strong></span> <span class='ocrx_word' id='word_1_56' title='bbox 1086 1067 1167 1129; x_wconf 85' lang='lat' dir='ltr'><strong>quo·</strong></span> 
     </span>
     <span class='ocr_line' id='line_1_8' title="bbox 57 1145 1167 1231; baseline 0.005 -23"><span class='ocrx_word' id='word_1_57' title='bbox 57 1164 115 1224; x_wconf 82' lang='lat' dir='ltr'><strong>que</strong></span> <span class='ocrx_word' id='word_1_58' title='bbox 135 1145 440 1229; x_wconf 62' lang='lat' dir='ltr'><strong>theophilusque</strong></span> <span class='ocrx_word' id='word_1_59' title='bbox 461 1149 546 1213; x_wconf 91' lang='lat' dir='ltr'><strong>sicut</strong></span> <span class='ocrx_word' id='word_1_60' title='bbox 559 1159 686 1213; x_wconf 88' lang='lat' dir='ltr'><strong>sataoos</strong></span> <span class='ocrx_word' id='word_1_61' title='bbox 709 1149 950 1229; x_wconf 77' lang='lat' dir='ltr'><strong>transfiguravit</strong></span> <span class='ocrx_word' id='word_1_62' title='bbox 963 1167 998 1212; x_wconf 89' lang='lat' dir='ltr'><strong>ee</strong></span> <span class='ocrx_word' id='word_1_63' title='bbox 1019 1151 1050 1211; x_wconf 91' lang='lat' dir='ltr'><strong>io</strong></span> <span class='ocrx_word' id='word_1_64' title='bbox 1073 1169 1167 1231; x_wconf 74' lang='lat' dir='ltr'><strong>ange·</strong></span> 
     </span>
     <span class='ocr_line' id='line_1_9' title="bbox 57 1247 1165 1332; baseline 0.009 -24"><span class='ocrx_word' id='word_1_65' title='bbox 57 1248 121 1311; x_wconf 90' lang='lat' dir='ltr'><strong>lum</strong></span> <span class='ocrx_word' id='word_1_66' title='bbox 142 1247 239 1325; x_wconf 87' lang='lat' dir='ltr'><strong>lucis,</strong></span> <span class='ocrx_word' id='word_1_67' title='bbox 257 1253 300 1314; x_wconf 91' lang='lat' dir='ltr'><strong>itu</strong></span> <span class='ocrx_word' id='word_1_68' title='bbox 322 1250 418 1314; x_wconf 88' lang='lat' dir='ltr'><strong>otiam</strong></span> <span class='ocrx_word' id='word_1_69' title='bbox 439 1247 580 1314; x_wconf 84' lang='lat' dir='ltr'><strong>Joeuoea</strong></span> <span class='ocrx_word' id='word_1_70' title='bbox 594 1269 657 1314; x_wconf 89' lang='lat' dir='ltr'><strong>ooo</strong></span> <span class='ocrx_word' id='word_1_71' title='bbox 679 1260 774 1326; x_wconf 83' lang='lat' dir='ltr'><strong>esset,</strong></span> <span class='ocrx_word' id='word_1_72' title='bbox 796 1253 883 1332; x_wconf 86' lang='lat' dir='ltr'><strong>qood</strong></span> <span class='ocrx_word' id='word_1_73' title='bbox 906 1253 1090 1329; x_wconf 79' lang='lat' dir='ltr'><strong>uidebatur3</strong></span> <span class='ocrx_word' id='word_1_74' title='bbox 1107 1270 1165 1318; x_wconf 85' lang='lat' dir='ltr'><strong>uec</strong></span> 
     </span>
     <span class='ocr_line' id='line_1_10' title="bbox 59 1350 1168 1439; baseline 0.005 -31"><span class='ocrx_word' id='word_1_75' title='bbox 59 1357 177 1414; x_wconf 85' lang='lat' dir='ltr'><strong>trotuua</strong></span> <span class='ocrx_word' id='word_1_76' title='bbox 199 1350 340 1414; x_wconf 79' lang='lat' dir='ltr'><strong>similem</strong></span> <span class='ocrx_word' id='word_1_77' title='bbox 354 1359 497 1425; x_wconf 86' lang='lat' dir='ltr'><strong>satanae,</strong></span> <span class='ocrx_word' id='word_1_78' title='bbox 518 1351 573 1414; x_wconf 88' lang='lat' dir='ltr'><strong>sed</strong></span> <span class='ocrx_word' id='word_1_79' title='bbox 590 1351 791 1414; x_wconf 89' lang='lat' dir='ltr'><strong>immundum</strong></span> <span class='ocrx_word' id='word_1_80' title='bbox 813 1353 1000 1439; x_wconf 84' lang='lat' dir='ltr'><strong>daemonem</strong></span> <span class='ocrx_word' id='word_1_81' title='bbox 1016 1369 1091 1414; x_wconf 88' lang='lat' dir='ltr'><strong>eum</strong></span> <span class='ocrx_word' id='word_1_82' title='bbox 1112 1367 1168 1432; x_wconf 88' lang='lat' dir='ltr'><strong>op-</strong></span> 
     </span>
     <span class='ocr_line' id='line_1_11' title="bbox 56 1449 1167 1532; baseline 0.005 -22"><span class='ocrx_word' id='word_1_83' title='bbox 56 1449 161 1527; x_wconf 87' lang='lat' dir='ltr'><strong>pellst‚</strong></span> <span class='ocrx_word' id='word_1_84' title='bbox 177 1469 272 1514; x_wconf 91' lang='lat' dir='ltr'><strong>more</strong></span> <span class='ocrx_word' id='word_1_85' title='bbox 290 1453 442 1516; x_wconf 89' lang='lat' dir='ltr'><strong>torrentis</strong></span> <span class='ocrx_word' id='word_1_86' title='bbox 456 1452 636 1514; x_wconf 86' lang='lat' dir='ltr'><strong>trahentem</strong></span> <span class='ocrx_word' id='word_1_87' title='bbox 653 1453 828 1515; x_wconf 80' lang='lat' dir='ltr'><strong>vorborum</strong></span> <span class='ocrx_word' id='word_1_88' title='bbox 843 1453 1054 1532; x_wconf 78' lang='lat' dir='ltr'><strong>spurcitiam:</strong></span> <span class='ocrx_word' id='word_1_89' title='bbox 1070 1469 1167 1532; x_wconf 85' lang='lat' dir='ltr'><strong>quom</strong></span> 
     </span>
     <span class='ocr_line' id='line_1_12' title="bbox 58 1549 1169 1632; baseline 0.005 -22"><span class='ocrx_word' id='word_1_90' title='bbox 58 1557 86 1610; x_wconf 87' lang='lat' dir='ltr'><strong>et</strong></span> <span class='ocrx_word' id='word_1_91' title='bbox 106 1551 136 1612; x_wconf 93' lang='lat' dir='ltr'><strong>io</strong></span> <span class='ocrx_word' id='word_1_92' title='bbox 150 1549 319 1614; x_wconf 85' lang='lat' dir='ltr'><strong>Christum</strong></span> <span class='ocrx_word' id='word_1_93' title='bbox 341 1550 490 1632; x_wconf 91' lang='lat' dir='ltr'><strong>perbibet</strong></span> <span class='ocrx_word' id='word_1_94' title='bbox 504 1551 638 1630; x_wconf 89' lang='lat' dir='ltr'><strong>impium</strong></span> <span class='ocrx_word' id='word_1_95' title='bbox 659 1551 816 1629; x_wconf 71' lang='lat' dir='ltr'><strong>extitisse,</strong></span> <span class='ocrx_word' id='word_1_96' title='bbox 831 1550 983 1616; x_wconf 84' lang='lat' dir='ltr'><strong>etJudaa</strong></span> <span class='ocrx_word' id='word_1_97' title='bbox 1005 1552 1169 1616; x_wconf 87' lang='lat' dir='ltr'><strong>traditoris</strong></span> 
     </span>
     <span class='ocr_line' id='line_1_13' title="bbox 58 1663 333 1716; baseline 0.004 -3"><span class='ocrx_word' id='word_1_98' title='bbox 58 1668 121 1714; x_wconf 85' lang='lat' dir='ltr'><strong>esso</strong></span> <span class='ocrx_word' id='word_1_99' title='bbox 134 1663 333 1716; x_wconf 77' lang='lat' dir='ltr'><strong>consortem.</strong></span> 
     </span>
    </p>

    <p class='ocr_par' dir='ltr' id='par_1_2' title="bbox 57 1753 1175 3837">
     <span class='ocr_line' id='line_1_14' title="bbox 136 1753 1172 1836; baseline 0.006 -24"><span class='ocrx_word' id='word_1_100' title='bbox 136 1777 153 1812; x_wconf 81' lang='lat' dir='ltr'><strong>u</strong></span> <span class='ocrx_word' id='word_1_101' title='bbox 171 1753 286 1826; x_wconf 78' lang='lat' dir='ltr'><strong>Acuti,</strong></span> <span class='ocrx_word' id='word_1_102' title='bbox 300 1753 396 1818; x_wconf 89' lang='lat' dir='ltr'><strong>otiam</strong></span> <span class='ocrx_word' id='word_1_103' title='bbox 411 1753 497 1836; x_wconf 84' lang='lat' dir='ltr'><strong>quod</strong></span> <span class='ocrx_word' id='word_1_104' title='bbox 512 1763 672 1832; x_wconf 74' lang='lat' dir='ltr'><strong>asportor</strong></span> <span class='ocrx_word' id='word_1_105' title='bbox 687 1757 719 1819; x_wconf 88' lang='lat' dir='ltr'><strong>iu</strong></span> <span class='ocrx_word' id='word_1_106' title='bbox 735 1753 841 1820; x_wconf 86' lang='lat' dir='ltr'><strong>Deum</strong></span> <span class='ocrx_word' id='word_1_107' title='bbox 854 1772 968 1818; x_wconf 86' lang='lat' dir='ltr'><strong>manua</strong></span> <span class='ocrx_word' id='word_1_108' title='bbox 983 1756 1095 1836; x_wconf 88' lang='lat' dir='ltr'><strong>impios</strong></span> <span class='ocrx_word' id='word_1_109' title='bbox 1115 1773 1172 1818; x_wconf 84' lang='lat' dir='ltr'><strong>ex·</strong></span> 
     </span>
     <span class='ocr_line' id='line_1_15' title="bbox 61 1853 1166 1938; baseline 0 -18"><span class='ocrx_word' id='word_1_110' title='bbox 61 1857 190 1922; x_wconf 79' lang='lat' dir='ltr'><strong>tendisse</strong></span> <span class='ocrx_word' id='word_1_111' title='bbox 200 1876 213 1935; x_wconf 77' lang='lat'>3</span> <span class='ocrx_word' id='word_1_112' title='bbox 246 1864 278 1920; x_wconf 87' lang='lat' dir='ltr'><strong>et</strong></span> <span class='ocrx_word' id='word_1_113' title='bbox 300 1856 388 1937; x_wconf 87' lang='lat' dir='ltr'><strong>quod</strong></span> <span class='ocrx_word' id='word_1_114' title='bbox 408 1855 553 1920; x_wconf 81' lang='lat' dir='ltr'><strong>lacobus</strong></span> <span class='ocrx_word' id='word_1_115' title='bbox 575 1853 752 1938; x_wconf 79' lang='lat' dir='ltr'><strong>Apostolus</strong></span> <span class='ocrx_word' id='word_1_116' title='bbox 780 1858 821 1921; x_wconf 87' lang='lat' dir='ltr'><strong>de</strong></span> <span class='ocrx_word' id='word_1_117' title='bbox 840 1856 1033 1937; x_wconf 84' lang='lat' dir='ltr'><strong>quibusdam</strong></span> <span class='ocrx_word' id='word_1_118' title='bbox 1054 1873 1166 1922; x_wconf 87' lang='lat' dir='ltr'><strong>rerum</strong></span> 
     </span>
     <span class='ocr_line' id='line_1_16' title="bbox 58 1955 1170 2040; baseline 0 -20"><span class='ocrx_word' id='word_1_119' title='bbox 58 1957 291 2022; x_wconf 85' lang='lat' dir='ltr'><strong>muodouaroru</strong></span> <span class='ocrx_word' id='word_1_120' title='bbox 322 1955 447 2035; x_wconf 87' lang='lat' dir='ltr'><strong>cupidis</strong></span> <span class='ocrx_word' id='word_1_121' title='bbox 475 1957 543 2020; x_wconf 80' lang='lat' dir='ltr'><strong>alte</strong></span> <span class='ocrx_word' id='word_1_122' title='bbox 563 1955 672 2037; x_wconf 81' lang='lat' dir='ltr'><strong>petitis</strong></span> <span class='ocrx_word' id='word_1_123' title='bbox 690 1966 720 2020; x_wconf 83' lang='lat' dir='ltr'><strong>et</strong></span> <span class='ocrx_word' id='word_1_124' title='bbox 741 1976 806 2020; x_wconf 80' lang='lat' dir='ltr'><strong>ooo</strong></span> <span class='ocrx_word' id='word_1_125' title='bbox 832 1956 1010 2039; x_wconf 84' lang='lat' dir='ltr'><strong>accipietis,</strong></span> <span class='ocrx_word' id='word_1_126' title='bbox 1030 1977 1065 2020; x_wconf 86' lang='lat' dir='ltr'><strong>eo</strong></span> <span class='ocrx_word' id='word_1_127' title='bbox 1084 1959 1170 2040; x_wconf 82' lang='lat' dir='ltr'><strong>quod</strong></span> 
     </span>
     <span class='ocr_line' id='line_1_17' title="bbox 57 2051 1170 2136; baseline 0.003 -16"><span class='ocrx_word' id='word_1_128' title='bbox 57 2056 130 2120; x_wconf 81' lang='lat' dir='ltr'><strong>mule</strong></span> <span class='ocrx_word' id='word_1_129' title='bbox 144 2053 273 2136; x_wconf 65' lang='lat' dir='ltr'><strong>peteme.</strong></span> <span class='ocrx_word' id='word_1_130' title='bbox 302 2052 374 2118; x_wconf 88' lang='lat' dir='ltr'><strong>lloo</strong></span> <span class='ocrx_word' id='word_1_131' title='bbox 394 2051 594 2136; x_wconf 72' lang='lat' dir='ltr'><strong>Theophilus</strong></span> <span class='ocrx_word' id='word_1_132' title='bbox 609 2058 741 2122; x_wconf 86' lang='lat' dir='ltr'><strong>beatum</strong></span> <span class='ocrx_word' id='word_1_133' title='bbox 762 2057 921 2122; x_wconf 84' lang='lat' dir='ltr'><strong>loannem</strong></span> <span class='ocrx_word' id='word_1_134' title='bbox 936 2061 1050 2122; x_wconf 88' lang='lat' dir='ltr'><strong>asserit</strong></span> <span class='ocrx_word' id='word_1_135' title='bbox 1071 2059 1170 2123; x_wconf 84' lang='lat' dir='ltr'><strong>dixis·</strong></span> 
     </span>
     <span class='ocr_line' id='line_1_18' title="bbox 60 2153 1171 2240; baseline 0.003 -23"><span class='ocrx_word' id='word_1_136' title='bbox 60 2173 90 2218; x_wconf 89' lang='lat' dir='ltr'><strong>se</strong></span> <span class='ocrx_word' id='word_1_137' title='bbox 108 2157 146 2219; x_wconf 91' lang='lat' dir='ltr'><strong>de</strong></span> <span class='ocrx_word' id='word_1_138' title='bbox 166 2153 309 2220; x_wconf 89' lang='lat' dir='ltr'><strong>Christo.</strong></span> <span class='ocrx_word' id='word_1_139' title='bbox 340 2153 450 2219; x_wconf 75' lang='lat' dir='ltr'><strong>husus</strong></span> <span class='ocrx_word' id='word_1_140' title='bbox 471 2155 656 2219; x_wconf 61' lang='lat' dir='ltr'><strong>crtsdicere</strong></span> <span class='ocrx_word' id='word_1_141' title='bbox 685 2155 825 2222; x_wconf 84' lang='lat' dir='ltr'><strong>loaooes</strong></span> <span class='ocrx_word' id='word_1_142' title='bbox 854 2160 887 2221; x_wconf 92' lang='lat' dir='ltr'><strong>io</strong></span> <span class='ocrx_word' id='word_1_143' title='bbox 909 2158 1066 2222; x_wconf 83' lang='lat' dir='ltr'><strong>eeclesia:</strong></span> <span class='ocrx_word' id='word_1_144' title='bbox 1087 2159 1171 2240; x_wconf 86' lang='lat' dir='ltr'><strong>quod</strong></span> 
     </span>
     <span class='ocr_line' id='line_1_19' title="bbox 63 2252 1173 2340; baseline 0.005 -22"><span class='ocrx_word' id='word_1_145' title='bbox 63 2252 200 2322; x_wconf 78' lang='lat' dir='ltr'><strong>Christus</strong></span> <span class='ocrx_word' id='word_1_146' title='bbox 221 2254 374 2333; x_wconf 82' lang='lat' dir='ltr'><strong>orruerit,</strong></span> <span class='ocrx_word' id='word_1_147' title='bbox 393 2264 420 2319; x_wconf 89' lang='lat' dir='ltr'><strong>et</strong></span> <span class='ocrx_word' id='word_1_148' title='bbox 435 2273 500 2320; x_wconf 83' lang='lat' dir='ltr'><strong>ooo</strong></span> <span class='ocrx_word' id='word_1_149' title='bbox 519 2255 618 2336; x_wconf 65' lang='lat' dir='ltr'><strong>sumt</strong></span> <span class='ocrx_word' id='word_1_150' title='bbox 637 2256 807 2320; x_wconf 75' lang='lat' dir='ltr'><strong>exauditus</strong></span> <span class='ocrx_word' id='word_1_151' title='bbox 824 2258 903 2340; x_wconf 78' lang='lat' dir='ltr'><strong>puio</strong></span> <span class='ocrx_word' id='word_1_152' title='bbox 922 2275 987 2322; x_wconf 84' lang='lat' dir='ltr'><strong>ooo</strong></span> <span class='ocrx_word' id='word_1_153' title='bbox 1007 2259 1082 2322; x_wconf 82' lang='lat' dir='ltr'><strong>berre</strong></span> <span class='ocrx_word' id='word_1_154' title='bbox 1100 2277 1173 2324; x_wconf 83' lang='lat' dir='ltr'><strong>ore·</strong></span> 
     </span>
     <span class='ocr_line' id='line_1_20' title="bbox 61 2356 1169 2441; baseline 0.004 -21"><span class='ocrx_word' id='word_1_155' title='bbox 61 2357 140 2420; x_wconf 81' lang='lat' dir='ltr'><strong>serit.</strong></span> <span class='ocrx_word' id='word_1_156' title='bbox 152 2358 237 2437; x_wconf 88' lang='lat' dir='ltr'><strong>Quis</strong></span> <span class='ocrx_word' id='word_1_157' title='bbox 251 2360 489 2424; x_wconf 84' lang='lat' dir='ltr'><strong>haereticorum</strong></span> <span class='ocrx_word' id='word_1_158' title='bbox 504 2356 649 2422; x_wconf 89' lang='lat' dir='ltr'><strong>deterius</strong></span> <span class='ocrx_word' id='word_1_159' title='bbox 664 2358 909 2438; x_wconf 77' lang='lat' dir='ltr'><strong>blasphemavit,</strong></span> <span class='ocrx_word' id='word_1_160' title='bbox 926 2377 1024 2441; x_wconf 84' lang='lat' dir='ltr'><strong>quam</strong></span> <span class='ocrx_word' id='word_1_161' title='bbox 1039 2358 1169 2426; x_wconf 84' lang='lat' dir='ltr'><strong>beathru</strong></span> 
     </span>
     <span class='ocr_line' id='line_1_21' title="bbox 62 2455 1168 2540; baseline 0.005 -20"><span class='ocrx_word' id='word_1_162' title='bbox 62 2455 209 2525; x_wconf 88' lang='lat' dir='ltr'><strong>luauoem</strong></span> <span class='ocrx_word' id='word_1_163' title='bbox 233 2459 335 2524; x_wconf 79' lang='lat' dir='ltr'><strong>refert</strong></span> <span class='ocrx_word' id='word_1_164' title='bbox 366 2460 479 2522; x_wconf 86' lang='lat' dir='ltr'><strong>beatus</strong></span> <span class='ocrx_word' id='word_1_165' title='bbox 500 2456 699 2540; x_wconf 85' lang='lat' dir='ltr'><strong>Theophilus</strong></span> <span class='ocrx_word' id='word_1_166' title='bbox 731 2459 967 2540; x_wconf 78' lang='lat' dir='ltr'><strong>blasphemasse</strong></span> <span class='ocrx_word' id='word_1_167' title='bbox 987 2461 1168 2539; x_wconf 77' lang='lat' dir='ltr'><strong>affirmans,</strong></span> 
     </span>
     <span class='ocr_line' id='line_1_22' title="bbox 61 2559 1171 2642; baseline 0.004 -20"><span class='ocrx_word' id='word_1_168' title='bbox 61 2560 146 2623; x_wconf 89' lang='lat' dir='ltr'><strong>illum</strong></span> <span class='ocrx_word' id='word_1_169' title='bbox 166 2562 332 2626; x_wconf 85' lang='lat' dir='ltr'><strong>consortio</strong></span> <span class='ocrx_word' id='word_1_170' title='bbox 352 2559 504 2642; x_wconf 72' lang='lat' dir='ltr'><strong>iudaicae</strong></span> <span class='ocrx_word' id='word_1_171' title='bbox 520 2559 691 2638; x_wconf 87' lang='lat' dir='ltr'><strong>impietatis</strong></span> <span class='ocrx_word' id='word_1_172' title='bbox 705 2563 914 2641; x_wconf 89' lang='lat' dir='ltr'><strong>semetipsum</strong></span> <span class='ocrx_word' id='word_1_173' title='bbox 936 2563 1114 2637; x_wconf 81' lang='lat' dir='ltr'><strong>tradidisse,</strong></span> <span class='ocrx_word' id='word_1_174' title='bbox 1138 2571 1171 2626; x_wconf 91' lang='lat' dir='ltr'><strong>et</strong></span> 
     </span>
     <span class='ocr_line' id='line_1_23' title="bbox 62 2659 1171 2742; baseline 0.004 -18"><span class='ocrx_word' id='word_1_175' title='bbox 62 2659 173 2727; x_wconf 83' lang='lat' dir='ltr'><strong>odorra</strong></span> <span class='ocrx_word' id='word_1_176' title='bbox 194 2663 378 2726; x_wconf 90' lang='lat' dir='ltr'><strong>temeritato</strong></span> <span class='ocrx_word' id='word_1_177' title='bbox 403 2660 512 2734; x_wconf 85' lang='lat' dir='ltr'><strong>solito,</strong></span> <span class='ocrx_word' id='word_1_178' title='bbox 528 2661 615 2740; x_wconf 85' lang='lat' dir='ltr'><strong>quod</strong></span> <span class='ocrx_word' id='word_1_179' title='bbox 630 2660 821 2724; x_wconf 88' lang='lat' dir='ltr'><strong>obtulerunt</strong></span> <span class='ocrx_word' id='word_1_180' title='bbox 840 2661 961 2742; x_wconf 81' lang='lat' dir='ltr'><strong>judaei,</strong></span> <span class='ocrx_word' id='word_1_181' title='bbox 975 2663 1117 2742; x_wconf 84' lang='lat' dir='ltr'><strong>seipsum</strong></span> <span class='ocrx_word' id='word_1_182' title='bbox 1138 2673 1171 2728; x_wconf 88' lang='lat' dir='ltr'><strong>ct</strong></span> 
     </span>
     <span class='ocr_line' id='line_1_24' title="bbox 63 2759 1170 2843; baseline 0.004 -19"><span class='ocrx_word' id='word_1_183' title='bbox 63 2763 192 2842; x_wconf 87' lang='lat' dir='ltr'><strong>populos</strong></span> <span class='ocrx_word' id='word_1_184' title='bbox 207 2763 433 2843; x_wconf 83' lang='lat' dir='ltr'><strong>decipientem,</strong></span> <span class='ocrx_word' id='word_1_185' title='bbox 449 2769 482 2824; x_wconf 89' lang='lat' dir='ltr'><strong>et</strong></span> <span class='ocrx_word' id='word_1_186' title='bbox 497 2759 623 2824; x_wconf 83' lang='lat' dir='ltr'><strong>llatboo</strong></span> <span class='ocrx_word' id='word_1_187' title='bbox 643 2769 677 2826; x_wconf 90' lang='lat' dir='ltr'><strong>et</strong></span> <span class='ocrx_word' id='word_1_188' title='bbox 690 2762 814 2827; x_wconf 82' lang='lat' dir='ltr'><strong>hbiroc</strong></span> <span class='ocrx_word' id='word_1_189' title='bbox 828 2764 1090 2830; x_wconf 73' lang='lat' dir='ltr'><strong>aemulatorem?</strong></span> <span class='ocrx_word' id='word_1_190' title='bbox 1104 2767 1170 2830; x_wconf 76' lang='lat' dir='ltr'><strong>Au·</strong></span> 
     </span>
     <span class='ocr_line' id='line_1_25' title="bbox 61 2859 1174 2944; baseline 0.008 -22"><span class='ocrx_word' id='word_1_191' title='bbox 61 2861 134 2941; x_wconf 84' lang='lat' dir='ltr'><strong>diat,</strong></span> <span class='ocrx_word' id='word_1_192' title='bbox 151 2864 267 2944; x_wconf 84' lang='lat' dir='ltr'><strong>inquit,</strong></span> <span class='ocrx_word' id='word_1_193' title='bbox 283 2879 354 2926; x_wconf 86' lang='lat' dir='ltr'><strong>eum</strong></span> <span class='ocrx_word' id='word_1_194' title='bbox 363 2859 505 2943; x_wconf 75' lang='lat' dir='ltr'><strong>judaeis,</strong></span> <span class='ocrx_word' id='word_1_195' title='bbox 520 2859 679 2942; x_wconf 80' lang='lat' dir='ltr'><strong>iniquitas</strong></span> <span class='ocrx_word' id='word_1_196' title='bbox 698 2861 904 2943; x_wconf 75' lang='lat' dir='ltr'><strong>mopsifieeto</strong></span> <span class='ocrx_word' id='word_1_197' title='bbox 919 2873 964 2926; x_wconf 86' lang='lat' dir='ltr'><strong>est</strong></span> <span class='ocrx_word' id='word_1_198' title='bbox 984 2861 1093 2928; x_wconf 78' lang='lat' dir='ltr'><strong>simis.</strong></span> <span class='ocrx_word' id='word_1_199' title='bbox 1108 2866 1174 2930; x_wconf 81' lang='lat' dir='ltr'><strong>hd·</strong></span> 
     </span>
     <span class='ocr_line' id='line_1_26' title="bbox 64 2962 1172 3045; baseline 0.006 -19"><span class='ocrx_word' id='word_1_200' title='bbox 64 2963 124 3042; x_wconf 78' lang='lat' dir='ltr'><strong>iicit</strong></span> <span class='ocrx_word' id='word_1_201' title='bbox 151 2966 250 3030; x_wconf 81' lang='lat' dir='ltr'><strong>etism</strong></span> <span class='ocrx_word' id='word_1_202' title='bbox 280 2965 342 3028; x_wconf 90' lang='lat' dir='ltr'><strong>boc</strong></span> <span class='ocrx_word' id='word_1_203' title='bbox 372 2962 596 3045; x_wconf 80' lang='lat' dir='ltr'><strong>Theophilus:</strong></span> <span class='ocrx_word' id='word_1_204' title='bbox 639 2963 758 3028; x_wconf 78' lang='lat' dir='ltr'><strong>Ariani</strong></span> <span class='ocrx_word' id='word_1_205' title='bbox 786 2974 813 3028; x_wconf 80' lang='lat' dir='ltr'><strong>ei</strong></span> <span class='ocrx_word' id='word_1_206' title='bbox 843 2965 1029 3028; x_wconf 79' lang='lat' dir='ltr'><strong>ouooms&#39;cm&#39;</strong></span> <span class='ocrx_word' id='word_1_207' title='bbox 1058 2978 1172 3033; x_wconf 79' lang='lat' dir='ltr'><strong>contro</strong></span> 
     </span>
     <span class='ocr_line' id='line_1_27' title="bbox 66 3059 1174 3144; baseline 0.007 -20"><span class='ocrx_word' id='word_1_208' title='bbox 66 3059 218 3128; x_wconf 79' lang='lat' dir='ltr'><strong>Christum</strong></span> <span class='ocrx_word' id='word_1_209' title='bbox 237 3061 373 3128; x_wconf 74' lang='lat' dir='ltr'><strong>loannis</strong></span> <span class='ocrx_word' id='word_1_210' title='bbox 403 3061 603 3144; x_wconf 78' lang='lat' dir='ltr'><strong>blasphemiis</strong></span> <span class='ocrx_word' id='word_1_211' title='bbox 624 3064 829 3128; x_wconf 82' lang='lat' dir='ltr'><strong>delectaretur.</strong></span> <span class='ocrx_word' id='word_1_212' title='bbox 857 3062 974 3131; x_wconf 75' lang='lat' dir='ltr'><strong>iudces·</strong></span> <span class='ocrx_word' id='word_1_213' title='bbox 991 3075 1022 3130; x_wconf 82' lang='lat' dir='ltr'><strong>et</strong></span> <span class='ocrx_word' id='word_1_214' title='bbox 1040 3066 1174 3132; x_wconf 80' lang='lat' dir='ltr'><strong>idololo-</strong></span> 
     </span>
     <span class='ocr_line' id='line_1_28' title="bbox 63 3163 1170 3246; baseline 0.011 -24"><span class='ocrx_word' id='word_1_215' title='bbox 63 3169 121 3225; x_wconf 86' lang='lat' dir='ltr'><strong>troe</strong></span> <span class='ocrx_word' id='word_1_216' title='bbox 133 3163 307 3246; x_wconf 73' lang='lat' dir='ltr'><strong>justificati</strong></span> <span class='ocrx_word' id='word_1_217' title='bbox 320 3174 396 3228; x_wconf 81' lang='lat' dir='ltr'><strong>suot</strong></span> <span class='ocrx_word' id='word_1_218' title='bbox 408 3175 465 3228; x_wconf 85' lang='lat' dir='ltr'><strong>tuo</strong></span> <span class='ocrx_word' id='word_1_219' title='bbox 480 3163 715 3244; x_wconf 74' lang='lat' dir='ltr'><strong>comparatione</strong></span> <span class='ocrx_word' id='word_1_220' title='bbox 733 3166 873 3246; x_wconf 77' lang='lat' dir='ltr'><strong>pactiles.</strong></span> <span class='ocrx_word' id='word_1_221' title='bbox 890 3165 934 3230; x_wconf 81' lang='lat' dir='ltr'><strong>lit</strong></span> <span class='ocrx_word' id='word_1_222' title='bbox 952 3185 1068 3233; x_wconf 87' lang='lat' dir='ltr'><strong>rursus</strong></span> <span class='ocrx_word' id='word_1_223' title='bbox 1082 3168 1170 3234; x_wconf 82' lang='lat' dir='ltr'><strong>dicits</strong></span> 
     </span>
     <span class='ocr_line' id='line_1_29' title="bbox 62 3264 1174 3350; baseline 0.008 -24"><span class='ocrx_word' id='word_1_224' title='bbox 62 3280 118 3326; x_wconf 80' lang='lat' dir='ltr'><strong>sore</strong></span> <span class='ocrx_word' id='word_1_225' title='bbox 137 3267 241 3330; x_wconf 85' lang='lat' dir='ltr'><strong>solum</strong></span> <span class='ocrx_word' id='word_1_226' title='bbox 261 3284 325 3330; x_wconf 78' lang='lat' dir='ltr'><strong>sori</strong></span> <span class='ocrx_word' id='word_1_227' title='bbox 339 3276 383 3329; x_wconf 89' lang='lat' dir='ltr'><strong>eat</strong></span> <span class='ocrx_word' id='word_1_228' title='bbox 404 3264 602 3330; x_wconf 81' lang='lat' dir='ltr'><strong>christianus</strong></span> <span class='ocrx_word' id='word_1_229' title='bbox 614 3264 765 3343; x_wconf 77' lang='lat' dir='ltr'><strong>quenes,</strong></span> <span class='ocrx_word' id='word_1_230' title='bbox 783 3269 837 3330; x_wconf 87' lang='lat' dir='ltr'><strong>sed</strong></span> <span class='ocrx_word' id='word_1_231' title='bbox 854 3268 943 3350; x_wconf 85' lang='lat' dir='ltr'><strong>pejor</strong></span> <span class='ocrx_word' id='word_1_232' title='bbox 962 3279 1006 3331; x_wconf 84' lang='lat' dir='ltr'><strong>est</strong></span> <span class='ocrx_word' id='word_1_233' title='bbox 1018 3287 1088 3350; x_wconf 78' lang='lat' dir='ltr'><strong>repe</strong></span> <span class='ocrx_word' id='word_1_234' title='bbox 1109 3269 1174 3335; x_wconf 86' lang='lat' dir='ltr'><strong>Bu·</strong></span> 
     </span>
     <span class='ocr_line' id='line_1_30' title="bbox 61 3361 1173 3447; baseline 0.013 -25"><span class='ocrx_word' id='word_1_235' title='bbox 61 3361 190 3442; x_wconf 78' lang='lat' dir='ltr'><strong>iptoos&#39;o,</strong></span> <span class='ocrx_word' id='word_1_236' title='bbox 203 3369 305 3432; x_wconf 84' lang='lat' dir='ltr'><strong>multo</strong></span> <span class='ocrx_word' id='word_1_237' title='bbox 317 3365 497 3431; x_wconf 81' lang='lat' dir='ltr'><strong>sceleratior</strong></span> <span class='ocrx_word' id='word_1_238' title='bbox 517 3385 611 3447; x_wconf 84' lang='lat' dir='ltr'><strong>quum</strong></span> <span class='ocrx_word' id='word_1_239' title='bbox 630 3367 822 3444; x_wconf 59' lang='lat' dir='ltr'><strong>herimum</strong></span> <span class='ocrx_word' id='word_1_240' title='bbox 836 3368 1015 3434; x_wconf 79' lang='lat' dir='ltr'><strong>idololatris</strong></span> <span class='ocrx_word' id='word_1_241' title='bbox 1032 3381 1062 3435; x_wconf 84' lang='lat' dir='ltr'><strong>et</strong></span> <span class='ocrx_word' id='word_1_242' title='bbox 1074 3371 1173 3436; x_wconf 81' lang='lat' dir='ltr'><strong>ethol-</strong></span> 
     </span>
     <span class='ocr_line' id='line_1_31' title="bbox 64 3465 1174 3554; baseline 0.009 -28"><span class='ocrx_word' id='word_1_243' title='bbox 64 3465 104 3526; x_wconf 84' lang='lat' dir='ltr'><strong>ris</strong></span> <span class='ocrx_word' id='word_1_244' title='bbox 120 3468 300 3532; x_wconf 79' lang='lat' dir='ltr'><strong>sceleratior</strong></span> <span class='ocrx_word' id='word_1_245' title='bbox 324 3467 475 3532; x_wconf 77' lang='lat' dir='ltr'><strong>Joursues.</strong></span> <span class='ocrx_word' id='word_1_246' title='bbox 500 3467 570 3532; x_wconf 83' lang='lat' dir='ltr'><strong>Tibi</strong></span> <span class='ocrx_word' id='word_1_247' title='bbox 591 3470 633 3548; x_wconf 84' lang='lat' dir='ltr'><strong>(o</strong></span> <span class='ocrx_word' id='word_1_248' title='bbox 647 3468 806 3548; x_wconf 73' lang='lat' dir='ltr'><strong>loannes)</strong></span> <span class='ocrx_word' id='word_1_249' title='bbox 824 3490 974 3554; x_wconf 80' lang='lat' dir='ltr'><strong>praesens</strong></span> <span class='ocrx_word' id='word_1_250' title='bbox 994 3472 1174 3552; x_wconf 76' lang='lat' dir='ltr'><strong>ipnomt&#39;m‘a</strong></span> 
     </span>
     <span class='ocr_line' id='line_1_32' title="bbox 64 3567 1173 3652; baseline 0.009 -26"><span class='ocrx_word' id='word_1_251' title='bbox 64 3575 181 3632; x_wconf 82' lang='lat' dir='ltr'><strong>osterse</strong></span> <span class='ocrx_word' id='word_1_252' title='bbox 200 3567 325 3649; x_wconf 73' lang='lat' dir='ltr'><strong>suturis</strong></span> <span class='ocrx_word' id='word_1_253' title='bbox 345 3570 458 3634; x_wconf 85' lang='lat' dir='ltr'><strong>seculis</strong></span> <span class='ocrx_word' id='word_1_254' title='bbox 479 3570 637 3634; x_wconf 84' lang='lat' dir='ltr'><strong>reddetur.</strong></span> <span class='ocrx_word' id='word_1_255' title='bbox 656 3569 728 3635; x_wconf 91' lang='lat' dir='ltr'><strong>lloc</strong></span> <span class='ocrx_word' id='word_1_256' title='bbox 749 3591 880 3652; x_wconf 84' lang='lat' dir='ltr'><strong>quoque</strong></span> <span class='ocrx_word' id='word_1_257' title='bbox 902 3574 989 3636; x_wconf 84' lang='lat' dir='ltr'><strong>visus</strong></span> <span class='ocrx_word' id='word_1_258' title='bbox 1009 3577 1058 3636; x_wconf 89' lang='lat' dir='ltr'><strong>eat</strong></span> <span class='ocrx_word' id='word_1_259' title='bbox 1079 3571 1173 3636; x_wconf 81' lang='lat' dir='ltr'><strong>besto</strong></span> 
     </span>
     <span class='ocr_line' id='line_1_33' title="bbox 66 3663 1174 3749; baseline 0.009 -23"><span class='ocrx_word' id='word_1_260' title='bbox 66 3663 238 3749; x_wconf 88' lang='lat' dir='ltr'><strong>Theophilo</strong></span> <span class='ocrx_word' id='word_1_261' title='bbox 258 3672 365 3736; x_wconf 88' lang='lat' dir='ltr'><strong>dicore</strong></span> <span class='ocrx_word' id='word_1_262' title='bbox 380 3672 419 3735; x_wconf 89' lang='lat' dir='ltr'><strong>de</strong></span> <span class='ocrx_word' id='word_1_263' title='bbox 440 3670 584 3734; x_wconf 81' lang='lat' dir='ltr'><strong>loannes</strong></span> <span class='ocrx_word' id='word_1_264' title='bbox 607 3667 758 3736; x_wconf 63' lang='lat' dir='ltr'><strong>&amp;tector</strong></span> <span class='ocrx_word' id='word_1_265' title='bbox 776 3671 928 3735; x_wconf 83' lang='lat' dir='ltr'><strong>clamauit</strong></span> <span class='ocrx_word' id='word_1_266' title='bbox 940 3681 970 3736; x_wconf 90' lang='lat' dir='ltr'><strong>et</strong></span> <span class='ocrx_word' id='word_1_267' title='bbox 983 3671 1083 3734; x_wconf 77' lang='lat' dir='ltr'><strong>dieite</strong></span> <span class='ocrx_word' id='word_1_268' title='bbox 1103 3673 1174 3736; x_wconf 88' lang='lat' dir='ltr'><strong>Toi-</strong></span> 
     </span>
     <span class='ocr_line' id='line_1_34' title="bbox 66 3764 1175 3837; baseline 0.008 -12"><span class='ocrx_word' id='word_1_269' title='bbox 66 3764 273 3834; x_wconf 77' lang='lat' dir='ltr'><strong>h‘telooooem</strong></span> <span class='ocrx_word' id='word_1_270' title='bbox 294 3782 321 3833; x_wconf 90' lang='lat' dir='ltr'><strong>et</strong></span> <span class='ocrx_word' id='word_1_271' title='bbox 336 3769 448 3835; x_wconf 82' lang='lat' dir='ltr'><strong>mittite</strong></span> <span class='ocrx_word' id='word_1_272' title='bbox 468 3769 659 3834; x_wconf 79' lang='lat' dir='ltr'><strong>inlecebras</strong></span> <span class='ocrx_word' id='word_1_273' title='bbox 679 3773 858 3836; x_wconf 77' lang='lat' dir='ltr'><strong>euteriorcs.</strong></span> <span class='ocrx_word' id='word_1_274' title='bbox 882 3771 925 3837; x_wconf 84' lang='lat' dir='ltr'><strong>Et</strong></span> <span class='ocrx_word' id='word_1_275' title='bbox 946 3775 1086 3837; x_wconf 87' lang='lat' dir='ltr'><strong>iterum=</strong></span> <span class='ocrx_word' id='word_1_276' title='bbox 1108 3774 1175 3835; x_wconf 83' lang='lat' dir='ltr'><strong>lor·</strong></span> 
     </span>
    </p>
   </div>
   <div class='ocr_carea' id='block_1_2' title="bbox 66 3867 1173 4035">
    <p class='ocr_par' dir='ltr' id='par_1_3' title="bbox 66 3867 1173 4035">
     <span class='ocr_line' id='line_1_35' title="bbox 66 3867 1173 4025; baseline 0.008 -96"><span class='ocrx_word' id='word_1_277' title='bbox 66 3867 203 4025; x_wconf 57' lang='lat' dir='ltr'><strong>pissimus</strong></span> <span class='ocrx_word' id='word_1_278' title='bbox 233 3871 355 3954; x_wconf 73' lang='lat' dir='ltr'><strong>fomites</strong></span> <span class='ocrx_word' id='word_1_279' title='bbox 375 3881 448 3938; x_wconf 78' lang='lat' dir='ltr'><strong>uste</strong></span> <span class='ocrx_word' id='word_1_280' title='bbox 478 3871 618 3938; x_wconf 80' lang='lat' dir='ltr'><strong>tribuual</strong></span> <span class='ocrx_word' id='word_1_281' title='bbox 636 3871 695 3938; x_wconf 81' lang='lat' dir='ltr'><strong>Dei</strong></span> <span class='ocrx_word' id='word_1_282' title='bbox 724 3892 783 3938; x_wconf 85' lang='lat' dir='ltr'><strong>suo</strong></span> <span class='ocrx_word' id='word_1_283' title='bbox 802 3872 998 3940; x_wconf 74' lang='lat' dir='ltr'><strong>ministrasit</strong></span> <span class='ocrx_word' id='word_1_284' title='bbox 1025 3873 1173 3938; x_wconf 72' lang='lat' dir='ltr'><strong>insessio</strong></span> 
     </span>
     <span class='ocr_line' id='line_1_36' title="bbox 84 3985 203 4035; baseline 0.059 -7"><span class='ocrx_word' id='word_1_285' title='bbox 84 3985 203 4035; x_wconf 82' lang='lat' dir='ltr'><strong>coenes.</strong></span> 
     </span>
    </p>
   </div>
   <div class='ocr_carea' id='block_1_3' title="bbox 70 4071 1178 4256">
    <p class='ocr_par' dir='ltr' id='par_1_4' title="bbox 70 4071 1178 4256">
     <span class='ocr_line' id='line_1_37' title="bbox 140 4071 1174 4156; baseline 0.005 -24"><span class='ocrx_word' id='word_1_286' title='bbox 140 4072 343 4139; x_wconf 71' lang='lat' dir='ltr'><strong>«Etomoia</strong></span> <span class='ocrx_word' id='word_1_287' title='bbox 378 4073 459 4138; x_wconf 81' lang='lat' dir='ltr'><strong>boec</strong></span> <span class='ocrx_word' id='word_1_288' title='bbox 480 4089 543 4136; x_wconf 93' lang='lat' dir='ltr'><strong>ooo</strong></span> <span class='ocrx_word' id='word_1_289' title='bbox 574 4071 778 4138; x_wconf 78' lang='lat' dir='ltr'><strong>suffecerunt</strong></span> <span class='ocrx_word' id='word_1_290' title='bbox 812 4075 881 4140; x_wconf 83' lang='lat' dir='ltr'><strong>irco</strong></span> <span class='ocrx_word' id='word_1_291' title='bbox 913 4083 1012 4156; x_wconf 86' lang='lat' dir='ltr'><strong>atquo</strong></span> <span class='ocrx_word' id='word_1_292' title='bbox 1046 4075 1174 4152; x_wconf 87' lang='lat' dir='ltr'><strong>lurori,</strong></span> 
     </span>
     <span class='ocr_line' id='line_1_38' title="bbox 70 4167 1178 4256; baseline 0.003 -21"><span class='ocrx_word' id='word_1_293' title='bbox 70 4167 121 4235; x_wconf 81' lang='lat' dir='ltr'><strong>uhi</strong></span> <span class='ocrx_word' id='word_1_294' title='bbox 140 4173 233 4242; x_wconf 88' lang='lat' dir='ltr'><strong>etium</strong></span> <span class='ocrx_word' id='word_1_295' title='bbox 256 4175 316 4240; x_wconf 89' lang='lat' dir='ltr'><strong>ista</strong></span> <span class='ocrx_word' id='word_1_296' title='bbox 337 4174 377 4240; x_wconf 91' lang='lat' dir='ltr'><strong>de</strong></span> <span class='ocrx_word' id='word_1_297' title='bbox 398 4181 580 4256; x_wconf 79' lang='lat' dir='ltr'><strong>memorato</strong></span> <span class='ocrx_word' id='word_1_298' title='bbox 600 4173 800 4240; x_wconf 86' lang='lat' dir='ltr'><strong>sanctissimo</strong></span> <span class='ocrx_word' id='word_1_299' title='bbox 822 4174 893 4242; x_wconf 82' lang='lat' dir='ltr'><strong>tiro</strong></span> <span class='ocrx_word' id='word_1_300' title='bbox 908 4173 1033 4240; x_wconf 84' lang='lat' dir='ltr'><strong>Joauce</strong></span> <span class='ocrx_word' id='word_1_301' title='bbox 1054 4175 1178 4240; x_wconf 87' lang='lat' dir='ltr'><strong>dicaret</strong></span> 
     </span>
    </p>
   </div>
   <div class='ocr_carea' id='block_1_4' title="bbox 0 0 1504 4934">
    <p class='ocr_par' dir='ltr' id='par_1_5' title="bbox 0 0 1504 4934">
     <span class='ocr_line' id='line_1_39' title="bbox 0 0 1504 4934; baseline 0 0"><span class='ocrx_word' id='word_1_302' title='bbox 0 0 1504 4934; x_wconf 95' lang='lat' dir='ltr'><strong> </strong></span> 
     </span>
    </p>
   </div>
  </div>
 </body>
</html>
