3066 4950
121 481 198 528 ram
222 461 447 530 defemoribus
474 468 629 546 sociatus,
643 485 681 533 ac
703 485 767 534 una
782 485 800 534 a
816 467 1000 534 delinitione
1019 469 1167 557 spoctatt
1187 471 1242 534 de·

122 568 209 644 sins,
231 584 269 630 ea
290 566 441 647 capitula
464 567 688 648 praedicasset
708 571 905 637 onbedoxa.

202 667 254 732 Ex
269 669 318 732 bis
331 669 441 750 itaqua
462 671 656 752 praemissis,
672 689 735 736 non
756 673 821 736 erit
838 670 993 751 amplios,
1011 669 1154 750 ridetur,
1177 671 1238 738 dat·

123 770 292 835 bitaudum
313 769 511 834 deliberati
530 773 627 836 sicnss
647 771 688 836 de
703 769 848 836 Facundi
864 769 997 853 peracta
1019 772 1052 836 io
1071 773 1140 838 suls
1159 774 1240 838 scri·

120 874 186 953 ptis
206 872 370 936 occultata
391 874 549 940 adversus
564 872 719 955 vigilium
746 884 778 938 et
793 874 973 956 episcopos,
995 874 1053 955 qui
1071 874 1132 940 tria
1148 872 1242 954 Capi·

125 972 197 1036 tola
220 974 547 1038 anathematizarunt.
565 971 666 1039 Notas
685 973 770 1039 enirn
792 973 891 1057 buius
911 974 1128 1055 improbitatis
1147 973 1242 1040 undl·

122 1093 189 1154 que
216 1074 377 1138 revelatas
397 1076 569 1156 bucusque
595 1075 740 1141 studiose
760 1075 896 1140 exbibnl
919 1084 952 1138 at
973 1075 1152 1140 contutari.
1178 1073 1243 1142 Ee·

123 1193 190 1255 que
212 1175 380 1240 lubentius
401 1177 432 1240 id
453 1179 518 1258 egi,
540 1195 614 1242 cum
636 1174 776 1259 vigilius
801 1177 869 1257 ipse
889 1185 934 1240 et·
953 1176 1104 1258 Pelagius
1131 1189 1242 1240 corant

122 1275 269 1340 Ecclesia
292 1274 413 1340 luerint
442 1285 555 1341 contra
579 1277 767 1359 huiusmodi
788 1276 942 1342 obtestati
963 1278 1240 1342 calumniatorast

124 1377 299 1459 «Propter
317 1378 419 1459 qnod,
435 1379 538 1460 inquit
559 1374 697 1459 vigilius
720 1379 753 1442 in
772 1377 969 1456 Constituto,
990 1379 1083 1444 nulli
1097 1381 1187 1444 seuit
1208 1379 1241 1441 in

121 1478 272 1555 domum,
292 1479 382 1559 quod
408 1495 458 1555 ea',
481 1497 567 1561 qaae
598 1479 756 1544 adsersus
776 1499 835 1544 uos
865 1481 946 1546 ialse
967 1481 1029 1545 dici
1050 1483 1240 1556 asseritnut,

122 1597 231 1661 neque
251 1598 270 1641 a
291 1581 384 1644 uobis
417 1580 515 1658 dicta,
537 1599 682 1662 nequeo
703 1581 794 1646 nobis
815 1580 900 1646 iacta
921 1599 1003 1658 ease,
1025 1583 1156 1646 omnino
1176 1579 1239 1646 til·

124 1681 299 1746 lateamnr.
314 1699 331 1738 a
346 1680 390 1744 Et
413 1680 562 1763 Pelagius
582 1685 614 1747 iu
636 1682 772 1763 epistola
790 1681 845 1746 vt.
860 1683 903 1768 ‚sd
923 1681 1061 1748 Tusciae
1074 1683 1242 1764 episcopor

1 1783 2 1818 ἒ
123 1786 195 1864 pari
217 1782 369 1846 illusione
389 1792 423 1846 et
444 1784 625 1865 perrleacla
648 1783 996 1849 iri-delensiouetrinm
1012 1783 1242 1864 capitulorum

1 1899 2 1902 ¹
121 1883 271 1946 detentos
291 1884 449 1964 increpat,
471 1901 654 1965 eorumque
668 1884 837 1948 andaciam
859 1883 996 1960 relellit,
1009 1885 1096 1966 pand
1109 1880 1244 1946 cubio

121 2003 194 2048 aest
215 2003 307 2048 sucus
334 1985 374 2048 cb
393 1982 574 2049 mensae·
595 1984 738 2050 &cteta
758 1985 853 2050 num
881 2003 1035 2050 consecras
1060 2002 1131 2062 stts,
1160 1984 1242 2048 idsst

124 2084 289 2150 Pontibcis
303 2087 400 2166 (paul
419 2086 514 2163 ebrit)
527 2084 653 2167 puori
678 2087 863 2150 uolmrirttc
883 2088 984 2168 ⁴tttsasi
1007 2089 1076 2167 ipsa
1096 2086 1244 2166 aliquan·

122 2187 168 2252 do
188 2205 224 2250 ea
247 2185 397 2266 Capitula
419 2189 605 2268 probasset.

125 2323 152 2344 -.
217 2287 355 2368 insuper
379 2292 410 2351 iu
435 2287 577 2354 Liborati
611 2289 843 2355 obtrectatorie
868 2275 1099 2371 impudentiore
1123 2285 1244 2351 clemat

122 2387 210 2472 Papa
233 2393 266 2454 itt
285 2391 424 2470 epistola
446 2392 488 2454 ad
509 2390 768 2456 childebertum:
783 2389 895 2455 «Natu
917 2399 950 2454 et
971 2392 1035 2454 boc
1051 2390 1083 2452 lu
1099 2385 1240 2466 ltaliam,

123 2492 282 2573 quamdiu
312 2509 369 2556 noe
397 2495 429 2557 iu
449 2491 730 2574 Constantinopoli
755 2487 944 2556 iuimnsde
969 2490 1097 2556 nomiae
1125 2499 1238 2554 nostro

123 2596 256 2658 cbartas
282 2594 464 2670 mittebant,
487 2594 635 2670 dicendo,
665 2594 757 2673 qnasi
780 2611 839 2658 uos
858 2592 1037 2658 dixerimus
1068 2591 1166 2656 iidem
1185 2608 1241 2655 na·

124 2695 279 2760 tbolicaru
306 2713 376 2758 asae
403 2700 603 2774 corruptam.
632 2712 649 2751 s
681 2693 723 2759 lit
747 2711 825 2759 sane
854 2693 954 2776 buius
982 2692 1124 2758 labnlosl
1149 2711 1242 2760 cotu-

1 2815 3 2850 t
126 2801 227 2862 menti
249 2796 420 2862 Liberatus
433 2815 492 2876 pro
516 2798 619 2861 tribue
635 2797 794 2878 Capitulis
811 2796 884 2860 selo
906 2795 1121 2861 exardescens
1140 2802 1243 2860 sate·

1 2923 2 2930 ¹
123 2901 222 2967 eiam·
242 2901 469 2982 prolitetnriu
500 2917 528 2964 c.
556 2895 675 2962 xxtv.
708 2895 896 2973 Brceicris',
913 2897 1083 2978 inquiens:
1110 2893 1238 2962 «litut
1343 2917 1360 2944 ·

1 3035 2 3040 κ
124 3005 255 3084 liquere
275 3002 424 3064 omnibus
445 3001 545 3064 oredo
564 2998 804 3081 perl‘elagium
826 2999 1012 3075 diaconum,
1034 3005 1067 3060 et
1088 2996 1240 3062 Tbeodn·

1 3125 2 3132 ¹
124 3101 208 3167 r'nni
226 3101 405 3168 Caesareae
425 3099 648 3182 Cappadociae
672 3101 873 3181 episcopum,
896 3099 958 3162 boo
984 3097 1175 3162 smndalnaa
1198 3099 1235 3162 in

127 3203 308 3268 Ecclesiam
331 3202 431 3268 luisse
449 3204 640 3284 ingressum.
659 3201 754 3280 Quod
776 3201 873 3264 etiam
895 3201 1024 3281 publice
1045 3201 1113 3281 ipse
1133 3197 1240 3264 Tbec·

124 3305 228 3368 dorne
249 3307 440 3380 clamitavit,
464 3323 496 3367 ee
515 3313 543 3366 et
559 3303 726 3384 Pelopiam
739 3301 825 3366 vicos
846 3299 1074 3378 incendendos,
1083 3319 1146 3383 per
1161 3319 1242 3384 ques

124 3409 182 3471 boe
202 3407 389 3470 smcdctsm
416 3403 562 3470 introivit
581 3403 621 3467 s'rs
640 3406 806 3470 mendum.
830 3422 847 3463 a
869 3401 984 3468 Nonne
1007 3403 1059 3468 bic
1080 3406 1142 3467 siri
1163 3405 1244 3469 deli·

124 3510 226 3572 raatie
245 3527 355 3594 sermo
369 3507 425 3572 tibi
448 3507 623 3581 ridebitur,
646 3521 723 3570 cont
738 3504 910 3569 Liberatus
932 3501 1142 3570 Theodorum
1165 3503 1246 3570 Gae-

123 3627 239 3674 sareae
260 3605 292 3672 et
310 3611 477 3690 Pelagium
501 3615 577 3672 tune
595 3608 845 3687 apocrisiarium
869 3604 955 3687 apud
977 3604 1196 3672 lucduianum
1209 3613 1243 3673 et

126 3713 242 3774 deiude
265 3709 384 3789 Papam
405 3709 529 3772 inducit
542 3707 741 3786 lautentabili
762 3708 989 3789 desperatione
1009 3708 1186 3772 clamantes
1205 3723 1242 3772 aa

123 3813 219 3874 siros
240 3811 456 3875 incendendus
471 3817 608 3891 propter
625 3806 829 3886 scandalum,
845 3807 926 3873 idest
947 3807 990 3872 ob
1008 3807 1247 3874 damnationem

126 3915 227 3976 trium
248 3910 505 3992 capttuloruar'?
519 3909 634 3976 Nouae
654 3911 696 3974 ab
717 3911 779 3974 lroc
802 3910 975 3974 falsissimo
990 3907 1133 3973 liberati
1157 3911 1244 3974 testi·

125 4015 251 4088 monio,
271 4031 415 4094 qaocuru
434 4023 545 4078 suun'
560 4013 705 4095 explerit
721 4013 886 4078 ‘lauterunt
913 4011 1076 4082 libellum,
1097 4011 1247 4074 laurien-

125 4113 189 4180 tinr
206 4116 336 4200 patebat
350 4116 382 4180 itt
404 4124 523 4197 quauta
539 4115 735 4178 auctoritate
746 4113 899 4178 babendo
913 4113 987 4188 siut,
1004 4129 1089 4191 quae
1100 4113 1137 4174 tn
1150 4123 1244 4194 prae·

126 4215 319 4280 cedentibus
333 4216 489 4297 ,discussit
510 4213 686 4295 devigilio
707 4214 802 4278 etde
823 4215 922 4280 trion
938 4211 1171 4296 capitulorum
1183 4224 1246 4280 ex·

127 4318 362 4397 pugnatoribus
379 4313 395 4382 'd
1296 4299 1307 4318 ”
