2982 4934
56 464 126 530 dite
142 461 287 548 Orlpears
306 465 530 548 aelemosinas
551 465 587 528 in
606 471 749 529 nostrone
762 459 906 544 diapenta
926 460 1096 544 composito
1108 463 1160 525 ds·

49 564 175 638 monui,
196 575 281 640 ente,
301 565 374 648 quis
393 566 506 649 feerit,
528 567 564 631 in
584 585 663 648 pene
681 564 867 647 processerit
885 563 989 644 aerbo,
1011 574 1156 628 nostrone

46 667 237 749 propositum
255 668 391 733 neseis.»
407 669 563 736 Similiter
584 667 706 748 legitur
719 669 752 731 iu
771 667 877 730 eltero
891 667 1009 732 Godioe
1029 663 1159 730 Veline·

50 786 87 832 on
107 768 251 833 Palatino
272 788 303 832 ιι.
323 767 395 840 234.
418 770 470 834 eb.
491 765 523 832 2.
545 774 579 831 et
598 768 630 829 iu
651 765 771 832 (lodice
793 765 1023 832 barberiniano
1052 785 1083 831 ιι.
1105 763 1157 833 89.

49 865 121 930 ltern
142 871 173 932 in
195 867 312 934 Codice
333 867 490 942 Vaticano
510 887 541 930 n.
562 862 635 933 ala.
658 870 710 932 ob.
732 865 804 935 207.
831 868 994 932 traditur:
1012 865 1157 948 Oriqem's

49 977 143 1031 enters
162 969 262 1043 clieta,
284 971 377 1052 enjus
395 972 431 1035 ιἰι
462 977 603 1032 nonnam
625 966 769 1049 linquant
790 967 960 1048 composito
990 965 1159 1044 derivavit,

49 1081 130 1144 nnn,
151 1070 227 1150 quis
247 1071 328 1134 idem
347 1070 463 1150 suerit,
485 1083 513 1136 et
533 1072 570 1136 s'n
590 1089 670 1153 quoe
684 1068 873 1152 processerit
893 1068 1001 1143 aerbo,
1014 1077 1159 1132 nostrum

47 1171 235 1252 propositum
255 1173 366 1236 nescit.

118 1269 197 1336 Tres
220 1272 353 1338 Codices
367 1292 441 1338 eum
454 1272 645 1354 particulam
659 1280 688 1332 et
703 1269 868 1352 abjiciant3
884 1275 917 1334 el
937 1285 1036 1350 qnam
1057 1285 1157 1350 quee-

51 1372 156 1450 rimus,
178 1373 310 1438 lirmeni
328 1375 499 1438 lectionem
520 1381 685 1454 acceptam
706 1374 737 1434 lu
756 1371 917 1435 vocabulo
938 1370 1049 1446 nescit,
1065 1387 1158 1451 pree·

50 1475 154 1537 missus
168 1475 353 1538 adstruitur
363 1493 474 1539 seusus
490 1477 574 1538 eirea
589 1473 886 1554 interpretationem
898 1472 1043 1547 latinam,
1056 1488 1155 1552 quam

53 1571 128 1654 Papa
150 1575 286 1640 intendit
314 1575 448 1641 loannis
476 1576 665 1639 submittere
693 1570 840 1655 judicio:
871 1573 1049 1636 nullimode
1076 1589 1156 1636 vero

51 1671 187 1756 Origeuis
208 1695 379 1756 perennem
401 1651 587 1756 exquirens,
604 1675 708 1756 qualis
728 1675 840 1749 luerit,
855 1672 910 1758 sed
934 1680 1060 1737 tentum
1078 1691 1157 1737 exu-

51 1782 124 1838 stam
151 1778 213 1842 sub
234 1775 384 1857 origenis
419 1777 587 1858 cuiusdam
618 1775 745 1838 nomine
767 1775 948 1838 versionem
968 1793 1010 1838 ex
1035 1773 1155 1838 codini-

52 1874 103 1941 bus
122 1878 258 1964 qroeois,
274 1879 393 1958 quippe
411 1877 484 1940 lidei
505 1877 700 1957 spostolicae
721 1875 926 1940 eontrarium.
949 1873 997 1937 Eu
1021 1882 1156 1955 propter

52 1975 86 2040 de
104 1978 173 2042 lidei
194 1981 378 2058 integritate
405 1978 564 2042 sollicitus
586 1975 692 2059 Pepe,
716 1977 868 2042 cohibere
891 1975 1040 2051 studuit,
1065 1973 1156 2055 quod

52 2075 111 2156 pias
130 2095 295 2158 purasque
325 2085 446 2142 meotes
479 2076 626 2142 turbaret
657 2077 776 2142 civium
800 2093 1021 2141 romanorum.
1053 2075 1156 2142 Sicuti

53 2184 82 2238 et
98 2195 160 2240 vox
179 2189 255 2240 onte
275 2197 338 2240 nnn
359 2178 398 2240 ad
427 2178 610 2258 pontificem
632 2197 692 2242 eeu
724 2179 873 2257 ignarum
893 2175 1042 2258 Origeuis
1062 2181 1096 2240 et
1115 2175 1155 2239 li·

53 2275 175 2342 brorum
191 2297 328 2344 suornm
347 2279 490 2342 relertur
500 2299 511 2358 3
536 2296 650 2342 verum
666 2279 705 2342 ad
729 2277 774 2355 id,
796 2278 882 2359 quod
905 2279 972 2359 ipse
985 2277 1077 2356 prius
1090 2281 1155 2341 sia·

54 2383 135 2441 tuere
150 2381 222 2442 vult
238 2381 277 2441 de
299 2381 359 2443 bac
375 2381 574 2459 quaestione,
596 2385 636 2442 ιιι
649 2378 723 2441 inde
744 2377 785 2440 sd
805 2378 868 2441 alla
883 2395 998 2459 nempe
1014 2377 1053 2440 ad
1069 2381 1156 2440 trau·

51 2478 206 2544 elationem
227 2482 390 2545 librorum
411 2479 558 2560 (trigonis
591 2489 715 2560 perget.
737 2479 918 2544 vallarsius
938 2479 978 2541 ed
1000 2479 1086 2542 bunc
1105 2478 1155 2543 io·

53 2597 139 2645 cum:
155 2582 318 2657 «Sensus,
340 2583 397 2657 eit,
419 2583 610 2661 perspicuus
633 2589 692 2658 est,
725 2583 855 2646 minime
874 2581 999 2644 seilicet
1018 2576 1059 2643 ud
1079 2597 1156 2661 prn-

54 2685 177 2759 positam
200 2684 420 2766 quaestionem
450 2682 490 2747 de
511 2681 659 2765 Origenis
690 2700 826 2766 persona
846 2689 880 2746 et
899 2688 1005 2746 mente
1024 2680 1156 2764 perqui-

53 2797 157 2847 rere.»
356 2801 361 2810 ·

123 2885 226 2950 Porro
242 2904 327 2967 qnae
347 2885 464 2950 ibidem
479 2885 557 2949 dieii
576 2883 777 2961 Anastasius,
797 2885 880 2947 bene
900 2881 1049 2964 Origeuis
1069 2886 1156 2947 tren·

54 2983 207 3050 elationem
223 3005 323 3068 puras
335 2977 538 3050 obnubilure'
548 2993 681 3061 mentes,
696 2985 905 3066 apostolicam
927 2983 1022 3048 fidem
1037 2984 1151 3048 dissol-

54 3101 130 3164 vere,
152 3088 301 3169 dogmata
316 3095 465 3152 evertere
478 3087 664 3162 christiane,
687 3084 866 3149 Ecclesiam
883 3083 1061 3159 maculare,
1085 3101 1153 3146 mo·

55 3203 99 3248 res
117 3195 305 3267 pervertere
335 3195 395 3253 ete.
418 3193 534 3252 ennete
563 3187 623 3250 ista
644 3186 724 3250 scias
744 3186 926 3265 rapsodiam
957 3185 1154 3248 constituere

54 3301 191 3352 errorum
212 3306 311 3370 supra
328 3297 538 3352 memoratam
546 3307 559 3368 3
581 3305 662 3366 quoe
684 3293 809 3350 veteres
823 3284 970 3365 (trigenis
992 3285 1099 3349 bostes
1120 3289 1154 3349 el

54 3387 292 3455 calumniatores
322 3391 384 3454 sub
413 3391 484 3472 ejus
513 3391 641 3452 nomine
670 3387 879 3470 publicarunt
902 3383 969 3467 jam
1001 3385 1043 3448 ub
1069 3403 1153 3451 uero

55 3502 75 3547 s.
89 3485 252 3570 Pamphili,
274 3492 307 3553 in
322 3491 422 3572 ipsius
436 3489 583 3570 Origenis
595 3491 765 3570 probrum,
782 3488 835 3552 vei
851 3487 883 3550 in
898 3484 1154 3554 tresenreuter

54 3585 124 3649 cion
142 3591 264 3666 eodlee,
281 3590 333 3655 vel
353 3592 526 3672 separatim
548 3609 606 3671 per
619 3590 747 3654 libellos
772 3588 989 3671 undequaque
1010 3588 1097 3654 lusos
1110 3586 1152 3651 ud

53 3687 235 3769 simplicium
256 3693 451 3757 illusionem.
467 3692 569 3775 Cujus
593 3691 720 3774 generis
739 3698 826 3767 sunt,
849 3708 933 3772 quoe
953 3707 978 3754 s.
994 3687 1154 3774 Hieronp-

54 3801 115 3852 uus
135 3795 323 3873 transcripta
346 3793 483 3858 Romam
509 3801 602 3857 entes
625 3793 664 3855 ad
686 3791 930 3858 Pammachiom
952 3796 984 3854 et
1004 3790 1044 3854 ud
1063 3788 1153 3856 illar-

56 3890 157 3955 collem
178 3895 426 3976 misitspposite
449 3894 669 3976 praelatione3
691 3909 755 3973 qne
777 3909 908 3970 omues,
930 3891 986 3973 qui
1008 3895 1100 3954 erent
1119 3889 1152 3953 iu

56 4005 88 4052 eo
108 3994 213 4059 codiee
236 4013 378 4074 errores,
393 3994 541 4060 omnibus
563 3994 721 4058 munilesti
742 3992 865 4056 fierent.
881 3989 971 4056 istud
992 4007 1092 4073 porro
1105 3989 1153 4052 io·

58 4105 146 4256 ιῖιιιιι
172 4101 297 4162 ιοιιιιιι
316 4095 357 4161 ab
376 4095 510 4180 epistola
531 4089 581 4162 88.
605 4092 749 4176 eiusdem
770 4087 960 4176 Hieronymi
983 4091 1024 4157 ad
1048 4087 1154 4158 ibeo·

58 4205 75 4269 p
96 4210 180 4261 run.
