2982 4934
142 467 184 534 iit
207 471 341 554 quidem
360 487 437 536 saue
457 480 581 538 constat
604 462 863 556 Hieronymum,
886 471 1084 552 ubicumque
1104 490 1180 536 oon·

61 579 110 636 tra
129 574 326 654 origenistas
348 581 480 655 pugnet,
501 572 621 638 eisdem
643 572 895 654 exprobrantem
917 572 1090 650 haereoim,
1112 589 1180 635 ma·

59 673 173 740 niicsta
194 676 355 751 iudicare,
376 674 505 744 cosdem
525 673 671 751 scilicet,
692 693 774 755 quos
797 674 868 738 ruit
888 673 1083 752 haereticos,
1106 689 1180 756 per·

62 783 159 858 petuo
181 777 363 844 obtestatos
379 795 452 842 eoae
472 795 583 842 coram
605 774 808 858 Theophilus
830 793 941 840 coram
962 773 1092 860 synodo
1113 776 1181 842 alc·

61 877 233 955 nanduino,
256 896 368 943 coram
386 875 514 952 ‚Joannc
534 876 781 960 chrysostomo,
802 894 913 942 coram
933 895 960 942 s.
984 874 1179 956 Epiphanio,

61 997 170 1044 coram
192 977 368 1046 Anastasio
383 996 479 1062 papa,
493 981 526 1046 io
542 979 640 1045 totius
660 975 824 1046 Ecclesiae
844 984 1019 1058 conspectu
1040 977 1181 1044 obtesta-

64 1086 111 1144 tes
131 1097 218 1157 esse,
241 1080 339 1160 dico,
359 1081 481 1163 seipsos
500 1081 552 1162 pic
571 1080 691 1146 sentire
698 1099 710 1159 ;
732 1088 764 1144 et
785 1079 816 1143 in
836 1079 985 1143 omnibus
1004 1078 1180 1170 christiana
1306 1143 1312 1158 ,

62 1179 209 1259 dogmata
235 1182 396 1262 profiteri,
420 1191 453 1248 et
473 1181 685 1263 apostolicam
707 1188 816 1246 tenere
830 1179 946 1260 iidem3
968 1197 1007 1244 ac
1027 1181 1179 1244 nullimo·
1233 1249 1235 1257 ,

61 1280 98 1346 de
117 1281 350 1364 blasphemias,
366 1291 424 1349 nat
443 1282 605 1364 cujusque
619 1282 745 1363 genens
762 1299 893 1346 errores
906 1278 1039 1361 Oripcni
1058 1280 1181 1344 adscri-

64 1390 131 1462 ptos
147 1401 382 1464 propugnare3
398 1403 456 1449 neo
475 1391 582 1460 antea,
601 1401 661 1449 nec
682 1390 771 1460 tuoe,
786 1401 846 1448 nec
859 1399 1003 1464 uuquam
1017 1399 1052 1446 ee
1067 1379 1181 1463 huius·

64 1481 146 1547 modi
166 1483 356 1548 adhaesisse
377 1484 614 1564 impietatibus3
639 1501 753 1548 rernm
777 1483 999 1548 tantummodo
1020 1469 1181 1564 opinatos,¹

63 1580 229 1664 irmiaque
251 1584 379 1648 innixos
398 1585 616 1664 argumentis,
637 1583 811 1666 Origenem
833 1584 913 1650 talea
934 1583 1021 1649 haud
1042 1583 1180 1650 diciaste

64 1701 204 1760 errores,
221 1703 332 1768 oeque
345 1686 541 1766 seriptonec
554 1685 690 1752 auribus
710 1685 854 1752 fidolium
873 1685 1079 1751 commisisse.
1099 1683 1181 1752 Pro·

65 1783 212 1866 indeqtm
229 1787 259 1850 si
281 1793 357 1851 tunc
378 1785 478 1868 ipsius
497 1785 574 1850 libri
595 1785 668 1850 illas
688 1786 927 1867 praeseferrent
946 1785 1127 1869 impietates
1146 1791 1181 1852 et

65 1887 344 1967 eudaemones,
365 1886 405 1952 de
425 1887 475 1951 hic
495 1887 674 1954 haereticos
694 1889 795 1968 ipsius
815 1888 935 1966 hostes,
954 1903 1094 1953 suorum
1106 1904 1179 1952 sen·
1307 1949 1311 1958 .

64 2003 155 2050 snum
169 1987 351 2053 falsatores
365 1997 398 2052 et
418 1987 678 2068 interpolatores,
693 2006 753 2054 seu
766 1990 893 2072 ignaros
913 1988 1090 2054 dictionum
1102 2006 1179 2070 ana·

69 2105 138 2154 rum
156 2090 354 2171 interpretes
374 2089 579 2168 incusandae,
601 2107 665 2154 non
686 2106 765 2155 sero
783 2089 957 2172 Origencm
978 2090 1081 2171 pium,
1103 2087 1182 2156 nde-

69 2186 128 2254 iem
148 2192 417 2273 catholicumque
439 2193 555 2256 airum.
576 2188 619 2256 Et
640 2191 671 2254 id
691 2208 751 2256 ncc
772 2190 933 2273 ignoravit
945 2188 1179 2275 Hieronymus,

70 2297 100 2352 et
112 2309 207 2372 saepe
229 2293 313 2356 hanc
332 2293 491 2356 sinceram
511 2289 761 2372 origenistarum
776 2289 903 2356 audivit
922 2298 956 2355 ct
974 2288 1055 2372 legit
1073 2298 1183 2374 prote-

71 2391 249 2470 stationem,
272 2393 420 2472 qnamais
441 2395 542 2472 ipsam
563 2392 793 2472 contempserit
804 2409 844 2456 ac
863 2389 987 2456 neisate
1007 2392 1179 2474 repulerit,

73 2491 167 2556 veluti
186 2501 285 2558 autea
305 2513 348 2558 cx
368 2493 514 2575 ejusdem
535 2490 680 2573 decerpsi
699 2491 804 2556 libris.

142 2591 354 2678 Quapropter
366 2593 473 2675 logico
491 2612 589 2659 sensu
610 2613 699 2674 usos,
716 2601 750 2658 et
765 2592 929 2658 Ecclesiae
946 2609 1105 2674 canopum
1125 2611 1181 2675 pe·

74 2691 145 2756 ritus
163 2713 245 2776 rogo
267 2695 560 2775 (quemadmodum
581 2694 622 2761 de
642 2693 823 2776 Theophiio
842 2711 949 2776 nuper
968 2694 1091 2760 dictum
1110 2694 1201 2774 cst),

72 2791 199 2872 iurene
220 2797 461 2866 haereticorum
481 2805 514 2862 et
534 2799 708 2879 impiorum
729 2797 827 2862 titulo
840 2795 1076 2862 monachorum
1094 2803 1128 2863 et
1147 2813 1182 2862 a·

75 2890 186 2960 liorum
208 2897 296 2962 tama
315 2897 553 2961 obtenebrante
575 2899 619 2962 ita
640 2904 724 2976 crat,
739 2914 821 2978 qnos
841 2913 987 2976 cousque
1002 2897 1071 2977 pios
1092 2896 1180 2962 siros

76 2992 287 3064 honoraverat
307 2999 482 3064 universim
509 2999 652 3081 populus
672 2997 894 3066 christianus?
921 2996 1009 3064 Num
1029 2998 1181 3066 coniben-

76 3094 145 3162 ium
164 3108 236 3167 crat
256 3101 447 3166 criticorum
468 3089 613 3166 studium
634 3100 666 3164 in
684 3100 898 3182 disquirendis
919 3099 1084 3166 codicibus
1103 3117 1181 3181 ope·

78 3212 145 3262 rum
156 3199 305 3284 origenis
315 3207 350 3267 et
362 3201 505 3268 aliorum
520 3203 735 3268 monumentis
748 3203 788 3266 de
802 3203 863 3267 nac
873 3199 1080 3284 quaestione?
1089 3199 1181 3267 Nun·

77 3298 145 3376 qntd
164 3303 400 3380 contemnendi,
419 3302 470 3368 vei
484 3303 680 3385 reprobandi
700 3309 794 3368 erant
813 3302 1025 3386 disputantes,
1039 3319 1081 3366 an
1094 3300 1182 3367 Ada-

77 3400 177 3466 mantii
196 3402 276 3466 libri
297 3402 402 3469 inlecti
418 3403 471 3471 rei
490 3403 608 3468 sinceri
628 3402 766 3470 ostendi
786 3407 903 3481 meent,
919 3409 952 3466 et
972 3401 1047 3466 hino
1067 3408 1181 3467 utrum

80 3511 196 3566 errores
209 3501 273 3568 sub
287 3501 377 3568 iltius
390 3503 517 3570 nominc
538 3501 676 3584 vulgati,
691 3502 795 3568 eidem
815 3495 922 3569 dorent
935 3518 995 3568 neo
1014 3515 1057 3566 ne
1071 3501 1183 3566 insed-

79 3592 189 3666 beodii
208 3599 301 3670 Unde
319 3603 427 3685 liquet
445 3621 543 3687 quam
558 3603 685 3684 indique
704 3621 744 3670 ac
763 3603 925 3668 immerito
946 3601 1082 3684 praeisti
1105 3601 1179 3679 etri,

80 3695 231 3781 inquibus
245 3703 508 3790 chrysostomus,
526 3704 566 3770 de
587 3705 713 3771 haeresi
731 3703 785 3768 rel
806 3703 976 3768 haerescos
998 3701 1181 3783 suspicione

82 3795 245 3892 insimulati
266 3803 397 3872 inerim.

89 3957 95 3968 .
149 3899 299 3970 Ceterum
320 3923 431 3970 omnes
450 3912 614 3988 quotquot
633 3906 665 3968 in
686 3904 834 3987 Aegypto
854 3902 1035 3988 'theophilo
1056 3903 1181 3971 restite·

82 4013 114 4060 ro
130 3999 375 4072 indemnatione
396 4004 544 4087 Origenis
559 4008 600 4072 ab
620 4007 711 4073 initio
725 4005 921 4088 quaestionis
942 4023 1047 4088 usque
1067 4005 1108 4070 ad
1124 4024 1181 4072 uo·

85 4096 246 4186 viminum,
271 4107 394 4192 umque
408 4116 441 4174 ot
462 4110 658 4190 prirstimct
677 4107 819 4189 publice,
834 4109 903 4174 sire
922 4107 1030 4187 liberi,
1050 4127 1111 4176 eeu
1125 4127 1180 4178 re·

82 4197 153 4282 tati,
166 4205 233 4278 aire
244 4207 277 4274 in
297 4209 416 4290 petris,
431 4209 500 4279 site
514 4209 642 4290 exules,
656 4209 858 4291 interrepti,
876 4209 938 4276 hoc
952 4208 1036 4277 idem
1052 4227 1183 4294 respon·
1215 4281 1219 4288 ,
