3138 4950
103 525 183 598 cnut,
200 517 290 586 eruut
304 537 369 586 uon
389 521 496 586 colom
511 537 553 586 ex
575 537 691 586 eorum
712 513 864 596 numero,
880 523 937 603 qni
953 513 1134 602 plurimum
1151 545 1204 591 ιι-

103 619 203 685 debent
222 619 307 702 opud
339 621 595 702 Imperatorem
628 639 743 686 verum
764 623 863 686 etium
893 640 935 686 ιι
965 624 1202 704 secerdotium,

103 725 156 803 qui
169 727 258 786 erunt
270 723 419 804 insignes,
434 724 557 805 quique
573 739 704 804 megum
719 723 944 804 gubernabant
957 725 1120 790 ecclesiae.
1137 725 1203 804 Qut

102 819 164 886 {teo
183 821 381 888 execrabiles
394 822 435 887 ud
449 823 608 904 ruupticiu
629 823 752 888 detrusi
767 830 844 888 cunt
862 826 1068 906 sempiterne.
1086 847 1103 886 ι
1119 824 1202 890 Con·

102 931 146 986 ιιι
166 925 223 988 hor
241 921 385 989 etudioee
404 924 570 989 dimicavit
591 923 786 1008 Eutychiae,
808 925 950 989 iutenoto
972 934 1078 992 temen
1098 929 1200 992 exitu.
1319 971 1330 986 .

172 1024 337 1107 Etrurine
352 1027 572 1092 Schoieeticue
602 1025 635 1089 iu
656 1027 755 1091 Libro
776 1025 832 1092 lv.
856 1025 1020 1092 Historiae
1041 1026 1201 1094 Ecclesiu-

99 1123 190 1192 oticee
203 1143 232 1191 e.
246 1125 397 1192 xxxix.
418 1130 476 1192 eit:
493 1125 726 1192 «Juetiuiunue
746 1129 875 1210 scripsit
895 1129 940 1204 td,
962 1129 1051 1210 quod
1073 1133 1199 1195 romoni

99 1223 225 1290 edictum
245 1237 384 1292 voceotc
406 1231 519 1309 inquo
539 1245 661 1310 corpus
677 1227 805 1294 Domini
826 1229 1076 1310 incorruptibile
1090 1233 1198 1313 eppei·

99 1329 161 1408 irt3
186 1337 219 1393 et
238 1328 441 1393 netureiinm
466 1338 566 1412 etque
588 1329 837 1411 inculpabilium
859 1330 1069 1397 effectionum
1096 1349 1201 1413 ceper

99 1431 188 1497 iniere
208 1439 303 1512 neget
314 1453 326 1511 3
343 1430 516 1496 Dominum
538 1439 613 1496 unte
635 1433 815 1513 pemiouem
838 1434 952 1496 eodem
975 1435 1071 1498 modo
1091 1452 1199 1498 como·

97 1533 172 1600 dioec
187 1535 307 1612 dicem,
321 1551 389 1615 quo
403 1540 475 1614 poet
495 1535 673 1615 puscionem
689 1533 841 1612 comedit,
863 1553 938 1600 cum
953 1543 1197 1602 eucroeeuctom

96 1635 301 1717 ejuccorpne
327 1637 395 1718 jem
416 1635 489 1700 iudo
510 1653 552 1700 ex
574 1652 641 1717 quo
663 1636 695 1698 in
716 1641 813 1700 utero
844 1636 1021 1700 tormetum
1043 1645 1104 1714 eet,
1127 1638 1199 1701 uut-

96 1735 155 1800 Ιιιιι
168 1738 410 1803 couversionem
432 1745 491 1801 ιιιι
511 1737 722 1802 mntutionem
741 1755 801 1802 uec
821 1741 853 1802 iu
875 1738 1069 1804 uniunturiie
1089 1745 1122 1802 et
1143 1755 1197 1800 ue·

96 1839 249 1905 teretibus
271 1839 620 1920 commutacionem
641 1847 713 1921 poet
733 1841 1006 1904 resurrectionem
1022 1839 1195 1920 occeperit.

98 1937 195 2006 Porro
214 1941 418 2008 iuetinienue
437 1957 549 2006 omuce
570 1942 693 2024 ubique
722 1944 891 2023 episcopos
914 1959 973 2020 uer
995 1941 1060 2006 vim
1082 1957 1200 2020 cogere

94 2038 223 2106 institnit
243 2050 282 2108 ut
301 2043 379 2106 hnic
399 2043 542 2124 opinioni
562 2043 807 2108 recentireutur.
825 2041 980 2107 »Deinde
999 2043 1031 2105 iu
1053 2059 1082 2106 c.
1106 2040 1130 2105 1.
1148 2040 1199 2105 Li·

94 2139 139 2205 bri
161 2141 197 2208 tt.
220 2144 264 2208 ob
290 2161 342 2222 eu,
360 2162 449 2226 quoe
476 2145 634 2210 nduereue
664 2145 850 2210 secerdotes
870 2145 935 2225 egit
963 2144 994 2207 io
1016 2145 1077 2206 inec
1097 2161 1198 2224 quoo-

91 2245 187 2309 ottone
206 2246 423 2324 duetiuieuuo,
445 2246 522 2310 dicit
545 2265 621 2311 eum
646 2264 824 2328 congruum
847 2246 1030 2312 mercedem
1056 2246 1198 2310 retereu·

93 2353 165 2424 tem,
186 2350 225 2412 ud
250 2358 362 2431 pereto
384 2350 470 2431 opud
492 2349 615 2414 interos
633 2350 791 2431 cuppiiciu
813 2351 977 2430 migreoee.

90 2567 116 2612 c.
138 2549 189 2614 tv.
211 2553 252 2617 de
275 2553 381 2617 edicio
401 2551 523 2617 tostini
544 2550 704 2629 iunioris,
720 2552 812 2634 qnod
835 2551 966 2618 videtur
985 2552 1197 2617 subsecutum

91 2649 181 2716 elteri
210 2651 407 2718 iuetiuiuuie
423 2674 441 2715 ι
456 2651 555 2729 linio,
569 2654 627 2729 uit,
651 2653 759 2718 edicto
780 2669 892 2716 omues
913 2652 1044 2735 quidem
1066 2669 1197 2718 conccu-

90 2769 156 2816 com
168 2769 266 2820 ouum
288 2754 588 2832 accommodarunt,
604 2763 727 2818 rectum
743 2757 774 2818 io
796 2771 836 2818 eo
852 2755 946 2818 tidem
961 2771 999 2818 uc
1015 2752 1196 2819 doctricem

91 2855 326 2935 promulgatum
348 2869 417 2920 ecee
437 2855 579 2920 diceutes
590 2877 602 2936 3
618 2857 747 2920 uniiuru
769 2863 877 2920 temen
897 2873 939 2920 eu
961 2855 1113 2920 memorie
1136 2853 1197 2918 Ec·

91 2955 216 3033 cicnire,
232 2975 319 3038 queo
345 2958 475 3022 diecieee
496 2959 639 3035 inerunt,
661 2957 701 3020 ud
716 2959 882 3037 pristinum
905 2957 1000 3020 rediit
1019 2957 1196 3021 uuitetcurc
1222 3019 1225 3028 Α

90 3067 255 3138 propterca
271 3061 359 3141 qood
374 3060 502 3123 disertio
525 3061 630 3123 uerbis
646 3057 795 3122 edixerut
815 3054 1009 3136 imperetur,
1026 3063 1064 3120 ut
1083 3055 1197 3120 iirmus

90 3167 183 3240 utque
203 3165 358 3227 immotus
378 3162 592 3226 cccieoirrnm
623 3168 728 3225 etutue
751 3159 783 3221 ιι
804 3164 973 3239 porterum
993 3165 1196 3234 terreretur,

88 3260 167 3326 eicut
186 3273 281 3328 eutou
302 3271 452 3328 ιιιιιιιιι
474 3264 626 3329 iceret.»

161 3362 226 3440 Qui
250 3383 329 3428 vero
349 3363 523 3429 iustiniani
553 3363 662 3426 edicto
681 3377 891 3441 cummopere
912 3359 1114 3435 restiterunt,
1139 3377 1197 3424 uu·

86 3474 250 3530 merentur
270 3465 437 3546 oroeietue
460 3463 640 3549 Eutychide
671 3462 1037 3543 constentinoooiituuue
1058 3465 1091 3526 et
1113 3459 1197 3523 Auu-

85 3565 197 3631 eteeine
217 3568 428 3632 eutiocireuue
443 3566 540 3631 umbo
561 3568 634 3630 ideo
655 3565 696 3630 ab
709 3567 897 3647 episcopatu
918 3562 1045 3627 nemeti.
1069 3560 1118 3626 Ac
1132 3561 1196 3642 pri·

86 3683 136 3730 mo
154 3671 309 3734 successit
329 3669 482 3745 icuuuee,
503 3669 648 3733 necundo
677 3667 868 3748 Gregorius.
892 3664 1018 3730 ioeuue
1040 3681 1119 3728 vero
1139 3679 1195 3744 oo·

84 3769 336 3844 eteodetoneto,
354 3771 537 3855 Eutychiae
560 3769 745 3834 restituitur
764 3768 805 3831 ed
826 3765 941 3832 Sedcm
963 3764 1194 3846 episcopalem,

85 3885 176 3946 qoem
198 3874 281 3938 intro
300 3873 477 3936 ridebimus
490 3891 564 3936 cnm
581 3891 605 3936 ι.
623 3871 786 3951 Gregorio
802 3867 922 3950 Meguo
936 3865 1194 3942 contendentem,

84 3969 121 4032 de
142 3958 392 4040 resurrectione.
412 3973 523 4037 Victor
544 3976 575 4035 iu
592 3972 754 4038 Chronico
776 3971 862 4035 circe
884 3986 1004 4033 ennom
1023 3964 1075 4036 39.
1092 3963 1196 4044 lmue-

84 4071 120 4134 rii
141 4073 314 4138 iustiniani
334 4085 437 4151 notet,
458 4086 533 4139 tuuc
555 4075 586 4136 in
610 4073 753 4136 Ecciccio
776 4071 950 4135 cxcitatum
973 4068 1194 4152 quaestionem

83 4173 120 4236 de
141 4177 450 4258 incorruptibilitute
481 4176 628 4254 corporis
659 4175 780 4238 Christi
801 4178 876 4236 ente
909 4171 1194 4240 resurrectionem.

83 4285 115 4342 ct
135 4277 335 4366 Eutychium
363 4279 437 4348 idco
457 4279 618 4346 euoluere.
643 4274 723 4343 item
754 4273 933 4342 intinctio
958 4275 1113 4359 synodico
1132 4271 1194 4336 cub
