3048 4946
327 363 390 437 soti

328 467 433 533 nensis
454 467 590 531 Actione
613 463 669 532 iii.
690 473 724 531 et
745 463 786 530 x.
807 466 839 532 iu
860 481 958 532 conss
981 463 1067 529 ilisa.
1098 463 1159 530 ilis
1190 479 1333 545 usuque
1352 477 1437 526 sum·

328 569 432 634 morie
452 578 565 633 nonos
588 568 745 633 adversus
767 569 854 633 huuc
883 567 1131 633 insimulationis
1151 567 1256 648 capita
1278 565 1371 640 dicit,
1390 579 1441 626 ae·

328 671 511 738 cusantium
522 670 682 751 judicium
697 670 740 735 ab
752 669 954 752 imperatore
980 669 1108 746 Photio,
1121 667 1305 743 Enststlsio,
1317 676 1352 731 ct
1363 663 1442 731 Ura·

327 775 383 838 nio
403 773 559 855 episcopis
582 771 767 836 mandatum
788 790 870 849 esse,
893 773 963 854 qui,
985 772 1088 854 probe
1109 789 1146 836 re
1167 771 1323 844 discussa,
1352 765 1441 830 lissi

327 873 497 940 s'ossnuncsn
511 882 540 937 et
553 871 622 936 ss'sss
642 874 737 954 culpo
751 875 963 938 musmones.
980 871 1074 950 Quae
1087 889 1163 936 sano
1178 871 1356 935 cohaerent
1370 866 1444 930 ads·

328 979 462 1041 mussim
476 969 597 1062 Synodi¹
611 974 872 1042 chalcedonensis
887 973 1083 1053 delinitioni3
1099 974 1154 1038 uisi
1167 971 1303 1054 praeisti
1318 971 1444 1052 episco·

326 1079 361 1160 pi
382 1079 540 1144 dicuutur
558 1079 762 1160 scriptosoo
789 1080 871 1144 hanc
892 1077 1075 1158 obsignasse
1094 1077 1306 1140 sententiams
1333 1073 1443 1136 inssi·

321 1178 462 1263 petitam
482 1188 512 1243 et
530 1179 570 1244 oi
588 1178 675 1244 omni
693 1179 896 1244 accusatione
915 1177 1044 1243 ls'lsrsssn
1063 1177 1256 1241 declarantes
1278 1173 1383 1238 licon.

408 1281 501 1347 Hanc
522 1299 622 1364 porro
643 1283 927 1365 subscriptionem,
950 1283 1018 1344 sire
1035 1280 1194 1362 judicium
1214 1275 1354 1356 simplici
1377 1294 1447 1340 scr·

327 1401 422 1449 moue
443 1401 646 1464 expressum,
667 1385 766 1464 iegati
789 1384 943 1465 pontificii
965 1381 1188 1458 renuntias,
1210 1377 1392 1444 lucentius
1413 1385 1447 1442 et

325 1483 514 1550 Bonitacius
533 1485 709 1550 subeuntes
726 1504 788 1550 una
804 1503 879 1550 curo
902 1485 1022 1572 Synodi
1046 1484 1209 1558 Patribus,
1231 1488 1265 1546 et
1285 1480 1447 1545 transcri-

324 1585 437 1650 bootes
460 1587 654 1652 verbotenus
674 1588 864 1651 seutentiam
895 1585 1001 1650 l’lsotii
1024 1593 1057 1651 et
1079 1583 1252 1660 Euststlsii,
1283 1582 1446 1646 obtestati

325 1693 403 1753 sunt
422 1705 457 1751 se
476 1703 591 1754 eorum
609 1688 706 1765 veile,
722 1705 807 1768 quae
830 1689 862 1751 iu
877 1687 1007 1769 Epheso
1027 1687 1068 1750 do
1090 1686 1146 1750 lisa
1167 1693 1255 1767 geste
1274 1691 1369 1759 sunt,
1393 1699 1447 1746 ac·

327 1790 437 1869 cipere
446 1809 459 1868 3
474 1796 507 1853 et
521 1789 661 1869 probare
682 1788 898 1852 definitionem
913 1807 931 1852 a
947 1788 1100 1870 praelatis
1121 1787 1276 1868 episcopis
1292 1783 1446 1848 subscri·

326 1897 429 1969 ptam,
453 1890 596 1953 fideliter
615 1897 648 1954 et
667 1891 859 1971 simpliciter
882 1891 1097 1970 obsignantes,
1119 1906 1204 1970 quse
1234 1887 1291 1968 ipsi
1311 1885 1449 1966 judiees

326 1997 523 2055 statuerant:
541 2007 580 2054 eo
602 1992 702 2071 magis
723 1992 810 2072 qnod
833 1991 940 2056 denno
957 1990 1028 2055 ibas
1050 2007 1108 2071 per
1129 1991 1253 2054 litteras
1272 1987 1446 2050 iunoasrit
1522 2041 1523 2048 ,

324 2107 406 2155 snae
428 2090 501 2154 tidei
523 2091 726 2155 orthodoxae
743 2092 987 2171 professionem.
1013 2091 1055 2156 Et
1075 2092 1122 2156 sic
1141 2090 1217 2172 jure
1237 2087 1392 2170 postolat
1414 2107 1447 2152 o·

325 2193 463 2256 rationis
484 2194 579 2256 ordo.
595 2191 702 2269 Quem
721 2194 852 2274 quidem
873 2193 1019 2260 ordinem
1036 2192 1154 2274 reliqui
1175 2189 1392 2256 attenderunt
1413 2209 1446 2254 e·

327 2293 463 2374 piscopi.
486 2291 657 2358 Anatolius
679 2292 767 2360 lisam
794 2297 962 2362 innoxium
984 2301 1078 2361 sucat
1099 2291 1304 2374 exipsorum
1326 2290 1446 2356 Pisotii

325 2403 359 2458 et
380 2394 540 2460 Eustathii
558 2396 682 2477 judicio
694 2417 706 2476 3
728 2415 834 2478 nequo
856 2397 986 2462 aliunde
1008 2396 1125 2478 repetit
1144 2400 1351 2476 arguments,
1368 2397 1445 2476 qut·

327 2495 389 2559 isus
410 2493 485 2560 ibae
505 2497 727 2562 subscriberet
747 2500 959 2562 innocentiae.
984 2498 1064 2562 item
1080 2495 1264 2560 Thalassius
1282 2513 1326 2560 ex
1355 2495 1445 2560 Piso·

327 2595 364 2660 tii
385 2603 418 2660 et
448 2595 609 2662 Eustathii
634 2600 738 2663 verbis
770 2597 859 2664 lisam
882 2599 1032 2663 absolvit.
1067 2595 1226 2663 Eosolsios
1244 2597 1446 2677 subscripsit

324 2697 508 2761 sancitisde
530 2697 584 2762 lisa
607 2716 708 2779 prope
722 2700 856 2763 iliorum
878 2703 1106 2781 episcoporum
1123 2706 1254 2764 statuta.
1277 2695 1446 2778 Diogenes

326 2803 438 2862 teoere
452 2807 605 2880 oportere
617 2799 776 2882 iudicarit
790 2801 830 2866 de
848 2801 900 2864 iba
921 2803 1111 2884 seutentiam
1126 2800 1285 2883 prolatum
1305 2799 1352 2862 nis
1374 2803 1444 2881 epi·

325 2897 432 2980 scopis
453 2899 570 2964 Photio
585 2908 618 2964 et
635 2899 817 2966 Eustatlsio.
836 2901 916 2968 item
930 2900 950 2966 J
953 2920 1085 2992 oannes,
1098 2900 1267 2980 Seleucus,
1282 2899 1447 2968 Constan-

325 3001 425 3076 tinus,
450 3000 621 3079 Patricius,
639 3003 768 3088 Peiros,
784 3013 818 3068 et
840 3002 995 3068 Atarbius
1013 3005 1191 3086 simplicem
1213 3005 1445 3070 tantummodo

324 3097 542 3166 delinitionens
565 3102 669 3166 Plautii
692 3113 725 3166 et
746 3103 906 3168 Eustatlsii
930 3105 1166 3181 instaurarunt,
1189 3104 1444 3187 probaruntque

323 3200 404 3266 nihil
418 3201 584 3267 addentes.
602 3201 766 3282 Definitio,
791 3203 953 3286 inquiant,
969 3205 1187 3288 cpiscoporum
1209 3203 1316 3270 snut
1327 3215 1364 3270 ct
1378 3205 1448 3271 Ess-

323 3300 437 3366 stutiis'
449 3303 641 3368 demonstret
652 3303 825 3372 innectens
844 3307 1132 3372 accessissemus
1147 3305 1234 3372 llum
1248 3305 1443 3388 episcopan.

405 3402 616 3487 Quapropter
635 3425 710 3472 cum
730 3407 856 3490 judices
872 3409 1007 3474 Photios
1028 3417 1060 3472 et
1073 3407 1263 3474 Eustatisius
1284 3406 1324 3472 de
1348 3425 1441 3472 ιιι-

325 3504 404 3570 dato
418 3505 504 3572 istud
518 3507 717 3588 protulerint
734 3509 907 3590 judicium,
923 3519 957 3576 ct
979 3512 1077 3592 lcpstt
1103 3510 1256 3592 pontificii
1277 3529 1312 3574 se
1332 3511 1442 3576 eidem

321 3605 449 3689 iudicio
471 3608 663 3688 adhaerere,
680 3619 781 3692 atquc
802 3612 884 3678 illud
901 3614 1117 3695 comprobare
1136 3611 1255 3680 eisdem
1271 3612 1385 3678 rerlsis
1411 3621 1445 3678 et

321 3725 419 3774 mmo
440 3711 578 3776 uuisooo
610 3713 758 3792 professi,
781 3715 932 3779 obtestati
953 3715 1016 3780 siut
1047 3715 1129 3779 usuc
1149 3731 1218 3780 esse
1248 3715 1442 3779 sententiam

322 3812 660 3878 reverentissimorum
682 3814 911 3897 episcoporum
943 3816 1050 3882 Photii
1071 3823 1105 3882 et
1133 3815 1317 3892 Eustatisii,
1336 3833 1441 3897 qnam

322 3909 384 3992 ipsi
404 3912 598 3994 accipientes
613 3915 655 3980 ab
669 3916 731 3993 isis,
753 3916 852 3982 simul
870 3921 1091 3994 sanciverunt,
1108 3917 1181 3984 ideo
1202 3917 1289 3983 lisam
1305 3915 1442 3997 dignum

322 4029 393 4078 osso
411 4013 621 4082 decernentes
642 4019 832 4100 episcopatu
854 4028 888 4085 et
909 4017 1070 4097 Ecclesia,
1087 4020 1174 4086 node
1195 4020 1304 4086 inerat
1322 4019 1443 4101 expui·

322 4130 404 4178 snss
426 4115 505 4197 quid
525 4117 627 4198 igitur
649 4119 763 4202 legatis
785 4121 953 4200 pontificiis
975 4139 1103 4188 neeesse
1132 4130 1204 4188 crat
1225 4121 1343 4186 mentio
1366 4137 1440 4199 spe·

322 4213 414 4283 cisiis
428 4213 505 4284 ibae
525 4215 692 4304 Epistolae
706 4222 747 4288 ad
763 4215 896 4305 ilarius,
920 4241 1018 4307 qoam
1040 4225 1168 4310 penitus
1194 4223 1358 4296 siluerunt
1378 4219 1439 4290 ln·
