3048 4946
352 481 467 553 septem
488 490 602 540 coam.
634 471 682 537 lc
702 474 745 537 ite
776 473 988 553 lsececcepte
1019 470 1239 536 declaratione
1259 471 1315 550 (et
1338 467 1457 550 quiden

353 574 519 640 serissima
541 574 641 638 veluti
662 593 703 638 cs
726 573 908 654 praemissis
929 572 1179 638 discussionibus
1200 571 1393 648 innotescit)
1415 568 1459 634 tt·

351 675 448 755 pilius
470 675 633 756 usquead
656 675 853 756 quaestionis
875 675 1048 738 terminum
1078 673 1161 738 idem
1183 674 1297 748 sensit,
1318 671 1405 735 idem
1425 679 1485 765 te·⁸

353 776 425 839 nuit
445 775 484 838 de
507 776 608 840 tribus
623 773 780 856 Capitulis
800 776 1008 839 damnandisc
1026 775 1112 856 quod
1135 793 1194 856 per
1214 773 1460 839 luculentissime

356 877 535 941 testimonia
559 896 597 940 ex
631 879 776 958 genuinis
796 878 896 958 ipsios
917 875 1080 940 Pontidcis
1100 875 1239 940 decretis
1258 882 1356 940 eruts
1377 891 1461 954 supe

354 980 423 1043 rius
443 981 651 1044 ostendimus.

435 1080 530 1159 Quos
565 1100 643 1146 sero
672 1081 993 1162 Pseudolustinlenns
1022 1081 1112 1157 dicit,
1135 1089 1208 1161 post
1226 1084 1354 1160 septem
1375 1095 1461 1142 sunu

353 1185 615 1249 retractationem
637 1183 803 1247 admisisse
819 1181 974 1264 Virilis·
997 1201 1035 1248 ac
1056 1183 1118 1246 tris
1140 1181 1320 1246 deiendisse
1342 1179 1463 1262 Capita·

350 1283 397 1364 la,
420 1285 504 1349 istud
527 1285 714 1366 refragatur
728 1284 963 1349 evidentissime
984 1284 1164 1348 narrationi
1181 1283 1360 1346 historicae
1372 1283 1460 1363 liuius

349 1383 485 1450 Concilii
512 1403 528 1446 a
553 1383 684 1465 Pelagio
701 1383 742 1448 ll.
766 1386 796 1448 in
821 1385 938 1450 litteris
959 1386 998 1448 ad
1016 1383 1129 1450 istriae
1149 1385 1317 1468 episcopos
1339 1393 1463 1448 centes·

351 1495 424 1552 tees
449 1485 502 1550 ubi
525 1481 764 1552 dolendentinm
792 1487 852 1549 tria
875 1484 1023 1566 capitula
1048 1485 1220 1567 respondet
1248 1487 1410 1550 instantiis
1427 1501 1458 1546 sc

352 1588 553 1653 dicentioms
576 1590 661 1669 pund
680 1587 718 1651 iss
738 1607 852 1652 consae
869 1585 1033 1669 principio
1053 1601 1081 1651 ct
1102 1585 1192 1654 Sedes
1213 1587 1403 1671 Apostolicn
1417 1604 1464 1666 prr

355 1687 504 1771 Vipilirsas
529 1688 661 1769 Pupam,
678 1700 706 1752 et
726 1707 830 1753 omnes
853 1687 1032 1754 latinorum
1048 1687 1292 1772 proclamarunt
1308 1688 1463 1772 principe

349 1789 549 1855 domootioos‘
567 1790 667 1854 trium
691 1788 911 1873 capitulorum
932 1789 1059 1871 sortiter
1077 1791 1270 1856 restiterant.
1291 1791 1325 1862 Si
1343 1795 1378 1856 in
1396 1809 1461 1858 css·

348 1911 404 1960 sse
424 1893 584 1973 principio
605 1895 758 1957 restiterit
780 1892 974 1958 damnationi
997 1891 1152 1974 vigilius,
1174 1896 1253 1976 quin
1276 1902 1388 1960 ιιιιιιι
1408 1912 1456 1976 pcr

350 1995 433 2060 orne
450 1994 662 2058 resistentiam
677 1995 884 2076 approbaret,
900 1995 951 2058 sel
965 1995 1152 2061 detenderet
1167 1997 1228 2060 tris
1242 1994 1411 2078 Cupitum,
1424 2000 1455 2060 ut

203 2081 214 2102 ’
349 2096 419 2179 lpse
434 2096 555 2160 latetur
569 2097 600 2159 in
619 2096 734 2159 ultimo
749 2095 945 2174 Constituto,
962 2105 993 2162 et
1017 2099 1044 2162 si
1062 2097 1201 2163 ulterius
1214 2117 1274 2163 nec
1296 2099 1457 2175 restiterit,

349 2215 410 2262 nec
431 2197 586 2262 dubitarit
608 2196 758 2262 Pontifex
779 2197 820 2260 de
837 2197 980 2278 juridico
999 2199 1121 2263 horum
1141 2197 1373 2280 capitulorum
1394 2217 1458 2264 ιιι-

350 2299 504 2376 themate,
520 2299 644 2363 cernito
666 2306 784 2379 quanta
808 2299 960 2364 illusione
977 2300 1128 2367 laborent
1147 2301 1293 2368 lrlstocicl
1308 2303 1457 2368 recentis·
1522 2295 1523 2324 ³

347 2418 412 2478 res,
435 2402 575 2463 sinceres
603 2400 750 2464 arbitrati
773 2401 829 2464 has
850 2409 1075 2481 praesumptas
1106 2399 1316 2484 lmpcrstnsis
1339 2405 1455 2469 litteras

346 2498 477 2584 Spondo
493 2501 583 2566 dates
604 2499 644 2564 de
660 2499 767 2582 Vigilii
790 2503 1029 2568 retractatione.
1045 2502 1197 2570 Proiecto
1216 2523 1258 2568 en
1281 2503 1406 2586 Pelagii
1422 2501 1456 2566 ll.

346 2602 497 2681 epistola,
524 2602 563 2664 de
584 2601 679 2682 cuius
700 2604 896 2666 auctoritate
917 2621 1011 2668 nemo
1033 2604 1177 2686 ambigit,
1200 2612 1302 2686 patet,
1323 2613 1364 2671 nt
1384 2606 1455 2678 disi,
1521 2585 1522 2598 ¹

346 2700 500 2785 vigilium
515 2705 556 2767 ab
571 2705 673 2780 initio,
691 2723 765 2768 cum
780 2702 819 2768 de
836 2723 871 2768 re
889 2705 1126 2786 disputaretur,
1142 2707 1376 2790 Gspltnioruos
1390 2723 1457 2770 sns-

344 2806 477 2868 themati
493 2805 653 2870 restitisse.
669 2805 730 2870 Sed
750 2805 948 2870 tantumdem
964 2807 1170 2872 menifestum
1187 2815 1247 2886 est,
1261 2809 1371 2891 ipsum
1384 2807 1457 2874 Coo·
1520 2875 1521 2898 χ

344 2906 584 2986 stantioopolim
602 2908 778 2988 ingressum
792 2909 876 2971 circa
891 2926 943 2970 an.
957 2901 1027 2974 546.
1042 2907 1094 2979 dl.
1107 2916 1339 2990 conventuque
1354 2909 1455 2974 motta
1520 2901 1521 2950 ἶ

343 3023 418 3072 cum
439 3004 489 3074 7⁰.
506 3010 662 3090 episcopis
683 3017 716 3073 et
738 3027 796 3088 per
809 3009 998 3074 tunicatum
1022 3011 1125 3074 tribus
1146 3010 1306 3075 damnetis
1327 3011 1451 3094 Capitu-
1520 2969 1521 3059 i

340 3109 394 3188 lis,
417 3110 507 3174 nulle
530 3112 656 3174 ratione
676 3111 836 3191 nulloque
859 3129 1001 3191 unquam
1025 3120 1171 3192 tempore
1186 3131 1204 3175 a
1221 3113 1390 3194 proposito
1410 3129 1454 3174 re-

342 3212 490 3292 cessisse;
505 3217 555 3274 est
574 3219 759 3276 constanter
772 3211 924 3276 ludtmto
947 3213 1165 3278 inhaerentem
1189 3215 1354 3278 mansisse.
1375 3211 1454 3290 Ost·
1519 3249 1520 3300 1

222 3391 224 3398 .
341 3316 487 3380 mobrcm
509 3317 541 3378 in
562 3316 622 3380 hoc
653 3327 745 3397 parte
767 3318 967 3401 apocryphis
997 3315 1098 3398 hujus
1119 3315 1241 3382 decreti
1262 3316 1395 3400 limpide
1412 3313 1454 3378 di·
1519 3303 1520 3365 l

340 3421 507 3500 pnoscitur
525 3423 559 3481 et
580 3416 702 3481 falsitas
725 3418 930 3482 narrationis.
1518 3479 1519 3492 ,

419 3515 556 3597 iusuper
576 3516 713 3581 notanda
736 3523 824 3592 sunt,
840 3536 925 3598 qnae
947 3517 1132 3582 immediate
1145 3516 1330 3584 succedunt
1349 3517 1450 3583 decre·

338 3625 373 3682 to
387 3616 558 3682 iustiniani
581 3617 680 3699 hujus
699 3620 839 3682 tenoris:
858 3619 1004 3685 «Sancte
1028 3618 1177 3704 Synodus
1196 3620 1304 3686 disits
1323 3637 1359 3684 es
1372 3635 1449 3700 unse

340 3735 428 3784 nunc
450 3719 516 3783 sisa
537 3727 615 3785 sunt
631 3721 776 3800 piissimo
792 3716 999 3801 lmperatnri‚
1015 3738 1159 3801 congrue
1179 3729 1257 3785 sunt
1278 3721 1447 3794 laboribus,
1517 3785 1518 3792 ἶ

337 3833 421 3899 quos
442 3836 504 3900 pro
527 3821 651 3884 unitate
671 3826 857 3886 sanctarum
874 3821 1088 3886 ecclesiarum
1110 3821 1259 3901 pertulit.
1282 3819 1447 3886 Seremus

338 3921 451 4000 itaque
471 3919 626 3984 unitatem
642 3920 681 3985 ed
698 3921 904 4003 apostoticae
917 3929 1141 3987 sacrosanctae
1155 3919 1322 3987 Ecclesiae
1340 3919 1445 3987 Sede!

336 4021 532 4102 antiquioris
554 4019 691 4098 Romae,
707 4023 813 4086 omnis
835 4023 1014 4089 moundum
1037 4032 1181 4088 tenorem
1203 4025 1363 4088 lectorum
1380 4021 1445 4100 spi·
1516 4051 1517 4054 ¹

336 4137 412 4184 cnm
443 4129 643 4204 peragentes.
675 4121 723 4187 lie
746 4125 911 4206 proposits
939 4125 1253 4205 succensendum,
1281 4121 1365 4206 quod
1380 4121 1443 4202 jn·

336 4221 556 4306 promisimus,
578 4223 743 4307 procedet.
767 4221 914 4308 Explicit
937 4224 1042 4293 Sessio
1062 4225 1210 4308 septime.
1233 4222 1345 4307 locipit
1362 4229 1443 4288 ests·
