3138 4950
218 495 376 566 Similiter
393 515 419 563 s.
443 495 638 564 Athanasius
660 496 694 560 lu
712 495 849 578 epistola
879 493 921 560 al
947 493 1152 578 Epictetuma
1172 515 1190 556 s
1212 496 1256 562 itt

136 598 257 683 ipsum,
280 600 397 683 iuquit,
420 595 564 664 Verbum
590 599 819 681 incorpoream
840 604 913 662 erat
940 597 972 662 ia
994 599 1116 679 patibili
1137 613 1256 681 corpo·

135 719 185 767 re.
208 702 337 783 Carpus
358 721 437 768 aera
459 701 596 767 babebat
614 703 700 766 intra
721 717 755 766 se
775 701 953 782 impatibile
974 698 1132 776 Verbum,
1161 700 1255 766 sale

135 817 212 868 raus
237 805 441 868 iailrmitates
469 805 617 883 corporis
637 803 719 885 ejus.
742 801 785 869 ttt
813 803 999 868 summatim
1033 803 1150 878 alicam,
1172 799 1257 870 'ihc-

135 906 295 970 otloretas
315 906 346 968 ia
367 906 432 970 boc
450 904 580 986 dialogo
601 911 690 970 totus
708 913 770 980 ast,
794 914 831 968 at
845 903 878 967 tri
898 905 1058 970 ostentata
1078 904 1257 971 «Christus

133 1005 195 1072 liei
221 1027 297 1073 cum
318 1007 454 1072 baberet
478 1016 629 1072 naturam
659 1007 891 1083 immortalem,
913 1015 946 1070 et
970 1006 1193 1088 impatibilem,
1221 1025 1257 1072 s·

137 1109 252 1174 holera
274 1109 386 1173 rolens
407 1109 521 1172 mortis
542 1109 728 1189 imparium,
749 1113 931 1188 assumptas
951 1125 992 1172 ex
1014 1098 1065 1184 iis',
1088 1109 1144 1189 qai
1168 1125 1256 1173 mor·

138 1211 162 1274 ti
192 1210 324 1276 obnoxii
345 1217 452 1287 erant,
475 1210 645 1291 primitias,
672 1217 706 1272 st
733 1209 792 1272 bas
818 1208 1046 1296 immaculatas
1070 1227 1203 1273 seranna
1224 1215 1257 1275 ct

135 1311 261 1394 pecusu
281 1316 447 1392 expertes,
470 1311 566 1374 morti
588 1310 719 1391 quictem
739 1310 897 1390 permisit,
920 1317 958 1374 at
977 1327 1032 1374 cas
1053 1311 1255 1392 corriperci3

137 1420 172 1477 et
191 1429 284 1477 suam
306 1411 537 1493 inexplebilem
559 1412 710 1492 expleret
729 1410 907 1491 inglusiem
929 1418 1025 1475 etc.»

178 1541 182 1552 ·
219 1511 261 1578 lit
283 1515 362 1578 baec
382 1515 489 1578 omnis
514 1511 630 1577 statait
649 1511 764 1576 deinde
783 1510 987 1578 lastinianus
1006 1514 1039 1577 ia
1058 1531 1121 1578 sao
1149 1513 1256 1579 ctliotn

138 1616 222 1696 (per
248 1613 414 1680 lustinum
436 1632 658 1679 successorem
680 1631 777 1678 snum
804 1614 1008 1692 instaurato)
1039 1615 1071 1677 ln
1098 1633 1165 1696 qno
1189 1631 1258 1680 me·

4 1775 5 1778 ,
135 1715 227 1781 ‹iium
256 1723 367 1780 taacns
391 1717 466 1791 iter,
496 1725 530 1780 et
556 1717 711 1799 gajanitae
736 1724 769 1779 ct
791 1715 975 1797 intitulatas
1000 1716 1170 1794 reiutoait,
1197 1717 1256 1798 qul

136 1818 321 1884 absolutam
344 1817 551 1882 collocarunt
571 1819 603 1880 in
618 1815 738 1883 Christi
753 1833 893 1898 corpora
907 1816 1176 1897 impatibilitatem
1198 1835 1256 1883 on·

4 1947 6 1966 ι
137 1926 172 1982 te
192 1921 479 2000 resurrectlouem3
501 1935 540 1982 tc
560 1937 623 1982 ιιι
647 1917 846 2004 Eutycbium
868 1925 1062 2000 ceterosque
1082 1919 1254 2000 arguebat,

4 2063 5 2086 t
135 2019 314 2084 arbitratos
328 2019 446 2083 Christi
467 2035 588 2118 corpus
609 2025 683 2083 ants
707 2021 979 2084 resurrectionem
995 2038 1036 2084 cx
1057 2027 1174 2084 natura
1194 2037 1256 2086 sua

4 2153 6 2190 t
136 2123 269 2185 omnino
290 2123 439 2202 passibile
460 2128 493 2186 et
513 2121 728 2204 corruptibile
750 2121 848 2184 luisse
860 2139 871 2200 ς
893 2139 934 2185 ex
960 2121 1098 2186 adtaaso
1119 2121 1256 2188 ducenis

138 2221 355 2303 imperaturo,
378 2223 498 2288 Christi
514 2241 646 2305 corpas,
669 2223 821 2304 apatibila
841 2240 916 2288 cam
938 2223 1084 2288 essetab
1105 2227 1256 2289 naioacar

4 2359 6 2398 t
137 2341 214 2389 cnm
246 2322 353 2388 Verbo
376 2319 433 2387 liei
465 2331 540 2389 ante
569 2327 854 2402 resurrectionem,
884 2343 943 2389 sna
963 2330 1077 2405 sponte
1103 2327 1255 2406 passioni,

4 2471 5 2496 ι
134 2425 234 2490 morti
260 2425 446 2490 submisisse
467 2435 499 2491 et
520 2428 737 2508 corruptioni.
756 2423 875 2491 Missus
899 2429 983 2490 enim
1000 2444 1018 2489 a
1035 2425 1131 2490 Patre
1151 2427 1183 2489 in
1198 2428 1257 2490 ba·

4 2567 6 2600 ,
134 2526 258 2590 ruinam
280 2528 432 2602 salutem,
461 2527 687 2609 semetipsum,
719 2529 825 2609 inquit
851 2527 1040 2610 Apostolus,
1063 2527 1254 2605 exinanivit,

135 2627 275 2691 iormam
296 2629 383 2693 serti
403 2631 578 2708 accipiens,
602 2638 640 2692 ut
660 2629 877 2694 sanctificaret
900 2648 957 2693 nas
978 2648 1039 2711 per
1058 2631 1255 2695 oblationem

133 2728 282 2808 corporis
301 2731 365 2794 sai.
385 2729 426 2818 ht
445 2729 523 2794 talt's
544 2730 707 2812 Pontifex,
728 2741 872 2807 sanctus,
891 2730 1056 2806 innocens,
1069 2729 1256 2812 impollutus

4 2887 5 2892 ,
131 2840 313 2911 seprspattts
328 2849 349 2894 u
364 2829 594 2912 peccatoribus,
615 2829 798 2895 ineuitabilis
812 2842 840 2893 et
852 2829 1042 2894 immortalis
1061 2831 1183 2895 ohtatns
1197 2839 1253 2909 cst,

130 2929 212 3015 ptat'a
231 2931 298 3013 t‘pss
317 2930 431 2996 naluit.
449 2931 503 2997 Et:
521 2932 686 3014 proposito
704 2931 765 2994 sr'bs'
783 2931 913 3012 penalia,
934 2929 1087 2997 sustinuit
1107 2949 1241 2996 crucem.

212 3033 375 3100 Sustinuit
397 3053 474 3099 sane
495 3051 640 3109 crucam,
663 3034 746 3097 sicat
769 3042 861 3096 antea
889 3035 1046 3099 sustinuit
1069 3035 1199 3109 tamem,
1222 3051 1256 3099 c·

134 3135 292 3200 sariendo
314 3145 485 3219 postquam
508 3135 668 3218 jejunarit
689 3135 901 3216 qnadraginta
923 3135 1036 3199 titubas
1057 3143 1089 3199 et
1114 3134 1256 3216 quadra·

135 3239 224 3319 ginta
255 3239 416 3301 noctibus.
439 3235 481 3301 ΕΙ
511 3237 552 3299 ab
574 3237 680 3299 hac‘s.
711 3235 866 3300 Matthaei
895 3230 1080 3301 narratione
1101 3238 1141 3302 tle
1161 3235 1255 3300 cbri-

131 3339 173 3402 sti
192 3337 330 3419 ieiunio,
354 3337 499 3419 perbelle
521 3338 699 3401 roboratur
719 3345 961 3416 argumentum,
977 3339 1077 3416 ipsias
1094 3335 1150 3400 liei
1173 3335 1254 3399 Var-

133 3439 213 3502 bnm
236 3440 267 3501 in
288 3448 452 3521 assumpta
473 3456 583 3514 carue,
606 3442 664 3502 etsi
694 3438 962 3518 incorruptibilis,
987 3437 1056 3502 aiae
1075 3439 1254 3518 impassibi-

131 3539 175 3604 lis
209 3539 322 3604 inisset
342 3548 415 3604 sate
447 3541 732 3618 resurrectionem,
764 3541 902 3622 passioni
929 3547 1042 3620 sponte
1072 3557 1130 3604 snt
1161 3541 1252 3604 illata

131 3640 309 3722 subjecisse
330 3659 460 3706 carnem
482 3642 525 3706 itt
549 3651 597 3719 nt,
630 3642 761 3724 quaudo
787 3643 902 3714 noluit,
928 3641 1114 3705 esuriverit.
1144 3641 1254 3722 laqnit
1348 3637 1355 3652 “

131 3744 218 3806 enim
241 3743 459 3824 Evangelistaa
481 3763 554 3809 cunr
568 3745 744 3829 jejunasset
764 3740 985 3824 quadruplata
1004 3739 1113 3806 dicias
1133 3751 1162 3804 rt
1176 3761 1254 3822 qna-

132 3846 289 3928 rtruaintu
309 3844 463 3920 tractibus,
484 3855 591 3927 pastea
611 3846 733 3911 esuriit.
756 3845 904 3910 Esariait
929 3845 1072 3924 quitiam,
1102 3863 1176 3908 aum
1199 3861 1254 3908 aa·

134 3955 185 4010 tea
209 3947 297 4010 bauti
320 3948 404 4011 ieme
426 3947 614 4011 laboraret:
638 3951 680 4012 ita
703 3945 874 4011 oslsaticas
895 3962 1014 4027 corpas
1035 3964 1130 4008 snam
1154 3945 1195 4008 ab
1217 3963 1255 4008 u·

132 4051 261 4112 alonem
277 4067 351 4113 oum
368 4046 476 4113 Verbo
494 4047 565 4125 lici,
582 4047 776 4130 impassibile
790 4054 823 4111 ct
838 4045 1084 4125 incorruptibile
1100 4063 1159 4126 per
1173 4061 1253 4126 qno·

133 4149 281 4233 draginta
303 4149 431 4214 dieram
453 4149 664 4214 intervallum
689 4163 825 4228 pergens
843 4147 1007 4229 jejunam,
1024 4164 1083 4210 aco
1106 4147 1190 4210 tame
1206 4147 1253 4207 in·

131 4251 298 4316 ilrmatum
315 4271 396 4329 csse,
413 4269 472 4316 acc
493 4252 670 4317 laborasse.
686 4245 815 4316 Tamara,
830 4257 903 4329 post
923 4247 1004 4312 illati
1026 4248 1168 4328 spatium
1189 4265 1251 4310 sou
