3186 4946
575 495 713 564 catur
735 496 775 562 ll.
1189 391 1229 461 15

130 696 307 780 Pressuram
335 712 553 783 reponentem
578 702 742 766 roboretur
766 702 805 766 nb
827 698 1011 765 extrinsecis
1037 699 1229 782 sincerisque

160 798 366 864 testimoniis.-
389 801 573 884 quibuscum
592 802 849 868 &versariorum
867 801 1039 866 diluuntur
1061 801 1229 884 oppositio-

164 921 214 966 nes
233 899 270 967 in
294 901 460 987 Dripcncns
478 907 630 972 reductos.

133 1151 330 1294 Hucusque
351 1212 444 1276 fldem
466 1210 612 1293 origenis
633 1215 788 1294 exipsius
810 1212 936 1294 scriptis
950 1211 1220 1292 investigavimus.

131 1309 272 1377 Ceterum
292 1317 321 1378 si
339 1315 480 1380 ,uelimus
500 1315 689 1378 auctoribus
711 1333 807 1379 aures
829 1313 998 1394 praebere,
1017 1315 1073 1395 qui
1093 1312 1133 1376 de
1155 1315 1222 1376 suis

130 1415 213 1493 gestis
234 1424 266 1479 et
294 1420 469 1498 praecipue
498 1416 538 1480 de
565 1417 814 1481 institutionibus
842 1417 1046 1497 disputarunt
1068 1415 1109 1478 ab
1136 1415 1225 1480 illius

130 1533 201 1579 sero
221 1537 326 1598 usque
348 1520 387 1581 ed
409 1517 502 1583 lluem
525 1521 626 1583 seculi
649 1517 703 1581 lV.
726 1520 871 1600 prolecto
892 1519 1009 1583 borum
1036 1517 1075 1580 de
1095 1535 1135 1580 ao
1155 1519 1224 1598 opi·

129 1617 175 1680 uic
196 1618 287 1682 valde
309 1621 351 1683 ab
371 1640 407 1684 ea
422 1620 529 1695 distat,
544 1638 641 1699 qoam
654 1623 773 1702 posteri
786 1627 940 1684 statuere.
956 1617 998 1682 Et
1011 1637 1086 1682 saue
1101 1620 1141 1682 ab
1155 1617 1223 1683 Eu·

127 1719 224 1796 sebio,
246 1722 303 1801 qui
322 1721 400 1803 jure
421 1723 535 1785 ceteris
556 1721 768 1803 scriptoribus
789 1723 819 1784 in
841 1721 902 1784 bac
927 1737 962 1782 re
990 1720 1221 1800 praeferendus

129 1829 179 1896 est,
199 1825 320 1904 quippe
342 1833 374 1887 et
395 1824 465 1906 ejus
486 1824 583 1886 aelati
604 1823 772 1902 proximus
792 1839 830 1884 nc
849 1819 942 1901 plura
959 1820 1222 1900 ipsiusexpeudit

131 1922 247 2001 scripta,
269 1941 309 1987 ac
332 1926 519 2003 praesertim
541 1923 703 2005 epistolas,
725 1941 765 1985 ex
787 1921 899 2000 paucis
915 1920 955 1982 de
976 1939 1014 1984 eo
1033 1922 1064 1982 iu
1079 1919 1221 1984 Historia

129 2019 344 2089 Ecclesiastiea
366 2025 501 2101 notetis,
528 2027 658 2088 eruitur
687 2023 914 2087 adamantium
935 2021 1070 2088 Romam
1100 2021 1222 2085 venisse

128 2121 289 2204 zephirino
304 2125 480 2190 Romanam
496 2125 672 2190 Ecclesiam
688 2125 884 2205 gubernante
895 2124 980 2188 ciros
995 2141 1046 2184 au.
1062 2119 1133 2189 ale.
1150 2137 1224 2186 cum

129 2225 180 2290 sibi
199 2230 227 2292 in
249 2231 335 2294 rotis
357 2230 479 2306 luisset,
503 2229 605 2292 veluti
626 2227 744 2291 alicubi
766 2226 854 2302 dicit,
875 2245 942 2290 mm
963 2223 1135 2289 Ecclesium
1158 2242 1222 2287 crn-

127 2323 208 2391 siom
226 2328 491 2409 antiquissimum
510 2348 616 2394 eornm
636 2326 751 2390 cidere.
768 2324 827 2391 Ubi
842 2345 905 2392 uon
918 2326 974 2390 diu
990 2333 1221 2399 commoratus,

128 2425 352 2494 Alexandriam
376 2432 574 2508 revertitur,
595 2436 693 2510 atque
714 2429 757 2492 ibi
778 2438 968 2492 consuetum
990 2426 1124 2490 docendi
1154 2444 1223 2489 mu·

130 2547 194 2608 uus,
215 2536 303 2597 omui
324 2534 433 2598 studio
453 2540 485 2596 et
507 2533 661 2597 industrio
683 2532 874 2611 exequitur3
894 2530 989 2610 idque
1011 2526 1175 2592 Demetrio
1190 2528 1227 2592 il-

129 2630 185 2696 llns
204 2637 361 2698 ecelesiae
381 2635 531 2716 episcopo
546 2635 642 2698 etiam
659 2642 726 2696 tum
742 2650 817 2696 eum
831 2632 1004 2695 admodum
1021 2631 1227 2704 adbortaute,

129 2740 157 2795 et
167 2737 313 2814 precibus
328 2755 427 2816 prope
442 2733 644 2814 elagitaotm
656 2741 692 2798 ut
706 2733 859 2798 iratribus
871 2752 934 2796 nou
949 2741 1141 2814 graveretur
1157 2749 1225 2795 esse

130 2835 317 2917 adjumento.
338 2837 379 2901 Et
392 2839 435 2902 ita
452 2837 609 2902 Eusebius
624 2837 655 2900 lu
670 2835 768 2902 Libro
784 2834 837 2899 vt.
853 2854 899 2900 cc.
916 2833 989 2900 xll.
1003 2832 1092 2898 Xlll.
1106 2831 1227 2896 Deinde

131 2950 253 3005 vocatus
275 2960 294 3004 a
316 2941 398 3005 duce
420 2941 570 3015 brebiae,
588 2947 625 3003 ut
638 2958 713 3004 euru
734 2941 766 3002 in
787 2939 886 3002 sessis
906 2935 1035 3002 Litteris
1057 2935 1224 2999 erudirels

129 3042 217 3120 paulo
238 3053 310 3124 post
332 3043 515 3124 regreditur
537 3042 776 3106 Alexandriam.
792 3039 914 3104 Verum
932 3057 991 3120 per
1007 3039 1168 3103 civilatem
1184 3038 1227 3100 ci·

130 3144 178 3206 rili
197 3154 227 3208 et
247 3147 437 3226 gravissimo
458 3146 545 3210 bello
564 3148 716 3221 excitato,
736 3141 946 3207 Palaestinam
968 3141 1066 3224 petiit.

199 3245 233 3309 lu
255 3265 320 3328 qua
345 3256 508 3310 moratum
529 3248 573 3310 ita
598 3253 817 3327 repraesentat
836 3242 1038 3308 ilistoricus:
1060 3239 1151 3318 «lbi,
1167 3241 1223 3316 ait,

129 3342 297 3411 Caesareae
317 3348 432 3411 ludum
457 3349 573 3429 aperit,
594 3348 670 3410 licet
684 3346 824 3418 noudum
840 3347 1031 3428 presbyterii
1047 3344 1150 3424 gradu
1167 3361 1223 3424 po·

129 3439 209 3518 litus,
230 3450 264 3506 et
285 3443 325 3504 ab
345 3444 512 3522 episcopis,
534 3443 591 3523 qui
612 3443 655 3506 ibi
676 3449 768 3505 eraut
789 3459 850 3503 nou
872 3440 911 3503 ad
933 3439 1159 3520 disputandum
1172 3454 1222 3500 sc-

129 3537 202 3617 lum,
223 3542 279 3606 sed
300 3541 339 3603 ad
360 3543 542 3624 Scripturas
559 3543 653 3606 etiam
670 3540 869 3621 aperiendas,
886 3556 1078 3620 magnopere
1091 3541 1123 3602 io
1138 3553 1226 3599 oom-

130 3645 208 3708 moni
228 3643 384 3707 ecclesiae
405 3661 555 3707 consessu
581 3649 711 3720 rogatus
741 3650 798 3706 est.
822 3639 917 3718 Quod
949 3640 1077 3721 quidem
1108 3638 1226 3719 poterit

128 3761 189 3808 csse
203 3747 407 3826 perspicuum
423 3764 464 3808 ex
481 3747 529 3809 bis
543 3763 626 3826 quae
642 3744 829 3809 Alexander
843 3741 1144 3823 Hierosolymorum
1158 3740 1225 3820 epi·

131 3862 236 3926 scopus
257 3855 290 3910 et
310 3845 512 3912 Tbeootistus
533 3849 700 3928 episcopus
721 3846 897 3912 Caesareos
917 3845 956 3906 ad
980 3842 1177 3907 Demetrium
1193 3843 1225 3905 iu

131 3943 268 4029 Drigeu'p
288 3948 471 4012 ostensione
484 3951 529 4012 sic
544 3949 612 4012 iere
628 3948 870 4029 respondebant.
890 3943 982 4024 Quod
997 3954 1100 4010 cutem
1119 3945 1154 4009 in
1175 3942 1227 4007 lit-

130 4047 194 4109 teris
213 4046 413 4129 adprensis,
436 4066 599 4132 nunquam
618 4057 710 4114 entes
730 4047 888 4122 auditum,
900 4065 998 4126 neque
1006 4047 1077 4128 jem
1090 4061 1227 4123 usurpe-

130 4153 200 4221 tem,
210 4160 244 4214 ut
259 4147 350 4226 laici,
358 4149 575 4229 praesentibus
588 4146 751 4231 episeopis,
764 4148 974 4230 disputarent,
985 4144 1227 4226 scripturasque

129 4261 326 4332 seponerem
347 4251 384 4316 in
403 4271 436 4317 eo
456 4251 533 4318 mibi
551 4253 652 4318 nescio
669 4253 820 4335 quomodo
835 4249 953 4316 uideris
963 4245 1126 4330 perspicae
1142 4247 1227 4328 [oisc
