2994 4938
309 339 513 524 dne'liudiao,
535 447 661 528 iuquit:
685 450 716 513 ri
732 449 888 535 interpres
907 449 1053 538 liemare
1078 461 1202 518 maa
1230 459 1404 528 samm

307 542 338 606 ai
355 563 543 612 omarum
558 561 695 630 praestet
713 561 776 618 etc.
791 573 834 619 ex
853 557 972 636 quibus
992 556 1211 622 locutionibus
1230 555 1407 621 excluditur

307 648 455 714 absoluta
477 649 596 714 liuhini
618 653 779 720 damuatio
798 675 840 722 ex
861 666 954 739 parta
967 657 1136 721 Anastasii.

385 749 527 832 Pariter,
539 753 581 816 ab
600 754 712 820 endem
728 757 863 838 epistula
882 759 1024 834 eruitur,
1048 757 1235 822 Pontificem
1262 775 1318 822 nec
1338 755 1408 820 0ri·

308 869 422 934 genens
442 853 609 920 tammus
623 873 684 921 uec
700 864 817 922 cuneta
830 859 1117 940 emmemsertpu,
1138 859 1194 922 sed
1217 866 1335 922 tantun
1353 855 1410 922 Pr·

305 951 457 1019 rierciaa
477 954 578 1021 libros
599 956 677 1024 olim
699 975 758 1040 per
776 959 949 1041 quemdam
973 961 1136 1024 calamum
1156 959 1289 1024 inlidunt
1312 974 1329 1022 a
1349 975 1409 1023 sau

306 1055 455 1135 ammonit
477 1055 647 1123 dictamine
667 1068 863 1142 corruptas,
885 1060 1035 1141 pluribus
1056 1060 1129 1124 ideo
1148 1067 1306 1126 scatentes
1323 1076 1409 1123 erro·

308 1154 399 1218 ribos
415 1163 447 1221 et
468 1157 695 1239 impietatibus.
710 1157 775 1237 Qni
796 1160 896 1224 iatine
916 1162 1014 1237 rarsi,
1034 1178 1075 1225 ac
1093 1159 1231 1225 Romam
1253 1161 1347 1236 mind,
1363 1163 1410 1224 iu·

304 1262 410 1320 stante
424 1273 523 1338 qnam
537 1261 678 1325 maxima
692 1260 903 1344 Hieronymo,
918 1262 1019 1326 oblati
1032 1271 1108 1328 sunt
1119 1262 1288 1326 Anastasio
1299 1261 1408 1342 Papae:

265 1371 271 1382 ·
305 1375 466 1440 quosque,
482 1369 520 1424 ut
533 1378 594 1440 par
613 1372 697 1440 crat,
721 1364 843 1428 intento
862 1364 1037 1439 smndalo,
1060 1362 1149 1443 quot
1169 1363 1209 1425 de
1229 1363 1279 1426 bis
1298 1361 1411 1426 errori-

305 1457 366 1525 bus
386 1463 509 1526 exoriri
525 1465 693 1542 potuisset,
713 1465 944 1546 sapientissime
958 1465 1158 1544 reprobarit,
1175 1463 1408 1543 damnavitquc.

388 1555 483 1638 item,
504 1561 592 1643 qnod
613 1562 787 1628 admodum
808 1573 918 1629 nostra
938 1564 1053 1640 reiert,
1074 1582 1116 1627 ex
1137 1561 1300 1627 Pontidch
1326 1561 1413 1626 icca-

216 1679 219 1686 ·
308 1660 395 1724 tione
418 1659 570 1738 iniertnr,
597 1665 755 1728 neminem
776 1654 1166 1740 anauahentemo
1194 1663 1335 1728 ecmelis
1352 1659 1413 1725 οο-

309 1759 441 1826 ridentis
463 1762 599 1843 reperiri
620 1763 842 1846 hoereticum,
860 1785 919 1832 nee
939 1767 1040 1832 ullius
1061 1765 1134 1829 ideo
1154 1782 1323 1845 personant
1336 1781 1413 1828 nnn·

305 1877 441 1942 cupasse
457 1859 589 1942 Papam,
605 1865 662 1944 qui
678 1865 758 1931 tales
778 1882 908 1932 errores
924 1867 974 1936 rel
996 1866 1161 1948 probaret,
1177 1864 1231 1928 rel
1251 1863 1413 1944 proetere-

304 1968 370 2024 tur.
392 1959 475 2028 Cum
498 1965 582 2026 eninn
607 1982 638 2027 n.
660 1965 692 2032 3.
713 1965 800 2032 dicut
824 1967 939 2030 barum
963 1965 1157 2047 impietatum
1184 1973 1340 2029 auctorem
1361 1982 1412 2026 co·

304 2061 402 2126 trisse
421 2061 589 2128 dissolvere
608 2065 953 2146 fidam-apostoticam
976 2083 1015 2130 ac
1034 2065 1174 2144 amplius
1192 2063 1311 2127 subdat
1329 2080 1360 2126 n.
1379 2059 1411 2129 5·

304 2181 336 2226 se
349 2161 610 2248 amitarumque
620 2169 774 2252 profanae
786 2164 1054 2248 imputationis
1066 2164 1155 2247 oripo
1167 2162 1430 2246 subreptum

304 2263 428 2330 deamat
447 2275 572 2346 martra,
586 2266 730 2333 immista
747 2266 895 2349 calipius,
916 2266 1103 2347 misfactum
1121 2273 1261 2341 macter,
1280 2265 1368 2328 ciere
1379 2281 1414 2328 o-

303 2359 422 2430 stendit
443 2368 569 2432 nntium
591 2388 631 2434 eo
652 2387 756 2451 nsque
775 2368 817 2432 ab
836 2368 899 2432 hac
919 2368 1065 2432 versione
1093 2367 1228 2431 illusum
1249 2366 1281 2428 in
1303 2366 1412 2428 haere·

304 2465 511 2548 sim1spsutn
534 2468 644 2548 inisse,
666 2471 814 2550 quemvis
841 2468 983 2532 animum
1004 2465 1166 2530 Pontidcis
1195 2466 1357 2547 ingereret
1377 2465 1414 2528 ti·

305 2583 389 2643 mor,
405 2569 467 2633 hoc
489 2570 559 2635 lieri
581 2589 684 2653 posse.
707 2569 750 2636 Et
772 2571 845 2635 hinc
866 2569 1019 2633 illuditur
1032 2567 1251 2652 Hieronymus
1270 2565 1413 2630 scribens

304 2668 342 2732 ad
365 2667 595 2751 Theophilum,
611 2680 709 2736 totam
722 2667 853 2736 Italiam
872 2669 1036 2734 liberatam
1056 2667 1093 2732 ub
1112 2665 1243 2743 inermi,
1266 2685 1342 2730 cuna
1363 2685 1416 2730 ac·

306 2786 359 2832 mo
380 2769 411 2832 in
434 2768 526 2834 italia
550 2779 773 2852 praesumptos
794 2771 943 2851 origenis
974 2785 1102 2833 errores
1123 2766 1347 2850 profiteretur,
1371 2765 1415 2829 vi·

303 2869 421 2934 delicet
440 2887 500 2935 uec
517 2869 665 2937 llnffinus
686 2889 745 2936 nee
765 2872 864 2937 ceteri
884 2871 916 2934 in
929 2867 1111 2934 Occidentis
1132 2868 1262 2948 regione
1277 2883 1356 2930 cum
1376 2883 1415 2932 aa

305 2969 409 3049 probe
431 2971 603 3048 sentientes
629 2970 668 3036 de
689 2970 874 3036 orthodoxa
902 2970 1001 3051 ipsius
1022 2969 1170 3049 Origenis
1190 2967 1335 3032 doctriua
1363 2965 1415 3030 ad·

305 3087 419 3134 sertus
451 3072 592 3136 aliorum
621 3072 883 3137 insimulationes.
904 3069 974 3137 Nee
996 3071 1101 3135 tunito
1123 3071 1241 3146 minus,
1263 3075 1299 3132 nt
1317 3074 1418 3148 putat

304 3189 330 3234 s.
347 3169 481 3248 Denter,
500 3171 577 3236 dicit
590 3171 788 3250 Anastasius,
803 3191 824 3236 a
841 3170 993 3252 praefatis
1012 3169 1091 3234 ciris
1109 3168 1235 3252 defrui
1252 3168 1417 3234 mentm.

306 3267 396 3334 ilaec
426 3277 537 3336 autem
558 3288 576 3335 a
598 3273 681 3336 coita
703 3272 920 3336 bethlemitica
948 3270 1109 3336 scrihebat
1128 3287 1155 3332 a.
1185 3267 1416 3353 Hieronymus,

308 3371 451 3436 malitiae
465 3371 595 3452 ignarus
608 3369 791 3455 Theophili,
801 3373 860 3454 qui
874 3391 949 3437 eum
964 3389 1074 3436 secum
1087 3371 1125 3434 ad
1142 3371 1224 3434 hanc
1234 3369 1418 3450 opinionem

307 3470 454 3536 traduxit
483 3479 595 3536 contra
615 3471 788 3554 Origeucns
800 3493 812 3553 3
844 3491 883 3536 ae
904 3471 1016 3534 deinde
1038 3471 1079 3534 ab
1105 3471 1214 3534 amicis
1234 3468 1419 3534 Occidentis

305 3569 424 3636 illusus
445 3571 496 3651 (in
511 3572 630 3651 quibus
651 3571 830 3651 Eusebius)
848 3573 905 3653 qui
927 3573 1007 3636 laisa
1028 3572 1056 3636 ei
1074 3572 1255 3635 indicarunt
1274 3567 1312 3632 dc
1334 3585 1420 3634 vern

304 3673 501 3753 quaestionis
521 3679 610 3737 statu
630 3674 660 3734 in
682 3675 812 3755 regione
833 3672 946 3737 ltaliae
967 3682 1001 3737 et
1021 3671 1211 3752 praesertim
1235 3667 1374 3734 Romae.

350 3787 352 3792 ·
386 3767 525 3836 lienium
545 3771 587 3836 ab
608 3772 656 3836 his
671 3771 857 3848 deducitur,
879 3791 943 3836 non
962 3773 1069 3836 solum
1085 3787 1142 3834 uec
1163 3768 1285 3833 Romae
1304 3787 1372 3835 nec
1392 3771 1420 3834 iu

306 3870 489 3938 Occidentis
510 3873 641 3953 melone
667 3875 814 3953 reperiri,
836 3873 893 3953 qui
913 3870 1062 3953 Origenis
1083 3877 1304 3952 praesumptos
1323 3887 1420 3935 erro·

304 3991 359 4038 res
374 3969 602 4054 profiteretur,
616 3971 673 4036 sed
694 3989 799 4053 neque
814 3982 888 4036 ante
903 3973 985 4036 hanc
1000 3980 1138 4036 aetatem
1153 3971 1184 4032 in
1198 3969 1341 4034 ecclesiis
1358 3971 1420 4036 Oc·

304 4073 452 4154 eidentls,
470 4091 529 4141 nec
543 4074 575 4139 iu
588 4071 700 4139 hirica
713 4073 807 4138 sicuti
823 4089 922 4154 snpra
935 4074 1058 4140 dictum
1072 4079 1133 4149 est,
1149 4069 1251 4135 ullam
1265 4069 1420 4146 insaluta-

304 4193 339 4240 ro
369 4176 514 4242 notitiam
542 4175 699 4246 autemus
726 4173 825 4256 ipsius
852 4173 947 4242 idem
975 4169 1331 4256 etscrtpte.1deoqua
1359 4171 1418 4239 nisi
