3048 4946
1107 335 1168 405 itti

75 440 157 524 piane
167 438 302 518 siluisse,
321 457 379 506 nec
394 439 531 506 verbum
543 439 673 522 quidem
689 437 730 505 de
745 459 783 507 en
799 441 1011 526 respondisse.
1028 439 1167 506 Tantum

73 545 102 605 in
125 543 172 607 sni
197 541 413 608 defensionem
435 549 469 608 et
497 541 537 607 de
557 560 616 608 sne
646 543 843 609 orthodoxia
868 545 1035 627 disputans
1056 543 1089 606 in
1111 541 1170 606 bo·

73 652 129 708 stes
146 661 219 708 suos
242 645 459 709 testimoninm
478 651 582 710 vocat*
593 643 790 710 ciericnrnm
805 645 1046 711 edessenorum.
1062 643 1109 708 ita
1132 649 1171 707 ut

72 745 258 823 riderentur,
283 747 411 812 minime
432 747 464 811 iu
484 765 525 812 eo
545 747 722 812 certamine
742 750 860 812 citatae
882 747 981 811 inisse
1002 763 1169 828 praesum·

72 854 139 926 ptae
159 847 232 910 ibae
253 848 292 911 ati
314 847 434 914 hiarino
454 845 618 913 Litterae:
640 847 696 914 sed
717 854 791 931 post
810 848 975 934 Synodom
997 847 1169 913 chalcedo·

69 967 190 1012 oensem
204 948 293 1014 dctis
314 951 404 1015 illins
425 951 564 1018 insertae
579 967 599 1015 a
614 949 772 1032 quopiam
786 947 950 1016 Theodori
971 956 1171 1032 mopsueste-

71 1053 100 1114 ni
119 1057 263 1130 patrono.

141 1149 335 1228 Novissime,
351 1153 474 1217 cunctis
486 1152 584 1218 simui
599 1153 745 1218 coiiectis
757 1152 1093 1218 animadversionibus
1108 1153 1171 1218 cir·

69 1269 103 1316 ce
121 1253 203 1318 hano
224 1253 417 1335 Epistulam,
433 1272 530 1336 qnam
559 1255 739 1320 adversarii
766 1262 924 1334 putarunt
945 1253 1044 1318 inisse
1061 1252 1175 1317 ortho-

68 1353 181 1418 doxam
210 1355 411 1420 declaratam
433 1357 464 1420 in
494 1353 624 1442 Synodo
644 1355 904 1432 chalcedonensi,
926 1357 1118 1436 praesertim
1140 1353 1173 1417 iu

66 1454 256 1534 specialibus
271 1455 405 1521 Petrum
428 1457 733 1538 subscriptionibus,
751 1457 883 1522 vitetur
895 1454 1173 1530 concludendum,

65 1553 147 1619 hand
163 1557 263 1622 talem
280 1555 456 1637 Epistoiam
472 1558 597 1636 haberi,
613 1577 711 1640 quam
725 1565 985 1641 praetexuerant
999 1557 1103 1621 trium
1117 1553 1177 1622 Gn·

64 1655 246 1734 pitniornm
268 1656 454 1723 defensores
474 1660 516 1722 ab
537 1661 608 1742 ipso
629 1658 683 1723 iba
704 1659 859 1740 scriptam
880 1657 921 1722 ad
942 1656 1077 1735 iterim,
1100 1656 1177 1720 hae·

61 1756 122 1819 resi
150 1757 318 1824 iniectam.
340 1757 401 1824 Sed
424 1777 537 1841 reapse
556 1767 589 1824 et
606 1759 684 1842 jure
703 1758 766 1824 soh
788 1757 945 1840 epistotae
972 1757 1101 1822 nomina
1122 1773 1179 1822 ao·

63 1856 206 1936 cipieuda
219 1867 270 1924 eat
282 1861 428 1942 ejusdem
441 1861 516 1926 ibae
529 1861 710 1938 excusatio,
725 1860 795 1925 siro
809 1857 952 1924 defensio
966 1861 1088 1940 scripto
1100 1875 1178 1923 exa·

62 1967 125 2034 cta,
142 1959 299 2026 Patribus
315 1963 346 2028 in
360 1962 489 2049 syuodo
504 1961 670 2028 offerenda
693 1969 726 2027 et
740 1962 782 2026 ab
803 1949 990 2045 ipsis'petita
1005 1982 1013 2026 ε
1031 1977 1177 2042 quacum

60 2057 115 2125 iba
143 2064 321 2145 episeopus
345 2065 512 2146 protessus
536 2073 585 2130 est
605 2069 718 2131 contra
741 2083 818 2128 snos
842 2070 1062 2142 accusatores,
1088 2081 1124 2129 se
1144 2061 1182 2127 b·

60 2162 132 2229 dem
149 2174 266 2231 tenere
282 2167 513 2244 orthodoxam,
530 2165 733 2246 Nestorium,
746 2165 917 2248 Eutychen
933 2174 967 2230 ei
979 2183 1091 2232 omnes
1106 2166 1182 2231 hae·

58 2283 147 2334 reses
170 2269 462 2334 anathematizans.
483 2269 556 2348 Qua
577 2289 654 2334 sana
675 2270 876 2352 proiessione
894 2269 965 2336 sire
988 2267 1178 2350 cuprnpbos,

58 2369 128 2435 site
148 2365 215 2451 p'er
239 2374 487 2452 praesumetis
517 2391 577 2454 per
598 2383 792 2453 prnmmntn,
817 2379 876 2436 ant
904 2390 964 2452 per
983 2371 1181 2452 scriptorum

55 2469 192 2552 seipas
213 2469 353 2551 litteras,
374 2493 433 2538 sen
455 2491 514 2554 per
534 2473 688 2550 titatium,
703 2480 762 2538 ant
782 2491 841 2555 per
861 2470 1035 2553 epistolum,
1055 2478 1184 2538 utcum-

56 2589 122 2651 que
147 2573 237 2638 veiis
260 2575 352 2652 (cum
374 2592 413 2637 ea
428 2573 588 2638 voeabula
611 2573 723 2637 eadem
744 2572 977 2655 significatione
997 2573 1183 2653 promiscue

53 2671 208 2738 adbibita
231 2674 296 2737 sint
316 2675 348 2737 in
364 2675 453 2739 botis
473 2674 693 2760 synodalibus)
707 2693 772 2758 que
793 2692 882 2752 saue,
905 2673 990 2753 dico,
1007 2673 1183 2756 proiessio-

55 2791 97 2836 ne
120 2775 166 2837 ab
192 2773 252 2837 iba
275 2776 401 2854 emissa,
424 2785 456 2841 et
477 2795 494 2840 a
513 2771 663 2840 Patribus
683 2782 831 2858 accepta,
844 2786 877 2841 at
898 2773 1083 2840 orthodoxa
1104 2792 1181 2857 prn-

52 2873 145 2952 bata,
179 2875 260 2939 ibas
280 2874 465 2942 declaratus
496 2883 546 2942 est
564 2877 716 2942 innoxius
737 2887 770 2942 et
790 2879 980 2960 episcopato
1010 2875 1137 2957 dignus,
1164 2891 1184 2937 a

53 2992 125 3057 qoo
147 2978 317 3058 expuisna
338 2987 420 3043 erat.
