3186 4946
576 487 716 557 CAPUT
751 487 776 554 Ι.
1222 380 1240 450 ¹

121 695 300 776 Omritw
318 691 425 776 quotie
446 691 596 776 Oriperrr'r
615 693 777 760 doctrinar
796 693 936 758 conditio
955 693 993 760 iu
1011 693 1147 759 reeterir'r
1166 713 1236 760 eum

146 799 262 864 odire
281 798 320 864 ire
339 797 423 864 uiris
441 799 575 882 drpmt,
595 797 734 864 morire
752 795 897 864 uirorum
915 797 1238 879 exponamque

158 900 268 966 induit
288 900 488 984 deriputor,
512 911 541 966 et
566 919 703 984 puerum
727 909 844 966 menies
867 900 1007 966 meluit
1031 899 1069 966 ἐκ
1093 901 1235 982 dopreute

159 1000 347 1068 edrr'rtiono.

122 1247 340 1389 Priusquam
362 1307 636 1374 vehementiorime
652 1309 842 1392 proferetur
862 1306 896 1372 iu
909 1305 1051 1374 medium
1070 1306 1232 1372 eontentio

121 1411 161 1476 de
175 1411 314 1492 Origene
338 1410 423 1476 inter
445 1409 610 1476 Ecclesiae
635 1410 760 1489 Petrei,
786 1410 949 1476 desinente
973 1408 1085 1476 reeulo
1099 1405 1155 1472 tv.
1178 1407 1235 1472 ud·

121 1513 253 1577 modum
275 1515 441 1593 propoeiio
462 1520 574 1578 noetro
596 1511 741 1594 proderit
765 1511 979 1593 pereoruturi,
993 1509 1082 1592 quod
1102 1510 1234 1576 unirer·

116 1613 179 1678 rim
200 1613 242 1676 uir
263 1614 362 1693 ipeiue
383 1610 530 1694 Origenie
552 1631 633 1678 uero
654 1631 758 1696 ueque
780 1611 823 1677 ed
841 1612 1027 1693 preeiutum
1048 1620 1175 1692 tempue
1190 1609 1231 1678 de

115 1733 158 1780 eo
179 1713 342 1779 creditum
357 1723 426 1778 este
442 1719 480 1780 ut
494 1713 566 1778 inde
581 1715 755 1780 collatione
768 1733 845 1780 oum
862 1714 1009 1795 requenti
1022 1719 1127 1778 eetete
1141 1712 1231 1790 initu,

109 1815 279 1900 judicium
299 1824 425 1881 reetum
452 1815 575 1880 udrtrui
598 1817 710 1897 poerit,
733 1834 810 1880 uum
826 1811 1026 1895 Theophilus
1049 1813 1232 1878 elexundri·

111 1937 188 1996 nur,
205 1928 298 1982 auter
319 1919 467 1999 Origeuie
489 1919 610 1997 fautor,
626 1919 740 1984 deinde
754 1936 870 1983 eorum
886 1918 1046 1999 princepe,
1061 1918 1120 1997 qui
1133 1915 1164 1980 ei
1181 1933 1231 1980 re·

110 2023 280 2097 stiterunt,
302 2023 335 2084 iu
354 2023 490 2099 eunetis,
513 2039 597 2104 quoe
617 2022 774 2088 edrereue
798 2039 874 2086 eum
895 2036 954 2102 per
973 2037 1008 2082 ee
1029 2024 1062 2081 et
1075 2016 1231 2099 perulioe

113 2121 270 2203 putrurit,
290 2122 369 2204 jore
389 2131 422 2188 et
433 2123 529 2205 juxte
544 2122 708 2188 Eeoieeiee
723 2139 860 2187 oenones
880 2120 936 2184 rel
948 2119 1162 2199 mendererit,
1178 2117 1230 2184 rel

115 2221 340 2304 compleverit.

196 2325 247 2390 Ao
266 2326 395 2390 iuterim
409 2328 550 2407 noeeptie
571 2336 605 2390 et
626 2327 783 2408 probetis,
798 2325 895 2390 riooti
910 2325 1080 2405 hueusque
1093 2322 1231 2388 ostendi·

115 2443 200 2503 mur,
223 2445 388 2507 uunquam
411 2427 487 2492 tulin
508 2431 643 2494 eeueieee
662 2427 836 2509 origenem
857 2425 1024 2492 deotrinee
1047 2424 1229 2490 oethoiioue

116 2527 301 2605 udrereute,
323 2531 466 2609 exeeptis
486 2530 648 2595 nonnuliis
669 2549 733 2594 noo
752 2531 830 2595 rutis
852 2537 929 2594 tuno
949 2529 982 2592 iu
1006 2525 1152 2592 Eeeleeie
1173 2544 1229 2590 ex·

117 2629 222 2706 peueie
242 2646 281 2692 ne
301 2628 457 2710 dednitie3
481 2647 523 2694 ex
545 2631 994 2707 virorumdoineuuetorum,
1013 2630 1161 2711 quicum
1174 2645 1227 2704 eo,

118 2728 171 2792 rei
191 2738 263 2809 poet
283 2730 407 2796 obitum
429 2749 526 2796 enum
546 2751 651 2813 ueque
671 2731 712 2796 ed
733 2731 827 2797 duem
849 2732 953 2797 eeouii
975 2730 1030 2795 tv.
1056 2732 1155 2794 ritum
1174 2729 1229 2794 de-

124 2839 249 2907 gerunt,
266 2832 298 2893 iu
311 2831 442 2895 eeieutie
456 2831 513 2896 Dei
527 2841 560 2898 et
575 2834 736 2913 probitute
751 2831 967 2914 proficientes,
982 2851 1025 2895 ex
1036 2833 1167 2909 horum,
1182 2831 1228 2894 in·

120 2945 228 3008 quum,
251 2933 434 2996 testimonio
454 2933 688 3015 empliusimihi
707 2933 836 2998 ridetur
850 2933 1027 3016 quidquem
1042 2931 1229 2998 udminiouli

117 3031 309 3109 eruendum,
332 3051 398 3114 quo
414 3036 572 3112 probetur
585 3037 655 3100 deri
670 3055 733 3100 uou
748 3055 853 3118 poete,
869 3045 907 3101 ut
921 3038 988 3119 ipse
1004 3043 1115 3100 contre
1131 3033 1226 3100 iidem

114 3135 324 3214 upuetoiiouur
339 3145 371 3200 et
385 3136 549 3202 Eoeleeiee
567 3139 768 3204 traditionem
782 3139 919 3216 steterit,
935 3141 967 3202 iu
981 3140 1019 3204 iie
1035 3137 1225 3221 prueeertim

113 3233 329 3314 adstruendo,
344 3256 429 3320 quoe
449 3239 597 3321 dogmate
619 3241 807 3322 principalie
828 3241 1008 3306 leedebnut.
1026 3238 1097 3304 fleo
1117 3238 1227 3303 eride

113 3335 278 3402 diviuitete
299 3336 417 3404 Christi
438 3339 530 3417 deun,
553 3340 592 3404 de
614 3360 792 3421 poenorum
818 3343 955 3408 termino
976 3341 1062 3423 epud
1091 3340 1223 3416 interut,

114 3435 150 3500 de
169 3437 314 3502 eeouude
335 3440 576 3522 redemptione,
608 3443 648 3508 de
669 3444 862 3510 doemonum
893 3444 1019 3521 relute,
1042 3442 1081 3508 de
1101 3450 1225 3506 meterr-

109 3537 274 3617 piorem,
297 3539 335 3604 de
356 3544 548 3622 corporibus
567 3547 718 3610 eetireriir
738 3547 805 3610 uiro
827 3545 1066 3610 orbiculuribuu
1088 3541 1224 3606 reeueoi-
1364 3601 1369 3612 .

116 3641 231 3716 tundis,
254 3638 294 3704 de
314 3639 383 3706 Deo
395 3661 566 3725 corporeo,
583 3644 622 3710 de
635 3647 802 3712 unimubue
816 3665 834 3710 u
849 3647 942 3712 eoelo
957 3645 1100 3726 detentis,
1116 3644 1155 3708 de
1168 3660 1224 3706 eu·

113 3739 191 3818 pelio
213 3743 246 3806 iu
268 3743 354 3807 riroe
375 3745 536 3812 mutendie
558 3753 590 3810 et
612 3749 763 3825 vieieeim,
785 3749 862 3811 item
881 3749 923 3812 de
947 3744 1168 3820 doemonibus,
1190 3750 1224 3808 et

113 3839 153 3904 de
171 3841 245 3906 aliie
267 3843 365 3925 hujus
387 3847 509 3925 generis
531 3847 690 3924 ebeurdir.

191 3939 344 4008 Proiecto
358 3947 535 4026 gravierimi
549 3951 700 4015 momenti
717 3951 863 4031 queeetio
883 3957 944 4029 eei;
960 3949 992 4012 iu
1009 3963 1087 4029 que,
1100 3948 1127 4012 ei
1140 3964 1221 4027 quu-

111 4039 284 4108 dummodu
308 4048 481 4112 terminum
509 4059 658 4128 optutum
687 4053 869 4134 pertingere
894 4052 1103 4144 deuoueret,
1127 4047 1220 4113 rulde

111 4141 358 4222 profecerimus.
381 4146 562 4226 Quaeritur
582 4171 743 4235 numque,
765 4173 842 4220 num
865 4161 952 4218 tenta
979 4150 1163 4218 discrimine
1187 4157 1221 4214 et

112 4241 380 4414 oflmdii'uia’liiri
394 4251 513 4332 quitur
535 4261 611 4320 tune
631 4254 703 4323 ideo
717 4273 756 4322 oe
768 4255 883 4322 deiude
896 4261 1032 4336 propter
1046 4252 1218 4424 (iuuenem

256 4363 275 4406 0
290 4396 296 4408 .
377 4397 384 4411 .
