3186 4946
368 389 410 460 52

363 499 424 560 sim
445 515 503 560 as.
530 494 688 583 biartyru
706 495 848 563 Eusebio
870 497 1042 580 adscripsit
1057 497 1318 580 Apologetieum,
1335 500 1392 562 has
1407 515 1477 580 pro·

367 595 472 660 terens
507 598 648 662 rationes
685 599 715 660 in
735 598 834 662 Libro
856 598 881 662 1.
904 618 934 663 n.
955 597 1120 665 PraNon
1155 619 1230 664 reor
1252 607 1282 664 te
1314 603 1475 681 ignorasse

365 694 498 761 Eusebii
530 697 726 779 Syotagma,
749 707 782 762 et
804 699 1009 781 Pamphilum
1042 709 1220 786 martyrem
1242 701 1322 764 nihil
1348 702 1475 763 omnino

365 798 473 878 operis
494 799 681 863 condidisse.
705 797 777 880 lpse
797 801 881 863 enim
903 799 1064 866 Eusebius
1085 807 1231 876 amator,
1254 810 1287 864 et
1307 819 1425 881 praeco
1445 809 1476 862 et

362 896 602 962 contubernalis
624 899 805 980 Pamphili,
843 907 908 963 tres
928 901 1030 963 libros
1050 903 1181 980 scripsit
1211 901 1474 981 elegantissimos,

365 998 462 1061 vitam
486 997 645 1079 Pamphili
678 1001 885 1064 continentes.
910 999 1107 1080 inquibus,
1130 1011 1363 1082 quumcetora
1391 1001 1475 1062 miris

361 1097 512 1162 laudibus
534 1100 749 1179 praedicaret,
773 1100 1056 1181 humilitatemque
1070 1102 1142 1183 ejus
1164 1102 1266 1165 terret
1282 1104 1312 1164 iu
1335 1101 1474 1172 eoelum,

362 1200 459 1262 etiam
481 1201 542 1264 boe
564 1201 595 1263 io
618 1203 714 1264 tertio
735 1201 835 1265 Libro
856 1201 998 1266 addidit:
1021 1199 1101 1277 Quis
1122 1202 1336 1266 studiosorum
1356 1198 1475 1264 amicus
1554 1205 1555 1286 l

363 1319 426 1364 uass
446 1300 511 1380 suit
537 1300 726 1382 Pamphili?
747 1298 861 1382 Siquos
881 1301 1004 1366 videdat
1023 1304 1067 1366 ad
1086 1302 1204 1368 vietum
1225 1301 1411 1367 accessoriis
1428 1299 1475 1365 ia·
1554 1387 1555 1390 Ἴ

361 1403 485 1483 stipere,
502 1402 665 1482 praebebat
685 1403 779 1484 larpa
799 1423 879 1484 puae
894 1413 1030 1484 poterat.
1049 1402 1234 1486 Scripturas
1256 1422 1382 1484 quaque
1402 1423 1473 1467 sau·
1553 1393 1555 1420 ⁴

362 1514 428 1566 ctas
443 1521 508 1566 aaa
521 1504 564 1566 ad
577 1503 743 1582 tepeadum
757 1511 896 1578 tautum,
905 1506 960 1566 seat
973 1505 1016 1567 ad
1027 1502 1202 1568 habendum
1212 1503 1364 1568 tribuebat
1372 1522 1475 1584 prese

359 1601 492 1668 tissime:
508 1621 563 1666 aee
582 1606 685 1668 sotum
699 1603 794 1680 uiris,
809 1606 862 1668 sed
876 1615 904 1670 et
918 1604 1075 1686 foeminis,
1091 1626 1172 1688 quas
1198 1604 1330 1668 uidisset
1350 1605 1475 1668 teetioai
1554 1641 1555 1688 y

360 1703 493 1768 deditas.
518 1701 604 1766 liade
618 1713 646 1766 et
658 1706 776 1769 multos
796 1705 914 1770 caelicas
930 1707 1160 1788 praeparabat,
1179 1717 1216 1770 ut
1229 1725 1326 1786 quum
1347 1707 1474 1770 necessi·
1554 1701 1555 1762 Ϊ

359 1817 408 1870 tas
424 1805 631 1885 poposcisset,
651 1807 823 1870 ualentibus
845 1805 1027 1888 iurpiretur.
1058 1807 1101 1872 Et
1121 1807 1186 1889 ipse
1205 1807 1329 1889 quidem
1346 1805 1475 1888 proprii

360 1906 462 1987 aperis
478 1905 560 1969 nihii
579 1905 708 1969 omuino
728 1906 875 1989 scripsit,
887 1909 1023 1990 receptis
1041 1908 1195 1989 epistolis,
1208 1927 1287 1989 quos
1302 1909 1345 1971 ad
1358 1908 1473 1972 amieos

361 2012 442 2091 sorte
463 2008 626 2072 mittebat:
640 2007 676 2070 ia
689 2018 814 2072 tautum
834 2029 864 2072 se
884 2009 1064 2074 bumilitate
1083 2011 1247 2092 dejecerat.
1268 2008 1408 2074 Veterum
1421 2029 1474 2073 au·

359 2122 419 2174 tem
447 2109 636 2191 scriptarum
656 2119 813 2175 tractatus
835 2111 952 2192 tepebat
970 2111 1199 2177 studiosissime
1210 2133 1228 2187 ,·
1252 2121 1281 2177 et
1308 2111 1345 2176 iss
1368 2131 1474 2175 earum

358 2211 559 2276 meditatione
576 2211 700 2294 jupiter
723 2211 956 2276 versabatur.»
1318 2217 1324 2228 '

439 2312 673 2395 Huiuscemodi
700 2312 890 2398 Hieronymi
919 2317 1249 2396 testimoniumque
1282 2314 1469 2396 Pamphilus

359 2416 549 2479 excluditur
569 2432 587 2476 a
611 2414 838 2496 compilatione
860 2416 1082 2497 Apologctici,
1101 2434 1175 2480 cunr
1199 2424 1304 2480 tamen
1327 2417 1470 2480 fateatur

358 2537 384 2582 s.
408 2515 544 2591 licetur,
560 2515 710 2579 eumdem
731 2527 908 2598 martyrem
930 2518 1081 2596 epistolas
1096 2535 1266 2595 exarasse,
1290 2536 1408 2597 parum
1426 2519 1469 2580 si·

359 2617 457 2682 detur
477 2617 769 2682 accommodatum.
784 2615 867 2681 Nam
889 2625 921 2681 et
942 2619 1026 2682 istud
1050 2618 1228 2697 Apologiae
1243 2637 1337 2699 opus,
1352 2621 1469 2700 episto·

357 2717 409 2781 loe
430 2719 540 2793 instar,
565 2719 695 2780 missum
713 2716 772 2779 luit
797 2717 836 2778 ad
869 2716 1075 2781 Conlesscres
1098 2718 1235 2780 metallis
1268 2718 1468 2782 Palaestinae

358 2818 536 2881 damnatos.
559 2816 619 2881 Sed
644 2827 784 2882 transeat
804 2815 994 2902 Hieronymi
1016 2819 1202 2882 conclusio:
1225 2827 1390 2896 attamen,
1410 2820 1467 2882 nisi

361 2918 518 2999 Pamphili
534 2919 678 2982 calamus
698 2917 1124 2998 esarasishpotogeucnm,
1146 2920 1201 2982 sed
1224 2919 1398 2997 Eusebius,
1415 2939 1468 2984 ne·

357 3039 410 3083 mo
432 3020 639 3093 inficiabitur,
662 3019 808 3095 docente,
830 3021 898 3082 sive
920 3021 1059 3083 dictante
1084 3017 1264 3099 Pamphilo,
1289 3020 1465 3085 Eusebium
1554 3019 1555 3036 ³

355 3121 518 3200 scripsisse
528 3141 539 3199 ;
553 3138 590 3183 ao
611 3119 883 3199 condiscipulum
899 3120 1041 3199 magistri
1056 3129 1262 3195 sectatorem,
1280 3120 1319 3183 de
1334 3139 1358 3182 s.
1376 3119 1465 3182 blar-
1554 3117 1555 3148 '

358 3224 437 3304 tyris
451 3240 508 3285 ore
533 3222 628 3284 rerba
645 3222 834 3302 suscepisse,
857 3220 993 3302 eiusque
1013 3223 1200 3301 exposuisse
1214 3239 1338 3295 seusus,
1361 3231 1468 3300 poste·

357 3326 444 3388 ritati
467 3321 672 3385 mandandos.
697 3321 917 3397 Quamobrem
937 3322 1013 3402 jure
1036 3340 1095 3401 pro
1116 3318 1257 3400 Origene
1279 3321 1468 3402 Apologeti·

355 3445 412 3490 ons
434 3424 474 3487 ab
495 3424 686 3503 antiquitate
708 3421 848 3507 Martyri
871 3424 1045 3502 inscriptos
1065 3431 1125 3485 est.

434 3522 469 3586 ld
491 3533 599 3587 autem
633 3541 731 3603 qnam
756 3542 832 3586 rere
854 3525 1060 3587 statuendum
1082 3523 1144 3598 sit,
1167 3523 1207 3586 ab
1228 3525 1297 3603 ipso
1323 3523 1466 3590 Eusebio

354 3627 490 3690 discitur
501 3647 511 3704 3
532 3626 588 3705 qui
604 3626 726 3704 pluries
741 3627 771 3687 in
787 3622 930 3688 Historia
948 3623 1171 3688 Ecclesiastico
1190 3627 1265 3688 tanti
1295 3627 1355 3689 viri
1379 3645 1466 3690 meu·

355 3728 472 3790 tionem
505 3727 580 3806 egit.
606 3724 675 3806 lpse
699 3744 837 3805 namque
869 3727 900 3787 in
927 3724 1027 3788 Libro
1049 3723 1103 3786 vt.
1137 3744 1164 3788 c.
1191 3723 1291 3788 XXV.
1322 3727 1361 3788 de
1382 3727 1467 3806 ilpe-

354 3827 445 3889 ribns
465 3827 623 3889 disserens
644 3824 813 3906 Origenis,
837 3826 962 3906 iuquit:
991 3847 1007 3885 a
1031 3826 1099 3890 lam
1121 3845 1139 3888 a
1162 3826 1251 3888 uobis
1274 3829 1464 3904 praestitum

353 3934 402 3990 est
423 3926 454 3988 io
476 3924 587 4001 Libro,
610 3944 707 4005 quem
730 3925 769 3986 de
792 3924 965 4006 Pamphili,
980 3927 1036 4005 qui
1054 3938 1182 3989 nostrae
1196 3928 1309 3990 aetatis
1332 3928 1464 4010 presby·

355 4036 403 4090 ter
424 4026 508 4088 idem
532 4043 570 4087 ao
591 4034 718 4109 martyr
740 4025 817 4100 init,
843 4027 906 4087 vita
930 4029 1187 4106 conscripsimus.
1211 4023 1271 4092 Ubi
1294 4043 1368 4090 cum
1391 4045 1466 4104 pro-

352 4129 428 4190 bare
445 4127 602 4190 vellemus
618 4135 776 4206 quantum
800 4125 958 4206 Pamphili
979 4126 1124 4191 studium
1144 4145 1220 4208 erga
1242 4127 1365 4190 divinas
1379 4123 1464 4188 Seri·

352 4235 465 4308 ptnros
487 4228 597 4305 luerit,
620 4229 738 4292 indices
759 4226 919 4292 librorum
944 4235 1011 4294 tum
1039 4227 1205 4306 Oripeuis,
1231 4232 1298 4292 tum
1320 4225 1462 4288 aliorum
