2982 4934
325 340 540 526 Theophilus,
561 445 647 524 quod
670 445 732 508 nlin
754 446 784 510 oi
804 463 905 528 poena
927 443 1112 528 quaerenda
1133 446 1187 520 sil,
1203 463 1243 510 eo
1263 444 1349 525 nond
1370 445 1422 506 ιιι

326 555 417 610 cerel
435 547 567 610 sceleris
588 549 773 627 magnitudo
797 548 1047 628 magnitudinem
1070 557 1316 612 tormentorum.
1332 546 1421 625 Siquis

328 656 438 712 auteur
452 648 594 730 experiri
616 649 771 725 voluerit,
786 651 874 730 qnod
896 668 959 713 ooo
978 651 1149 714 sententias
1171 659 1308 722 tantum,
1327 665 1422 710 rerun

329 749 425 812 etism
448 749 514 829 ipsa
539 748 636 822 verbs
657 751 847 831 posuimus,
877 757 911 814 et
930 767 1023 813 nosse
1043 753 1192 830 quotiens
1223 751 1301 812 baec
1321 749 1361 810 ab
1379 747 1423 808 illo

239 861 244 868 ·
330 844 535 929 (Theophilo)
557 849 712 930 replicata
733 851 818 928 siut,
839 851 927 932 legat
946 852 1125 914 innormen
1146 850 1281 926 librum,
1304 867 1364 912 nou
1384 867 1425 910 so·

330 950 401 1016 lum
423 950 640 1028 coutumeliis,
660 951 716 1015 sed
737 953 805 1044 ipss
820 971 953 1034 quoqne
974 953 1109 1033 repetita
1125 952 1367 1016 maledictorum
1387 967 1425 1012 re

327 1051 560 1134 capitulatione
582 1053 675 1116 nimis
705 1052 919 1131 horribilem,
951 1054 992 1117 ab
1020 1051 1221 1134 Hieronymo
1252 1052 1424 1133 presbytero
1480 1109 1481 1116 ,

328 1155 532 1218 translatum.
566 1152 612 1218 De
632 1173 700 1234 quo
721 1156 797 1219 item
818 1155 933 1220 beatus
953 1153 1153 1233 Theophilus
1174 1156 1381 1231 expectauit,
1395 1159 1423 1214 ot
1480 1145 1481 1150 ’

327 1271 387 1336 per
400 1255 471 1335 ejus
485 1254 665 1332 eloquium,
680 1254 788 1335 qualis
808 1253 949 1319 loannes
968 1253 1079 1328 luerit,
1094 1253 1183 1316 latini
1199 1259 1423 1330 cognoscerent.

328 1354 396 1420 Nos
417 1361 526 1418 autem
549 1357 580 1419 in
601 1355 659 1418 illo
679 1355 790 1430 libro,
811 1372 875 1418 noo
896 1353 1002 1434 qualis
1022 1351 1184 1428 loannes,
1207 1355 1264 1432 qui
1285 1353 1362 1415 nibil
1381 1352 1425 1412 he·

327 1473 401 1520 rum
418 1454 617 1532 merebatur,
639 1472 698 1518 noc
712 1456 819 1536 qualis
839 1454 1053 1537 Theophilus,
1065 1454 1160 1535 cujus
1182 1455 1286 1517 uirtus
1306 1454 1338 1515 in
1358 1451 1425 1514 roul-

328 1559 368 1622 tis
390 1556 538 1638 probata,
559 1573 624 1634 uon
643 1575 687 1620 ex
708 1558 769 1620 isto
790 1557 953 1621 accedenti
971 1541 1147 1638 judicanda
1169 1562 1217 1618 est
1230 1553 1346 1617 morbo
1353 1573 1364 1632 3
1382 1552 1424 1615 ιιι

326 1658 434 1739 potius
454 1657 559 1736 qualis
579 1658 621 1720 sit
643 1656 833 1720 miserabilis
853 1658 994 1721 humans
1018 1658 1081 1720 rita
1102 1657 1424 1734 cognominasse.»

406 1756 449 1822 ιιι
468 1759 541 1839 quis
562 1757 734 1838 (pacatum
754 1757 1029 1839 lectoremrogo)
1045 1759 1125 1832 haee
1138 1757 1248 1837 legens
1269 1775 1333 1820 noo
1352 1773 1424 1820 oon·
1481 1749 1482 1826 ζ

327 1858 505 1939 prehendet
528 1859 688 1941 primum,
713 1863 798 1926 iuter
817 1859 1085 1943 chrysostomum
1110 1867 1143 1924 et
1164 1857 1377 1938 Theophilum
1393 1855 1425 1920 si·

326 1960 481 2024 multatas
512 1961 668 2041 incepisse
688 1959 731 2025 ob
750 1959 899 2041 Origeois
925 1960 1028 2026 libros
1048 1969 1083 2024 ot
1102 1963 1276 2028 monachos
1296 1960 1425 2042 ey'nadeu

326 2058 540 2126 defensores?
561 2059 651 2138 Quos
665 2059 805 2126 loannes
825 2063 979 2126 damnare
1001 2075 1067 2126 ιιι
1086 2080 1185 2126 susus
1206 2070 1291 2138 erat,
1318 2065 1364 2127 nti
1377 2075 1424 2124 uec

327 2161 460 2243 Origeoi
480 2163 690 2228 otlibrornm
709 2181 846 2228 suorum
866 2164 1071 2228 subscribere
1092 2165 1301 2240 anathemati,
1324 2161 1424 2228 neeri

329 2264 379 2328 los
400 2280 419 2324 a
439 2281 498 2326 sua
518 2263 658 2330 dioecesi
677 2260 871 2344 expellere?
899 2261 991 2340 Quos
1011 2264 1095 2328 enim
1118 2261 1320 2342 Theophilus
1341 2261 1424 2326 uude·
1482 2279 1483 2346 ι

328 2381 461 2446 quaque
481 2364 641 2446 dispersos
660 2382 680 2429 ι
700 2363 827 2431 Nitriae
846 2366 1049 2429 monasteriis
1070 2361 1243 2445 profligare
1263 2369 1423 2444 sategerat,

328 2483 369 2530 ue
389 2483 453 2530 noa
482 2467 713 2543 convenirent,
742 2481 804 2530 nec
821 2466 1076 2546 patrocinatores
1105 2465 1165 2529 slbi
1197 2469 1422 2545 compararent,

327 2567 415 2647 npno
429 2565 696 2650 chrysostomum
717 2565 906 2648 coniugium
926 2573 960 2630 et
974 2567 1189 2646 patrocinium
1206 2565 1422 2630 validissimum

329 2670 467 2733 assecuti
490 2669 629 2734 inerant.
646 2668 761 2750 quue
778 2670 879 2749 magis
899 2669 988 2750 qnod
1003 2667 1143 2732 loannes
1164 2685 1228 2730 ooo
1249 2669 1356 2732 solnm
1372 2683 1425 2729 no

327 2771 507 2834 nsehornnr
529 2769 754 2850 proscriptioni
775 2770 943 2846 restiterit,
966 2785 1081 2833 rerum
1102 2769 1199 2832 etism
1220 2769 1261 2830 od
1281 2765 1425 2846 Theophi-

328 2871 398 2934 lum
418 2871 585 2953 scripserit
609 2879 646 2934 ut
668 2873 826 2935 rationem
850 2871 1002 2936 redderet
1024 2869 1065 2934 de
1078 2869 1239 2943 omnibus,
1259 2887 1346 2949 qnae
1364 2883 1425 2932 coo·
1483 2861 1484 2926 ι

329 2980 377 3032 ιιι
398 2979 524 3034 ιιιιιιι
541 2971 671 3036 lucrant
690 2972 732 3036 sb
751 2973 820 3053 ipso
841 2978 978 3051 patrata.
995 2969 1107 3048 Quare
1125 2971 1265 3034 sentiens
1281 2967 1424 3050 Theophi-

330 3070 382 3132 lus
403 3077 435 3134 ot
456 3072 608 3151 perfidiae
627 3090 707 3136 suae
728 3072 1037 3148 manifestationem,
1059 3087 1099 3134 ιι
1118 3070 1216 3136 simul
1238 3071 1367 3138 honoris
1384 3065 1423 3130 soi

329 3174 363 3234 ei
384 3186 540 3248 personae
553 3171 724 3236 discrimen
736 3188 847 3236 coram
867 3168 1011 3235 Ecclesia
1027 3179 1060 3234 et
1074 3171 1223 3250 imperio,
1245 3172 1353 3250 proris
1366 3181 1425 3249 pra·

331 3286 370 3332 ra
386 3269 549 3352 adjiciens,
570 3273 713 3336 altorum
734 3271 971 3336 calumniarum
993 3271 1162 3334 cumulum
1178 3269 1424 3334 ιιιιιιιιιιιιιιιι

330 3370 487 3436 adversos
502 3373 605 3452 ipsum
620 3371 790 3448 loannem,
814 3379 850 3437 ut
862 3372 1083 3454 perversitatis
1104 3387 1184 3436 suae
1198 3388 1333 3453 scopum
1347 3369 1426 3432 ιιιιι·

330 3479 433 3550 geret,
455 3489 704 3552 mensuramque
725 3473 884 3551 expleret.

408 3570 530 3638 Deinde
545 3575 718 3653 praemissa
733 3590 884 3655 quaeque
908 3573 990 3638 inira
1012 3574 1144 3640 dicenda
1159 3574 1342 3657 expendens
1353 3569 1423 3651 quis.

328 3673 371 3737 ab
390 3675 561 3738 asserendo
581 3675 756 3739 continebit
774 3694 832 3752 se,
861 3677 967 3740 omnia
988 3677 1031 3740 ibi
1054 3685 1201 3741 conserta
1223 3695 1240 3740 ι
1262 3670 1423 3753 Theophilo

330 3782 442 3839 contra
463 3773 743 3859 chrysostomum,
766 3792 829 3838 ooo
850 3775 1086 3862 chrysostomo·
1103 3779 1159 3842 sed
1181 3776 1359 3858 Theophila
1377 3769 1423 3851 ipsi

267 3895 271 3912 ·
329 3875 448 3962 potiori
472 3875 549 3957 jure
571 3875 785 3957 adjudicanda
807 3875 907 3942 esse‘?
927 3876 1017 3940 Talia
1043 3895 1183 3960 namque
1204 3880 1311 3954 diets,
1338 3883 1423 3942 tants·

330 3993 395 4054 que
411 3975 550 4039 absurda
565 3993 627 4039 oon
648 3975 706 4040 nisi
733 3978 782 4040 vir
800 3979 1076 4042 vehementissima
1095 3979 1185 4043 rabie
1207 3981 1347 4059 perettus
1364 3987 1424 4038 cot·

329 4092 465 4140 certare
486 4075 643 4154 potuerit,
666 4073 874 4141 Patrierehao
896 4095 994 4157 quam
1017 4078 1243 4158 indignissima.
1270 4074 1360 4141 lland
1387 4072 1422 4132 ιιι·

329 4176 443 4254 ιιιιιι,
466 4173 623 4241 Joaoocm
645 4193 706 4241 ceu
729 4177 888 4242 hominem
918 4195 1032 4242 errare
1052 4179 1214 4259 potuisse,
1245 4189 1278 4244 ιι
1298 4179 1366 4243 binc
1383 4187 1423 4236 ιι·
