3066 4950
307 386 411 558 {Bina
436 491 556 559 nomini
578 489 735 570 inscribit,
749 491 847 558 talem
868 489 1075 558 introducens
1094 467 1282 572 loquentem
1304 487 1346 556 de
1367 489 1420 565 ils,

306 613 393 676 quae
415 613 477 659 unu
498 597 607 660 sensit.
629 594 666 657 ln
687 594 828 660 secunda
852 611 929 658 vcro
950 594 1115 658 locutione
1140 601 1198 655 nat
1218 611 1240 654 a
1261 610 1324 668 mr,
1347 608 1424 672 per·

307 714 420 762 aonam
444 697 567 760 realem
587 695 753 776 designat,
775 711 861 776 quae
880 713 922 758 er
942 713 976 758 se
998 703 1031 759 et
1050 695 1181 775 proprie
1202 692 1326 773 aliquid
1347 709 1422 755 sen·

308 796 352 860 sit
371 804 404 860 et
429 796 523 860 dixit.
547 795 582 858 ln
603 798 708 878 primo
729 813 807 860 casu
827 794 892 858 sios
912 813 977 858 mco
1004 791 1141 870 nomios,
1165 794 1291 872 integer
1316 798 1425 855 manet

311 895 420 979 Vigilii
436 897 542 979 Papae
556 915 671 962 sensus
686 904 719 961 et
732 898 882 962 immonis
896 897 937 959 ab
951 897 1170 972 accusatione,
1190 897 1251 959 tria
1272 894 1427 959 nimirum
1519 951 1520 966 ι

309 997 488 1062 defendisse
503 996 672 1080 ,capitula
695 996 731 1060 lu
753 999 859 1062 altero
879 1015 971 1072 casu,
987 997 1068 1061 idest
1088 1005 1148 1061 ont
1166 1016 1188 1059 o
1208 1015 1268 1070 mc,
1284 997 1427 1077 seipsum

309 1099 460 1180 culparet
474 1096 612 1181 vigilius
626 1100 667 1164 de
689 1101 891 1177 hocerrore,
913 1100 1007 1180 qnasi
1021 1099 1088 1179 ipse
1109 1115 1147 1161 ea
1163 1095 1316 1178 Capitnla
1338 1114 1425 1162 com-

311 1201 491 1282 probasset.
508 1199 681 1264 Praeterea
702 1200 798 1281 juxta
813 1200 954 1265 discussa
976 1200 1018 1263 ab
1033 1199 1123 1263 initio
1145 1199 1184 1262 de
1205 1218 1243 1264 ea
1260 1200 1424 1280 pericope,

190 1295 193 1300 ’
311 1299 468 1384 vigilium
488 1302 686 1367 ostendimus
707 1319 912 1383 nequaquam
934 1301 974 1366 de
996 1302 1173 1382 praeterito
1192 1302 1299 1382 loqui,
1315 1302 1372 1365 sed
1386 1302 1425 1367 de

172 1434 176 1442 ·
313 1401 443 1480 tuturo,
466 1409 499 1468 et
522 1403 653 1484 quidem
683 1403 840 1468 adsersus
860 1421 927 1480 eos,
951 1403 1007 1484 qai
1029 1403 1206 1485 aliquando
1227 1410 1426 1467 conarentur

312 1505 466 1585 quopiam
488 1511 676 1586 praetextu,
699 1505 760 1568 boo
780 1521 877 1568 snum
909 1511 1049 1582 mutare,
1072 1523 1130 1569 seu
1155 1504 1252 1568 aliter
1271 1504 1427 1585 interpra-

314 1607 378 1670 tari
399 1605 566 1670 decretum
591 1607 749 1670 advniens
770 1607 832 1669 trin
853 1603 1017 1686 Capitale.

395 1705 533 1773 Domum
548 1708 580 1771 in
602 1707 663 1771 bac
677 1707 812 1787 epistola
834 1707 972 1771 notanda
987 1715 1036 1773 est
1055 1708 1253 1789 subscriptio
1269 1709 1369 1791 bajus
1385 1713 1426 1772 ta·

315 1809 424 1876 nerias
442 1829 459 1868 a
475 1808 555 1873 llata
577 1815 650 1874 ante
674 1815 803 1872 sextum
826 1808 903 1873 idus
925 1806 1124 1888 Decembris,
1157 1811 1285 1892 imperii
1307 1811 1424 1874 domini

314 1910 417 1976 nostri
438 1908 609 1974 lastiniani
623 1911 746 1973 aeterni
763 1908 903 1989 nugosn
917 1928 1001 1974 anno
1021 1912 1175 1992 vigesimo
1188 1913 1339 1991 septimo,
1358 1916 1425 1992 post

316 2007 530 2078 Canuleium
551 2008 661 2078 Basilii
683 2011 743 2073 viri
764 2011 932 2074 clarissimi
965 2028 1049 2077 anoo
1069 2013 1274 2078 duodecimo.
1292 2033 1309 2070 a
1327 2011 1361 2075 ln
1381 2011 1426 2075 al·

316 2121 387 2176 tera
411 2129 501 2188 aero,
531 2128 630 2191 qnam
654 2112 826 2191 genuinam
847 2111 997 2189 dicimus,
1018 2113 1164 2195 legitur:
1181 2133 1198 2174 ιι
1213 2111 1335 2178 Datum
1357 2109 1424 2176 vlt

231 2239 238 2254 ¹
286 2262 289 2268 -
318 2211 397 2280 ldns
411 2212 583 2279 lanuarias
607 2213 732 2294 imperii
747 2213 865 2278 domini
879 2213 900 2279 J
904 2215 1052 2280 catiniani
1073 2215 1222 2297 perpetui
1237 2215 1368 2296 angusti
1379 2229 1429 2276 au·

317 2333 362 2382 no
389 2313 521 2380 ltttvtt.
544 2313 848 2397 postconsulatum
874 2312 983 2380 liasilli
1007 2315 1067 2378 viri
1098 2315 1269 2381 etartsstmt
1289 2333 1342 2378 an.
1356 2311 1426 2392 xli,

319 2417 365 2484 lta
381 2424 418 2482 ut
439 2417 607 2512 rideretur
627 2425 834 2498 praesumpta
856 2414 1193 2500 epistolavigilii-pro
1215 2417 1428 2482 confirmatio·

320 2535 363 2586 ue
376 2517 496 2602 Synodi
511 2521 715 2600 praeterisse
728 2519 823 2584 alteri
837 2519 878 2582 de
892 2518 1087 2584 adunatione
1101 2519 1258 2602 ejusdem.
1278 2517 1424 2596 Quocum

320 2621 423 2702 magis
444 2627 570 2687 constat
589 2621 678 2685 illius
698 2621 831 2684 talsitas.
852 2621 982 2698 Quibus
1003 2621 1151 2686 omnibus
1171 2621 1385 2703 comperitur,
1404 2620 1427 2683 i·

320 2729 403 2790 aum
427 2720 532 2801 vigilii
553 2723 593 2786 ad
618 2721 815 2808 liutpaldum
838 2723 1006 2804 epistolam
1029 2741 1090 2804 pro
1110 2721 1357 2787 condrmatione
1375 2717 1428 2805 Sy·

322 2824 399 2889 nodi
411 2824 557 2906 quintae,
572 2825 789 2890 adulterinam
812 2825 936 2901 baberi,
951 2833 983 2888 et
995 2824 1133 2905 glossam
1150 2825 1359 2889 arbitrariam
1372 2841 1429 2888 non

325 2932 451 2990 tantam
466 2927 595 3008 genuini
608 2926 698 2990 illius
711 2925 899 3002 Constituti,
916 2925 1003 3007 quod
1019 2925 1181 2990 Ecclesiae
1196 2927 1372 2991 universali
1384 2926 1432 2990 da·

325 3025 374 3089 dit
395 3023 547 3090 Pontifex
567 3025 607 3089 de
628 3025 680 3103 iis,
701 3043 787 3106 qnae
808 3025 1101 3091 tenenda-essenta
1124 3027 1273 3094 fidelibus
1287 3031 1320 3092 io
1342 3029 1432 3095 trium

325 3125 553 3207 Capitnlornm
574 3146 694 3194 causas
723 3129 779 3194 sed
801 3135 834 3194 et
855 3129 1056 3195 intrationem
1078 3131 1177 3212 ipsius
1198 3133 1357 3212 epistolae
1377 3132 1429 3196 Pa·

325 3228 432 3294 tribua
454 3229 548 3294 datae
569 3246 630 3310 pro
651 3230 796 3312 ejusdem
820 3229 940 3316 Synodi
962 3234 1166 3297 adunatione.
1185 3232 1233 3296 dc
1255 3244 1433 3314 propterea,

326 3347 403 3394 cnm
425 3349 604 3412 anonymus
625 3331 725 3414 hujus
754 3333 910 3414 epistolae
931 3335 1102 3399 decretalis
1123 3336 1337 3398 concinnator
1357 3333 1435 3414 Vigi-

327 3432 376 3497 lio
398 3433 544 3498 Pontitici
568 3440 722 3515 tanquam
742 3451 762 3498 a
782 3434 939 3500 daemone
967 3440 1089 3516 agitato
1111 3438 1311 3518 inscripserit
1331 3436 1436 3501 mentis

329 3535 569 3600 aberrationem
600 3542 634 3600 et
662 3535 856 3616 palinodiam
879 3539 910 3601 iu
943 3538 1040 3602 trium
1062 3535 1291 3618 capitulorum
1323 3553 1433 3612 naun,

326 3654 391 3700 noo
412 3639 522 3712 sensit,
543 3655 578 3703 se
600 3640 707 3718 potine
728 3655 746 3701 a
769 3639 950 3704 schismatis
971 3647 1003 3704 et
1025 3639 1209 3703 rebellionis
1231 3640 1385 3704 daemone
1403 3654 1433 3699 a·

330 3737 468 3818 gitatnm
491 3737 608 3815 luisse,
632 3746 669 3803 nt
690 3739 765 3803 talia
787 3741 946 3804 scriberet
977 3741 1134 3806 adversus
1165 3749 1291 3806 tantum
1313 3735 1434 3804 Pontid-

332 3857 414 3904 cem.

419 3941 502 4008 Cum
532 3944 704 4024 bucusque
733 3942 799 4007 dno
820 3961 882 4025 pro
901 3941 1021 4026 Synodi
1047 3943 1292 4008 confirmatione
1311 3943 1427 4008 decmta

334 4045 546 4127 expendimus
567 4063 605 4109 ac
629 4044 714 4107 inter
733 4063 767 4108 se
789 4045 893 4121 varia,
916 4043 1002 4109 unde
1031 4047 1127 4110 nnius
1147 4023 1345 4126 dignoscitur
1361 4059 1426 4120 apo
1519 4093 1520 4124 ,

333 4147 483 4232 cryphia,
498 4148 575 4212 nolo
595 4151 629 4212 et
650 4145 741 4211 allud
764 4147 945 4228 praeterire
960 4146 1179 4213 constitutum
1201 4147 1302 4213 eidem
1322 4143 1422 4225 Viplio
1519 4137 1520 4170 ³

332 4249 522 4331 inscriptum
545 4255 578 4312 ot
598 4248 683 4313 cirea
706 4247 791 4314 idem
814 4255 940 4332 tempus
960 4248 1092 4314 datum:
1120 4249 1151 4312 iu
1179 4265 1246 4330 quo
1266 4247 1363 4313 midas
1379 4257 1419 4305 rr
