3138 4950
1161 391 1224 462 393

114 507 248 572 tensione
270 507 526 590 memoratorum
551 500 732 585 periurans
753 499 996 583 Gapitnlosnm,
1018 496 1223 566 Chalcedone

113 609 203 684 nubs,
226 607 281 672 ubi
304 607 468 687 refugium
492 607 627 680 iecerat,
661 605 692 669 in
723 604 904 668 diversorio
931 601 1093 683 gloriosae
1114 604 1226 668 matris

111 707 307 792 Euphemise
329 709 369 772 sle
390 711 450 772 huo
474 710 539 772 vita
561 707 713 787 migrauit
734 707 774 768 ad
797 703 1018 768 Dominum.»

184 807 392 874 Solismotioi.
421 808 558 890 Proprie
587 818 690 872 murts
714 806 885 888 epistolam
908 806 1105 889 encyclicam
1138 823 1227 872 eous·

110 915 251 987 mentntt,
274 909 392 993 vigilio
412 911 659 991 inscripserunt,
682 907 872 974 ubidicitur
892 907 960 986 ipse
983 907 1016 971 in
1037 907 1224 971 detonsione

111 1015 206 1081 trium
227 1014 456 1096 capitulorum
485 1020 519 1078 et
539 1012 581 1077 ob
600 1011 782 1076 simultates
803 1027 878 1074 som
899 1009 1084 1074 lusttntmo
1104 1011 1148 1074 atl'
1165 1009 1222 1074 lta·

109 1117 229 1183 silicam
260 1123 391 1182 sanstae
424 1107 625 1197 Euphemias
663 1111 866 1181 Chalcedone
892 1111 1088 1194 confugisse,
1113 1111 1223 1196 ibique

107 1238 178 1284 oum
201 1238 317 1304 magun
339 1223 456 1286 timore
476 1220 601 1301 degisse
621 1223 653 1282 et
675 1212 834 1300 angustia.

647 1401 693 1468 tx

190 1580 358 1650 Catholici.
376 1583 427 1648 Ab
447 1601 531 1648 suno
552 1580 675 1654 itinn
697 1579 767 1651 554.
792 1590 859 1651 tum
881 1603 923 1652 ox
938 1583 1057 1652 Formo
1071 1583 1228 1653 iustinia-

107 1685 138 1748 ni
153 1685 305 1753 Patribus
326 1687 358 1750 io
373 1686 504 1772 synodo
525 1685 648 1762 oblata,
667 1693 735 1751 tum
757 1706 799 1752 ex
815 1685 924 1769 vigilii
944 1688 1081 1767 epistola
1101 1691 1142 1754 ati
1158 1690 1227 1756 liu·

107 1791 222 1855 sticum
246 1798 278 1854 et
298 1789 535 1864 Sebastianum,
569 1796 638 1853 tum
660 1807 701 1854 ex
723 1787 907 1856 Constituto
936 1793 1112 1858 novissimo
1132 1810 1227 1873 prae·

110 1892 198 1958 olere
218 1899 347 1959 constat
367 1891 441 1957 titini
473 1890 646 1956 eoncordia
668 1895 754 1957 inter
779 1891 961 1973 Principem
983 1901 1016 1958 el
1035 1894 1225 1959 Pontificem

108 2013 209 2060 unum
232 2002 267 2058 et
294 1993 444 2059 eumdem
465 2011 601 2074 scopum
633 1993 766 2056 miratos
795 1994 903 2074 quood
931 1994 1030 2058 trium
1059 1995 1226 2077 Capitulu-

106 2115 178 2161 rum
201 2097 439 2180 quaestionem,
464 2113 647 2176 eorumque
671 2095 921 2173 damnationem,
947 2104 1095 2162 manente
1119 2103 1225 2166 lamen

106 2200 137 2263 iu
157 2219 216 2265 sua
240 2201 424 2280 integritate
444 2197 630 2264 delinitione
652 2197 773 2285 Synodi
793 2198 1069 2264 chalcedonensis.

182 2300 395 2368 Scllsmastcl.
415 2301 476 2366 l’ss
496 2301 580 2366 idem
602 2303 716 2365 aetatis
730 2302 941 2367 intervallum
962 2301 1144 2366 simultates
1160 2301 1225 2366 les·

105 2411 216 2470 sentes
250 2405 407 2471 dicuntur
438 2411 574 2469 exortae
594 2403 681 2468 intes·
708 2402 929 2468 lastinianum
951 2410 984 2468 et
1016 2403 1170 2486 vigilium
1191 2406 1224 2468 in

111 2508 210 2572 trium
234 2505 463 2586 capitulorum
485 2521 606 2569 oansss
638 2503 721 2568 niso
741 2512 780 2569 ut
799 2521 885 2569 nnus
909 2505 991 2570 idest
1015 2507 1161 2572 l'outiiex
1184 2523 1223 2570 sa

107 2608 260 2691 Capitnls
282 2606 468 2678 defendens,
491 2601 687 2687 imperatori
718 2605 899 2682 restitisset,
922 2614 956 2672 et
982 2607 1025 2672 ob
1045 2609 1128 2672 hano
1148 2609 1227 2674 sesi·

103 2712 256 2774 atentiam
282 2710 394 2790 plures
419 2714 532 2787 passus
559 2714 643 2770 esset
665 2706 802 2789 iujurias
826 2714 860 2774 et
885 2709 1094 2775 vexationes:
1122 2709 1226 2774 dones

105 2811 223 2876 solens
245 2809 403 2890 Principis
425 2809 662 2890 exactionibus,
684 2811 744 2874 tria
767 2817 879 2876 contre
900 2830 1029 2878 sensnm
1050 2831 1147 2880 snum
1169 2811 1226 2876 ‹la-

103 2922 248 2980 mnasset
275 2912 437 2994 capitula.

651 3093 681 3158 X

185 3265 353 3333 Catholici.
369 3267 572 3333 iustinisnus
593 3269 634 3330 ab
655 3269 745 3332 initio
763 3267 899 3334 Consilii
920 3269 958 3332 V.
975 3288 1034 3351 pet·
1053 3269 1223 3351 epistolum

100 3367 221 3434 Formo
237 3370 423 3448 lusos-iotam
438 3369 477 3432 all
493 3371 674 3450 episcopos,
690 3371 745 3451 qni
761 3381 990 3447 convenerant,
1004 3373 1170 3446 hortatus,
1186 3379 1225 3437 nt

101 3473 203 3536 trium
220 3470 448 3551 capitulorum
466 3490 597 3536 oausam
614 3473 720 3538 denno
736 3474 914 3554 inquirant,
936 3482 971 3539 et
984 3479 1076 3538 antea
1092 3491 1151 3553 oss·
1164 3474 1226 3540 Ju-

98 3571 248 3638 dioatnm
281 3572 364 3635 lacta
385 3571 621 3637 oontismsntnr
653 3573 810 3639 advorsus
831 3575 967 3640 illosum
995 3573 1223 3657 capitulorum

98 3673 304 3750 defensores,
321 3675 596 3758 quemadmodum
619 3676 680 3740 site
702 3676 742 3736 ab
763 3675 934 3757 episcopis,
951 3679 1068 3742 ueteris
1089 3676 1224 3757 quibus·

101 3780 149 3844 vis
172 3779 418 3859 quaestionibus
439 3778 594 3852 exclusis,
616 3763 783 3856 expletum
806 3783 864 3840 est.

181 3877 394 3944 Selismotici.
414 3879 481 3956 lati,
498 3879 670 3945 iustiniani
693 3879 848 3958 epistolae
870 3877 1008 3943 exordio
1027 3877 1223 3944 verbotenus

98 3981 281 4061 descripto,
303 4001 437 4063 scopum
462 3990 579 4054 tamen,
603 3980 659 4060 qui
683 3983 743 4044 tria
765 3979 916 4060 capitula
940 3980 1145 4062 respiciebat,
1167 4000 1223 4046 sn·

95 4085 282 4158 stollontes,
298 4090 542 4150 commutarunt
562 4083 719 4146 adversus
733 4080 882 4160 Osigsnis
905 4099 1056 4163 errores3
1079 4082 1161 4147 adeo
1182 4091 1221 4148 ut

97 4184 220 4250 deinde
242 4184 420 4262 uideretur,
442 4199 647 4266 nequaquem
669 4185 700 4246 iu
722 4181 852 4264 Syundo
868 4180 905 4245 V.
929 4183 969 4247 tls
991 4184 1039 4248 llis
1061 4183 1220 4268 Capitulis

96 4293 280 4352 tractatum
302 4304 384 4365 ssse,
405 4287 461 4353 sed
483 4294 596 4354 eontra
618 4285 790 4367 Origonom
812 4292 844 4351 st
865 4286 1066 4368 origenistas.
