3138 4950
366 403 430 476 350

366 513 539 584 aeotantes,
561 511 696 572 eunotoa
718 506 892 570 hortamur
914 511 946 571 et
965 503 1005 568 ari
1021 522 1118 569 onam
1140 504 1354 587 eamdemque
1373 503 1478 572 Euole-

366 611 447 675 siam
462 627 500 673 ao
520 609 710 673 sententiam
733 625 767 671 se
789 607 972 698 conterant,
1000 607 1169 671 eredentes
1191 607 1222 668 iu
1238 605 1367 671 Patrem
1387 617 1422 672 at
1435 606 1481 672 Fi·

365 713 448 777 lium
462 717 495 777 et
515 707 672 793 Spiritum
693 697 861 784 Sanctum,
883 705 1073 770 Trinitatem
1096 707 1446 772 consubstantialem.»

444 811 561 878 Paucis
581 797 823 892 interiectione
844 805 1015 884 Trinitate,
1037 811 1189 888 sequitur
1209 807 1370 872 disserena
1382 808 1422 872 da
1436 807 1480 874 la-

268 957 269 960 =
364 915 553 980 earnnttooe
574 911 650 977 Filii
671 908 742 988 bei,
758 911 815 992 qui
831 917 880 976 est
895 909 1051 974 Dominus
1073 920 1184 974 noster
1203 908 1300 978 lesus
1321 910 1474 978 Christus:
1564 955 1565 988 ,

367 1011 692 1080 «Consobataotialla
723 1012 867 1091 quidem
885 1009 955 1076 Deo
984 1010 1071 1076 Patri
1094 1021 1252 1094 qnantum
1275 1011 1315 1074 nt
1337 1012 1479 1076 alirioita·

367 1125 445 1192 tem,
466 1115 752 1179 oousnbatantlalia
766 1121 876 1179 autem
892 1111 983 1176 uobis
999 1124 1158 1193 qnantum
1180 1113 1219 1176 ab
1236 1114 1477 1191 humanitatem

364 1215 507 1298 patibilis
520 1213 652 1304 quidem
675 1231 786 1290 earne,
809 1215 930 1278 deitate
947 1230 1026 1279 roro
1048 1213 1249 1292 impatibilia.
1263 1209 1381 1293 Neque
1400 1215 1478 1276 euim
1564 1241 1565 1288 ξ

365 1318 469 1382 alium
491 1314 596 1381 Deum
621 1315 780 1392 Verbum,
809 1317 866 1396 qui
888 1316 1048 1380 miraoula
1071 1315 1287 1396 perpetravit,
1309 1323 1343 1378 et
1370 1315 1479 1392 allona,

366 1421 423 1504 qul
445 1435 557 1500 passus
579 1426 640 1496 est,
663 1422 868 1500 agnoscimus
879 1436 891 1497 3
913 1418 969 1482 aeal
992 1434 1093 1482 unum
1116 1409 1336 1498 eumdemque
1356 1417 1481 1482 uentita-

365 1536 442 1585 mur
457 1515 632 1584 Dominum
653 1526 801 1584 nostrum
823 1516 937 1583 Jeaom
959 1517 1125 1583 Christum
1141 1516 1200 1582 bet
1217 1516 1361 1584 Verbum
1383 1520 1479 1584 iuear·
1564 1541 1565 1568 t

367 1631 494 1698 natum,
528 1631 560 1686 ot
582 1621 726 1702 periente
748 1621 911 1685 hominem
944 1620 1080 1696 laetum,
1103 1629 1137 1686 et
1157 1622 1253 1684 unius
1274 1619 1480 1702 ejusdemque
1564 1603 1565 1692 n

367 1741 439 1788 ease
461 1732 529 1787 tum
552 1721 712 1788 miraoula
735 1729 805 1786 tum
828 1721 1236 1801 orationemementote
1258 1729 1391 1784 nostrae
1410 1739 1480 1784 eau-
1564 1731 1565 1758 ¹

364 1842 415 1898 aa,
431 1841 489 1888 sua
511 1831 624 1904 aponto
637 1823 801 1888 sustinuit.
818 1819 890 1886 Non
905 1822 990 1886 enim
1005 1822 1104 1886 bomo
1118 1822 1238 1902 aliquia
1263 1821 1406 1902 seipsum
1422 1827 1479 1886 tra·

366 1925 449 1992 didit
469 1942 530 2007 pro
559 1923 662 2001 nobis,
683 1923 741 1988 aad
762 1924 899 2004 ipsemet
931 1919 1018 1986 Dans
1039 1919 1201 1998 Verbum,
1231 1923 1300 1987 aloe
1322 1924 1392 1986 olla
1411 1939 1481 1988 aon·

366 2027 517 2091 versione
540 2027 637 2090 bomo
658 2025 777 2100 laetos,
799 2031 1010 2106 spontaneam
1033 2023 1214 2105 paaaionem
1234 2039 1274 2090 ae
1293 2025 1481 2090 mortomla

367 2145 467 2192 earne
489 2146 547 2207 pro
569 2127 660 2192 nobis
681 2127 793 2192 aubiit.

450 2228 574 2294 «Uota
594 2229 672 2294 dum
694 2244 797 2294 unum
828 2228 1046 2311 eumdemque
1066 2225 1241 2295 Dominum
1262 2235 1412 2295 nostrum
1431 2227 1482 2294 Ja-

365 2351 440 2399 anm
461 2331 627 2399 Corinium
644 2351 686 2396 ex
708 2337 851 2413 utraque
872 2339 1003 2410 natura,
1019 2331 1139 2398 deitate
1158 2333 1285 2398 oelltoet
1303 2339 1405 2413 atque
1425 2333 1480 2396 bn·
1564 2341 1565 2350 ’

322 2478 332 2497 .
364 2435 523 2499 munitate
538 2431 755 2514 compositum
783 2433 991 2514 profitemur,
1013 2431 1237 2500 eontuaiooam
1252 2451 1317 2500 non
1337 2437 1480 2516 superin-

366 2536 519 2599 duetmna
541 2537 688 2598 ooitiooi.
711 2533 784 2600 Non
805 2537 890 2600 enim
906 2553 947 2599 eo
968 2538 1056 2617 qood
1078 2534 1212 2618 perinde
1232 2553 1272 2602 ao
1293 2554 1363 2610 noo,
1387 2539 1479 2600 nono

368 2637 475 2702 laetua
496 2646 557 2712 eat,
576 2636 676 2702 -beus
697 2656 766 2701 asae
795 2637 943 2703 damnate
965 2652 1025 2703 nee
1047 2656 1163 2703 rursus
1192 2657 1232 2703 eo
1257 2639 1346 2723 quod
1368 2649 1477 2702 natura

367 2740 456 2804 bens
478 2744 539 2814 est,
561 2746 594 2802 et
617 2739 837 2806 similitudinis
858 2749 990 2805 nostrae
1018 2741 1273 2821 tonoquaqoom·
1293 2756 1411 2821 espax,
1425 2739 1476 2802 bo

367 2859 421 2904 mo
435 2857 504 2904 ease
520 2839 694 2903 reeueabtt.
713 2835 855 2921 Quippe,
871 2843 909 2905 ut
924 2843 955 2906 in
977 2843 1177 2906 humanitate
1193 2839 1293 2920 Deua,
1308 2843 1354 2906 sio
1367 2845 1398 2906 io
1418 2857 1477 2903 ma·

366 2943 484 3025 pestate
511 2937 687 3008 divinitatio
713 2937 923 3018 enormitates,
954 2947 1061 3006 manet
1085 2943 1297 3007 nibilominus
1319 2942 1426 3016 bomo,
1441 2957 1474 3004 a·

370 3054 524 3125 tromqne
545 3043 643 3107 simul
659 3045 810 3108 existens·
823 3062 922 3117 unua,
945 3044 1033 3109 Dana
1046 3045 1171 3112 reniteat
1185 3053 1285 3125 atque
1299 3047 1397 3110 bomo
1411 3041 1475 3108 Em·

365 3145 498 3209 manuel
602 3187 610 3207 .
627 3145 749 3208 Deinde
768 3145 899 3210 aubdttr
916 3165 934 3208 a
950 3145 1054 3210 Deum
1070 3143 1215 3210 Verbum
1238 3147 1299 3210 lano
1320 3159 1369 3210 est
1386 3161 1474 3210 unam

365 3264 538 3328 porsonam
559 3267 602 3311 en
622 3248 728 3312 tribus
748 3241 923 3314 ‹lt'ninitatia
954 3245 1110 3330 personia,
1139 3265 1212 3310 ooo·
1226 3249 1347 3312 bomini
1373 3263 1475 3328 praae-

365 3354 499 3416 nistontl
522 3344 645 3416 nuttam
667 3371 748 3427 asae,
780 3352 835 3415 aed
857 3353 888 3414 in
911 3361 1006 3417 utero
1035 3353 1186 3416 dominae
1207 3360 1337 3416 nostrae
1357 3357 1476 3416 sanetae

363 3453 530 3533 'gloriosae
551 3449 711 3532 lloiporaa
731 3445 912 3533 ot‘aempar
925 3449 1207 3533 Vlrpinialloriae
1227 3451 1287 3516 aibi
1303 3453 1363 3532 ipsi
1384 3470 1424 3514 ea
1441 3465 1474 3512 ea

367 3553 547 3618 uendidisse
562 3554 592 3614 in
607 3549 745 3634 propria
756 3551 1038 3634 pepsooa'oarneur
1054 3554 1145 3618 nebia
1162 3551 1475 3622 consubstantialem,

368 3662 401 3718 et
415 3654 541 3720 eisdem-
551 3656 681 3718 omnioo
696 3652 899 3736 passionibus
916 3655 1104 3732 obnoxiam,
1119 3662 1353 3735 praeterquam
1373 3667 1477 3734 panea·

368 3763 415 3834 to,
439 3773 578 3839 eamque
598 3760 703 3822 antina
727 3756 879 3821 rationali
902 3765 935 3820 et
957 3756 1148 3837 intelligenti
1169 3757 1346 3820 animatam
1348 3795 1476 3818 .......

420 3888 426 3898 ·
444 3857 695 3936 «Quamobrem
712 3875 813 3921 unum
824 3857 975 3922 eumdem
987 3857 1183 3922 oonlitemur
1194 3857 1373 3929 Christum,
1388 3869 1478 3919 unam

368 3975 555 4039 personam,
587 3976 685 4022 unam
718 3957 972 4035 subsistentium,
995 3955 1099 4021 Deum
1131 3957 1230 4022 simul
1258 3963 1291 4019 at
1313 3957 1477 4019 bominem.

366 4059 488 4125 Omnes
512 4061 673 4139 sermoni
695 4058 792 4122 aliter
811 4059 967 4134 sentiunt,
983 4057 1308 4132 anathematizamus,
1322 4065 1355 4120 ot
1374 4073 1392 4118 a
1411 4069 1479 4117 aaa·

368 4173 418 4226 eta
440 4161 609 4228 catholieo
632 4172 664 4224 et
688 4161 874 4241 apostoliea
897 4159 955 4224 Dei
979 4157 1122 4224 Eoeloaia
1144 4160 1268 4224 alienos
1287 4159 1477 4240 judicamus

369 4263 452 4332 Cum
475 4263 575 4347 igitur
606 4272 696 4328 reeta
717 4263 882 4344 dogmata,
904 4261 990 4343 quae
1012 4279 1030 4324 a
1054 4261 1173 4326 sanetis
1196 4257 1348 4325 Patribus
1369 4255 1478 4322 tratita
