3138 4950
351 411 413 481 382

432 514 608 599 «Byzantii
634 533 714 596 grex
736 521 806 578 erat
830 513 1113 591 muliercularum,
1141 534 1226 596 quae
1257 518 1287 581 iu
1314 518 1454 598 lupanari

348 619 472 680 servire
485 618 594 680 veneri
610 615 832 696 adigebantur.
849 615 931 679 Cum
946 619 1029 680 euim
1053 619 1127 681 leno
1142 625 1206 683 tam
1221 629 1312 683 arcte
1330 636 1385 684 eas
1399 622 1458 684 ale·

351 727 413 794 ret,
429 728 465 781 ut
485 727 631 781 extrema
653 720 789 797 penuria
805 733 970 797 uunquam
992 720 1132 795 exirent,
1155 737 1283 783 necesse
1306 720 1460 784 lambant

348 821 556 900 quotidianae
569 818 693 883 libidini
706 837 741 883 se
757 820 955 898 permittere.
971 819 1099 901 Corpus
1111 820 1270 887 subitario
1284 824 1375 887 cuitu
1390 841 1457 888 cum

347 922 463 1002 ignotis
484 921 654 1001 obviisque
674 920 861 983 miscebant.
893 919 1016 985 Verum
1038 920 1241 986 iusrtutauus
1270 925 1457 1005 imperatur,

348 1029 380 1085 et
401 1019 570 1084 Theodora
593 1030 731 1100 augusta
753 1039 827 1085 cum
851 1041 893 1084 ex
914 1026 1078 1086 communi
1107 1025 1193 1087 inter
1210 1043 1246 1086 se
1266 1024 1378 1088 studio
1400 1028 1458 1104 pie

349 1123 421 1185 latis
442 1123 548 1185 omnia
571 1121 726 1195 iacerent,
749 1122 908 1185 rationem
930 1121 1013 1186 lianc
1034 1123 1187 1188 inierunt.
1213 1122 1320 1188 Pulsis
1339 1123 1457 1188 lenoni·

347 1224 419 1297 bus,
442 1221 670 1288 abominandus
691 1220 873 1287 lustrorum
893 1221 1007 1287 sordes
1027 1224 1197 1304 ejecerunt
1208 1245 1219 1303 ;
1238 1225 1457 1308 foeminasque

349 1321 528 1401 egentiores
548 1321 658 1384 seruili
673 1319 807 1384 luxuria
832 1320 1025 1396 liberarunt,
1045 1323 1087 1384 ita
1109 1321 1295 1399 efficientes,
1311 1337 1347 1388 ut
1365 1329 1457 1391 vitam

348 1423 465 1486 nemini
487 1425 712 1503 mancipamur,
734 1431 767 1484 et
784 1422 931 1502 junctam
956 1441 1030 1486 cnm
1052 1423 1202 1488 libertate
1234 1428 1457 1492 continentiam

348 1525 503 1588 colorent.
519 1522 576 1587 llis
597 1525 640 1586 ita
662 1525 856 1598 constitutis,
873 1525 905 1585 in
926 1541 966 1587 co
989 1524 1062 1589 ireti
1083 1526 1206 1600 littore,
1223 1528 1310 1607 quod
1333 1530 1366 1590 in
1384 1527 1458 1594 Pou-

350 1635 421 1690 tum
441 1625 607 1690 Euxinum
628 1624 852 1706 nauigantibus
872 1625 1025 1690 dextrum
1047 1635 1107 1698 est,
1131 1635 1273 1692 retorem
1295 1631 1456 1709 regiamiu

348 1729 579 1792 monasterinm
592 1727 797 1818 splendidum
812 1735 981 1793 mutarunt
989 1749 1001 1806 ς
1018 1738 1054 1792 ιιι
1069 1747 1108 1792 eo
1124 1739 1274 1811 receptae
1288 1731 1455 1804 foeminae,

348 1849 430 1910 quas
451 1838 617 1894 anteaetcu
641 1830 724 1894 ritae
747 1832 940 1910 poeniteret,
971 1832 1099 1893 intentis
1120 1833 1233 1895 animis
1254 1831 1365 1896 divino
1395 1835 1456 1896 eul-
1549 1867 1550 1870 =

350 1938 409 2010 tui,
433 1942 613 1999 contractas
644 1932 829 1996 meretricio
852 1933 1000 1996 instituto
1031 1951 1132 1996 noxas
1159 1936 1295 2014 piarent.
1329 1935 1390 2000 Cui
1415 1937 1456 1999 rei

348 2045 560 2100 consentaneo
577 2035 704 2097 nomine
722 2031 920 2114 poenitentia
941 2035 1061 2097 dicitur
1082 2034 1143 2098 ltoc
1165 2035 1341 2100 mulierum
1364 2037 1457 2101 domi·

348 2139 471 2200 cilium.
496 2135 608 2200 Eidem
630 2136 825 2198 munasterio
846 2135 970 2217 amplos
992 2136 1114 2199 reditus
1135 2139 1457 2218 uterqueattriliui13

347 2239 518 2318 multaque
539 2237 690 2300 cubicula
713 2235 900 2302 aedificavit
922 2237 1042 2301 decore
1061 2247 1094 2300 et
1113 2238 1287 2318 splendore
1308 2242 1457 2311 maximo,

348 2340 501 2405 solatium
523 2339 664 2400 allatura
689 2337 848 2403 loeminis:
872 2357 976 2421 oeque
999 2339 1168 2403 necessitas
1195 2342 1340 2405 studium
1362 2345 1456 2406 couti·

346 2444 472 2506 nuntiae
487 2445 797 2524 quomodocumque
819 2441 1012 2521 iniriugat.»
1029 2442 1089 2505 Cui
1104 2442 1242 2520 sapienti
1258 2442 1397 2505 consilio
1413 2461 1457 2506 re

346 2546 481 2625 spondet
502 2548 603 2609 altera
625 2543 797 2610 luetinicni
820 2543 1015 2610 constitutio
1030 2539 1116 2606 xit.
1139 2559 1240 2620 usquc
1261 2539 1298 2604 irs
1320 2543 1388 2605 loeo
1404 2561 1457 2624 per

349 2645 518 2728 imperium
533 2645 718 2710 Rumonem-
729 2645 853 2708 lenones
873 2645 947 2709 sint.

426 2746 467 2812 Et
488 2750 550 2812 lroc
570 2766 647 2812 sano
676 2749 986 2828 praestantissimum
1017 2744 1190 2809 iustiniani
1211 2753 1243 2807 et
1269 2743 1456 2808 Theodorac

348 2867 442 2928 opus,
464 2868 609 2929 suaeque
624 2849 750 2929 pietatis
771 2849 893 2928 insigne
914 2855 1156 2910 monumentum
1171 2848 1279 2911 solnm
1299 2847 1457 2912 sufficeret

348 2948 388 3013 ad
421 2949 622 3014 illudendum
653 2967 789 3014 suorum
829 2949 1092 3012 adversariorum
1123 2950 1396 3024 simulationibus,
1426 2967 1455 3011 a·

346 3051 407 3114 deo
429 3061 477 3127 ut,
492 3051 597 3132 siquid
620 3049 727 3128 ambo,
748 3050 835 3130 quod
858 3050 994 3112 hominis
1015 3059 1075 3126 est,
1097 3056 1295 3128 peccassent,
1317 3049 1401 3114 istud
1415 3067 1451 3112 es

349 3160 438 3214 tanto
459 3149 614 3213 beneficio
636 3150 796 3213 hnmanae
823 3160 856 3212 ct
877 3152 1071 3214 christianae
1091 3153 1238 3215 societati
1269 3151 1392 3214 collato
1412 3169 1455 3212 re·

348 3269 495 3332 pensum,
517 3251 695 3314 obductum
720 3252 895 3314 mansisset.
924 3249 965 3314 Et
992 3252 1054 3314 ltoc
1075 3267 1190 3314 revera
1214 3252 1391 3331 piissimum
1411 3267 1455 3313 sa·

348 3353 502 3434 plenaque
517 3353 655 3431 Augusti
677 3362 710 3415 et
725 3353 892 3433 Augustae
906 3353 1077 3417 consilium
1098 3352 1218 3416 clamat
1239 3353 1397 3416 advorsus
1411 3371 1454 3413 re

347 3461 455 3519 centes
477 3455 683 3517 humanitatis
704 3456 938 3517 instauratores
953 3476 961 3516 ι
977 3471 1120 3535 quorum
1140 3453 1286 3518 studium
1308 3453 1454 3534 impendi·

350 3563 406 3618 tur
426 3573 489 3618 non
510 3557 541 3617 in
562 3554 761 3630 cohibendis,
777 3555 831 3618 sed
855 3557 886 3616 iu
907 3555 1046 3634 publicis
1059 3554 1233 3634 erigendis,
1256 3554 1453 3634 protegendi·

347 3658 556 3720 meretricum
578 3655 727 3720 domibus
739 3675 750 3736 3
772 3673 839 3736 quo
862 3665 933 3718 tuto
954 3657 1180 3719 convenientes
1194 3664 1227 3718 et
1247 3655 1340 3734 quasi
1362 3655 1454 3717 hono·

348 3767 450 3833 ratae,
467 3775 501 3820 se
522 3765 554 3820 ct
574 3756 654 3820 alios
669 3759 700 3820 iu
723 3757 933 3835 perditionem
957 3757 1100 3820 trahunt.
1148 3793 1151 3798 -

426 3857 563 3921 llcmum
586 3855 764 3937 Procopius
786 3858 943 3921 diuturno
964 3868 1081 3920 exacto
1101 3858 1209 3922 studio
1232 3860 1263 3920 in
1286 3859 1347 3921 lucc
1367 3858 1453 3919 adur-

347 3959 451 4021 uando
468 3959 590 4022 lamcso
604 3958 716 4021 libello
738 3961 894 4020 adsersus
915 3957 1148 4031 lastinianum,
1165 3958 1349 4021 concludit:
1369 3955 1453 4020 «Uli

346 4077 426 4124 reru
448 4060 661 4134 iustinianus,
676 4059 836 4138 siquidem
860 4060 957 4123 homo
972 4061 1039 4139 ipse
1059 4059 1291 4134 escuncias
1313 4057 1451 4121 laumauis

348 4162 535 4238 excesserit,
560 4161 609 4224 rel
631 4163 657 4225 si
690 4160 851 4223 furiarum
875 4160 1023 4240 princeps
1045 4177 1096 4223 res
1118 4159 1274 4222 humanas
1295 4155 1451 4228 everterit,

350 4264 551 4344 quicumque
572 4262 812 4342 superfuerint,
836 4263 866 4326 id
889 4270 1091 4343 compertum
1115 4259 1323 4323 nabebunt.»
