3028 4942
1096 429 1158 498 153

485 533 623 604 ctPtJt
643 531 729 601 xlv.

64 733 314 800 ddnwnmnruns
334 739 557 805 mnnettuotnr
579 749 766 821 argumento
785 751 898 806 eontra
925 739 1051 824 Rufini
1071 743 1162 822 fidem

95 845 155 899 tom
174 856 188 899 e
208 836 275 902 ruis
296 838 425 920 seriptis
444 849 510 904 tom
531 859 570 904 en
590 852 772 906 sanctorum
792 841 936 906 uirorum
960 839 1157 907 testimonio:

94 955 222 1018 peneum
235 939 339 1020 magis
363 939 508 1023 Origerss's
530 961 629 1008 caeru
653 961 693 1006 en
716 943 854 1008 tonatur
870 941 940 1006 ersis
958 943 1026 1024 ugit
1049 943 1160 1008 trium·

92 1041 191 1117 pium.

68 1281 199 1408 Deinde
215 1353 255 1408 ut
270 1346 409 1425 amptius
423 1355 547 1412 constet
568 1352 691 1434 integre
713 1350 830 1416 Ruflni
855 1351 945 1428 tides,
961 1350 1161 1430 proindeque

69 1445 157 1535 ninus
175 1451 274 1510 caute
288 1445 386 1511 inisse
399 1447 441 1510 ab
454 1447 654 1534 Hieronymo
668 1452 834 1533 culpatum
840 1472 852 1532 3
867 1455 923 1532 qui
941 1459 1162 1530 praesumptos

69 1541 196 1624 origenis
217 1565 351 1632 errores
372 1549 475 1614 eidem
496 1549 626 1615 ldnffino
647 1553 826 1633 inscripsit,
848 1571 922 1616 cum
945 1572 1002 1617 nen
1022 1551 1079 1615 itte
1100 1569 1160 1613 nec

71 1643 116 1707 iste
129 1647 245 1712 similis
267 1652 451 1730 cogimini,
476 1650 572 1734 trojus
593 1653 815 1734 disquirantur
834 1655 964 1734 scripte.
987 1651 1079 1730 Quue
1101 1651 1160 1715 etsi

73 1763 151 1824 perro
171 1767 314 1814 numero
333 1755 514 1831 supersint,
537 1761 642 1820 temen
664 1754 829 1833 proposito
848 1753 1018 1827 sufficient,
1040 1753 1162 1832 specia-

72 1845 159 1910 tinio
180 1869 250 1930 quo
273 1853 318 1916 eit
339 1851 576 1938 Hieronymus,
598 1852 770 1934 origenem
802 1873 876 1917 cnm
900 1853 1028 1919 nomon
1050 1851 1164 1915 tunda-

70 1958 156 2011 menta
174 1951 295 2033 jecisse
327 1952 558 2034 Pelagianismi.
594 1954 640 2018 De
671 1955 733 2019 hoc
754 1965 862 2019 sutem
895 1957 1030 2036 corripit
1059 1957 1163 2034 ipsum

70 2065 89 2108 s.
107 2047 223 2116 Ductor
242 2055 278 2115 in
298 2054 433 2134 epistota
454 2055 493 2117 ad
516 2053 775 2135 Ctesiphontem:
810 2057 865 2119 nbi
887 2053 1019 2136 Evagrii
1044 2055 1169 2136 pontici„

70 2145 104 2208 ds
121 2151 259 2232 Apntdio
277 2155 345 2216 sire
367 2153 622 2234 impossibilitate
642 2158 813 2220 sententias
829 2157 940 2238 attegit
950 2176 962 2236 ;
981 2175 1100 2237 easque
1116 2172 1165 2218 ns·

70 2251 134 2313 terit
147 2252 313 2318 Rudinum
329 2257 420 2319 istius
434 2257 629 2338 discipulum
644 2276 686 2320 ex
700 2259 945 2338 graecolatinus
968 2257 1079 2320 iecisse
1100 2255 1162 2322 Ec·

72 2349 172 2417 elesino
192 2357 385 2421 occidentali
407 2359 586 2422 trudendus.

137 2452 217 2521 Anto
233 2477 314 2523 vero
333 2470 563 2524 recenseantur
581 2459 865 2542 Origeuissensus,
889 2477 965 2523 cnm
988 2465 1121 2532 constet,
1138 2457 1164 2518 i·
1248 2509 1251 2519 .

72 2569 151 2631 psum
161 2557 277 2640 jecisse
292 2558 497 2624 fundamenta
514 2559 748 2642 pelagianismi.
762 2560 911 2641 Pelagius
926 2560 1052 2640 negavit
1067 2560 1166 2621 inter-

73 2671 121 2719 nae
132 2661 254 2738 gratiae
273 2663 438 2726 nobiscnm
455 2665 657 2743 cooperantis
672 2664 892 2727 necessitatem
907 2661 945 2724 nd
960 2661 1115 2724 soluturis
1131 2678 1166 2723 o·

73 2771 150 2834 pern,
160 2769 261 2826 totum
271 2762 405 2826 illorum
418 2764 606 2828 facultatem
619 2765 672 2828 uni
683 2765 788 2828 libero
799 2765 934 2827 arbitrio
947 2765 1090 2827 tribuens
1101 2769 1164 2824 etc.

74 2857 271 2928 dormandus
288 2884 365 2928 rero
378 2865 415 2928 in
430 2865 591 2930 Prodicum
604 2865 633 2937 d.
649 2887 691 2931 ex
707 2868 833 2932 verbis:
851 2865 944 2929 multi
961 2863 1086 2939 dieunt,
1098 2862 1169 2944 quis
1231 2893 1235 2902 1

72 2962 189 3027 ostendit
219 2963 309 3028 nodis
328 2961 438 3030 dena?
463 2975 575 3030 contra
606 2968 701 3032 tatem
723 2969 904 3048 opinionem
935 2983 1079 3046 pugnans
1100 2966 1165 3027 ait:

74 3057 259 3136 «Quonam
280 3067 380 3146 igitur
393 3068 474 3130 bons
500 3072 582 3144 sint,
604 3086 688 3149 qnae
709 3069 811 3132 tibere
832 3085 894 3131 non
914 3068 1163 3146 suscipiuntur,

73 3175 145 3225 nuuc
163 3167 336 3232 dicendum
355 3177 425 3247 est,
456 3172 608 3250 qnoniam
632 3189 746 3234 rerum
768 3179 815 3234 est
842 3169 896 3233 id:
930 3164 995 3230 ciri
1017 3165 1169 3229 Dcnrirm

72 3263 270 3344 eedifieaoerit
282 3271 420 3344 domum,
441 3273 564 3350 [rostro
585 3271 887 3353 internunciusque·
907 3267 1075 3350 aedificant
1089 3285 1167 3329 eam.
1229 3275 1234 3290 ‘

74 3360 123 3428 u:
144 3366 208 3432 oiri
229 3368 383 3436 Dominus
402 3371 584 3437 crutodirrie
614 3370 795 3449 einum,
814 3375 940 3455 (rostro
959 3369 1092 3450 nipitnt,
1114 3367 1171 3450 qui

74 3469 192 3533 custodit
210 3491 288 3535 eom.
312 3473 468 3539 detincat
488 3475 620 3539 domum
641 3479 839 3556 quicumque
861 3473 1000 3555 proficite
1027 3471 1168 3535 custodit

75 3566 234 3650 ciritstem,
257 3576 457 3654 quicumque
477 3577 662 3656 periectos:
688 3594 804 3640 vanum
826 3585 934 3640 autem
956 3591 1037 3653 opos
1058 3571 1169 3636 aediti·

77 3674 183 3752 tantis,
204 3683 238 3738 et
259 3693 340 3739 rana
361 3678 506 3741 custodie
528 3678 698 3752 servantis,
722 3678 779 3738 nisi
801 3675 955 3740 Dominus
976 3672 1169 3736 aedificare·

78 3769 122 3848 rit,
132 3782 163 3837 et
171 3773 325 3840 Dominus
336 3779 539 3842 custodierit.
554 3779 657 3844 Extra
669 3777 803 3842 liberam
816 3780 1015 3842 rotuntetem
1026 3783 1169 3838 nostram

79 3867 163 3938 inerit
175 3877 307 3955 bonum,
325 3880 430 3944 virtus
444 3878 583 3957 Domini,
597 3898 682 3960 qnae
701 3880 894 3944 aedificantis
914 3877 1169 3942 aedificationem

80 3969 210 4056 adiuvat,
232 3986 265 4042 et
284 3980 315 4043 ei
335 3980 530 4061 opitulatur,
553 3999 683 4062 unaque
703 4001 777 4045 cum
799 3999 839 4044 eo
859 3978 1017 4056 aedificet,
1040 3978 1095 4059 qni
1116 3994 1170 4040 ee·

80 4069 275 4146 diicattouem
296 4099 357 4163 per
375 4099 410 4145 se
424 4099 649 4148 consummare
670 4101 733 4147 non
755 4089 869 4164 potest.
892 4081 980 4144 ldem
1002 4079 1042 4143 dc
1063 4085 1172 4144 ensto-

79 4171 133 4238 dite
152 4183 278 4246 civitate
306 4182 508 4248 sentiendum
537 4192 596 4249 est.
618 4180 663 4247 Et
685 4183 957 4266 quemadmodum
979 4181 1005 4243 si
1026 4179 1167 4242 dicerem

81 4272 181 4346 bunum
200 4283 449 4366 agriculturae,
473 4285 560 4366 quod
583 4284 729 4352 tructam
749 4283 857 4363 efficit,
879 4285 1016 4348 mixtum
1039 4297 1107 4344 esso
1128 4294 1170 4340 ex
