3174 4946
335 367 519 557 marisam.
537 473 660 554 Tertio,
675 477 762 557 qood
785 476 965 540 maximum
985 482 1045 548 est,
1061 475 1216 555 quodque
1237 473 1358 540 Huidni
1373 476 1446 556 ‚ani-

334 597 423 641 mum
444 577 620 642 sollicitum
642 585 800 660 perpetuo
822 579 937 665 tenuit,
960 583 1074 657 utpote
1093 576 1153 640 sibi
1174 578 1445 658 incomprehensi-

335 679 414 756 bile,
430 681 595 762 quomodo
612 683 661 744 sir
675 683 723 745 oti
738 680 909 762 Origenes,
922 696 1021 761 qoem
1036 696 1130 742 nemo
1144 678 1284 744 delirum
1300 697 1445 759 unquam

226 827 229 834 .
332 781 365 844 in
387 783 452 844 rita
482 789 755 855 annuntiaverat,
789 790 853 844 tam
872 779 1029 844 absurdas
1059 779 1230 844 sententias
1254 779 1446 859 onmpiexos

334 881 460 960 inisset,
481 901 519 946 an
539 883 679 963 amplios
699 885 732 945 io
744 883 912 962 antilogus
932 883 1043 962 inpane
1057 881 1097 943 dn
1111 880 1231 944 eisdem
1249 881 1447 961 quaestioni·

334 982 408 1058 bos,
429 1001 467 1046 ao
487 983 685 1066 innutriendo
707 983 861 1047 materis:
880 981 968 1063 qood
989 999 1053 1045 non
1074 981 1132 1044 nisi
1153 980 1193 1044 de
1213 981 1324 1044 insano
1345 980 1446 1061 eonji·

333 1102 411 1148 nere
430 1083 554 1148 iioeret.

405 1180 464 1246 His
489 1184 614 1248 soeedit
637 1183 827 1270 Hieronymi
856 1184 1066 1249 ioeoustentia
1087 1182 1120 1246 in
1145 1183 1207 1244 hae
1230 1181 1442 1262 quaestione,

332 1281 453 1350 Huiiini
469 1283 682 1349 uniformitati
696 1287 827 1350 collatu.
840 1286 922 1351 Cum
936 1288 1021 1350 enim
1035 1284 1079 1347 ob
1090 1283 1180 1347 illam
1194 1279 1384 1368 Hieronymi
1399 1283 1446 1346 in·

332 1387 543 1450 constantiam
557 1387 653 1450 dubia
670 1387 759 1451 nobis
780 1389 970 1468 ingerantur
982 1387 1064 1450 adeo
1079 1396 1114 1450 ot
1134 1387 1305 1468 honorque
1318 1385 1447 1466 ignore

332 1507 404 1554 mus
421 1488 488 1566 obi,
506 1496 539 1552 et
552 1489 730 1569 quomodo,
743 1497 776 1552 et
789 1497 947 1570 quantum
962 1489 1163 1554 sentiendum
1177 1489 1221 1550 sit
1236 1489 1276 1550 de
1289 1485 1445 1568 Oripen03

334 1589 409 1651 hino
430 1607 508 1653 sero
531 1592 637 1654 virum
658 1591 894 1656 animadvertes
915 1591 976 1654 sibi
996 1591 1161 1654 eunonium
1182 1586 1369 1662 Rufinum,
1392 1605 1444 1652 ae·

332 1707 399 1771 qna
420 1691 514 1756 ianoe
534 1692 654 1772 scripte
677 1690 859 1755 Adamantii
874 1691 1105 1771 perimentem,
1121 1707 1225 1770 eaque
1248 1687 1371 1768 ubique
1394 1706 1445 1752 se·

332 1791 414 1856 doio
429 1793 665 1868 discutientem,
681 1810 863 1871 eorumque
875 1801 1058 1855 scrutatum
1073 1791 1329 1871 consequentius.
1347 1787 1389 1852 tu
1401 1789 1445 1853 ob

333 1893 396 1958 hoo
416 1893 542 1957 interim
563 1893 641 1955 mihi
663 1891 769 1972 plaeet
790 1892 968 1957 lectoribus
989 1893 1143 1973 objicere,
1163 1909 1248 1971 qnse
1267 1889 1309 1954 de
1330 1887 1446 1954 Hiero·

332 2012 432 2079 opino
452 1995 511 2058 etsi
532 1994 623 2057 istius
643 1993 827 2069 studiosus,
853 2012 890 2057 ae
913 1992 1044 2057 Huiiinu
1065 1993 1191 2056 Hostilia
1205 1993 1237 2055 in
1253 1992 1314 2056 itae
1333 2009 1444 2066 musa,

332 2095 472 2161 Hoetins
499 2097 620 2158 scribat
647 2096 678 2157 in
709 2093 807 2161 Libro
828 2095 870 2159 li.
900 2093 1166 2175 Oripens'nssoruus
1190 2112 1218 2157 e.
1246 2091 1301 2156 Ν.
1323 2111 1354 2154 ιι.
1376 2089 1440 2158 toz

331 2221 348 2262 u
369 2197 538 2275 Quamvis,
561 2198 687 2279 inquit,
711 2183 771 2262 viri
793 2198 837 2278 pii
857 2205 891 2261 et
910 2198 1086 2262 orthodoxi
1106 2195 1215 2261 oitieio
1237 2195 1368 2260 innotus
1388 2196 1443 2272 sit,

331 2319 406 2364 oum
427 2301 551 2379 agnitos
565 2297 759 2380 Oripeuismi
780 2317 910 2362 errores
931 2299 1086 2379 ejurasit;
1102 2297 1244 2378 optabile
1266 2306 1372 2360 tamen
1393 2296 1443 2360 io·

331 2407 402 2476 ret,
425 2410 462 2463 ot
481 2399 699 2463 sanctissimus
720 2398 776 2462 iiie
797 2398 912 2461 doctor
938 2399 1137 2461 constantior
1155 2397 1254 2460 animi
1276 2396 1390 2462 inisset
1410 2405 1444 2462 et

330 2500 550 2580 moderatior3
570 2518 674 2580 oeque
695 2509 759 2562 tam
782 2499 879 2563 inciie
899 2499 955 2562 biii
977 2517 1056 2562 suae
1078 2499 1190 2564 inisset
1211 2499 1442 2579 morigeratos,

328 2607 368 2665 ot
387 2601 419 2664 io
446 2601 607 2664 eontraria
629 2617 689 2680 pro
709 2618 821 2663 rerom
843 2608 875 2663 et
896 2607 1079 2678 temporum
1100 2601 1226 2664 ratione
1247 2600 1333 2662 tratri
1354 2608 1444 2665 seat

327 2701 446 2783 jactari
461 2702 609 2780 sivisset3
631 2716 862 2781 nonuunquam
884 2699 981 2762 etiam
998 2702 1157 2764 maximos
1174 2701 1261 2764 siros
1282 2701 1444 2764 amarissi-

329 2807 388 2866 mis
403 2803 550 2866 consitiis
568 2800 771 2879 perfodisset.
789 2799 967 2864 Fatendum
983 2803 1104 2882 quippe
1118 2811 1167 2866 est
1180 2801 1269 2880 jore,
1285 2819 1361 2866 enm
1372 2819 1444 2866 sae-

328 2921 370 2984 pe
391 2921 408 2966 a
432 2901 564 2966 Hoiiiuo
586 2902 685 2966 tuisse
706 2903 939 2981 reprehensum
949 2924 961 2984 5
975 2921 1071 2985 saepe
1092 2905 1189 2966 etiam
1211 2901 1379 2966 Hoiiinum
1398 2903 1441 2966 ab

327 3003 443 3068 'eodem
464 3008 531 3067 siue
552 3021 649 3067 cause
672 3002 769 3067 inisse
790 3004 1004 3084 pulpitum.»

409 3103 632 3168 Diversimude
661 3122 762 3183 porro
789 3103 960 3170 dicendum
981 3115 1030 3169 aet
1050 3105 1090 3168 de
1113 3104 1247 3170 Hnifioo
1257 3127 1269 3186 3
1301 3107 1358 3186 qui
1379 3107 1440 3170 etsi

327 3209 436 3271 animo
459 3205 659 3285 quaudoque
677 3207 921 3271 excandescenti
943 3203 1144 3291 Hieronymo
1158 3208 1313 3270 restiterit
1326 3209 1358 3270 in
1379 3207 1441 3269 irae

327 3306 557 3386 disputatione,
581 3312 686 3368 tamen
699 3324 735 3368 se
754 3323 790 3368 se
811 3307 841 3370 io
857 3306 971 3369 ordine
992 3307 1161 3371 continuit.
1178 3303 1275 3381 Quod
1296 3307 1440 3386 primurn

330 3408 371 3472 de
390 3405 532 3487 Origene
552 3407 734 3484 potaverit,
757 3408 797 3471 de
817 3409 930 3472 eodem
953 3409 1092 3472 ulterius
1111 3408 1210 3471 sensit
1229 3427 1268 3472 ao
1287 3409 1416 3489 soripeit
1426 3429 1439 3488 5

331 3509 409 3588 quin
430 3526 489 3572 nee
508 3511 649 3586 enipeum
670 3509 842 3587 proderet,
863 3519 923 3572 aut
941 3509 1090 3590 Origenis
1110 3509 1324 3572 aestimationi
1345 3510 1441 3574 dero·

329 3618 445 3693 paret,
466 3627 525 3672 seo
545 3610 620 3690 plus
639 3629 744 3690 aequo
766 3610 911 3692 ejusdem
938 3611 1163 3690 acquiesceret
1182 3611 1357 3676 doctrinis:
1380 3627 1441 3674 oen

328 3711 435 3775 molto
456 3711 573 3786 minua,
587 3711 675 3790 qoud
697 3712 741 3776 ibi
755 3711 948 3786 aedificarit,
965 3713 1041 3774 aiibi
1055 3713 1239 3778 destrueret
1248 3732 1260 3790 5
1280 3713 1332 3776 sel
1351 3712 1441 3793 qood

327 3813 438 3878 mitius
459 3811 513 3876 hie
534 3812 574 3874 de
595 3811 740 3876 Auctore
760 3813 854 3888 uixit,
876 3813 953 3876 aiibi
974 3814 1088 3877 durius
1109 3815 1316 3878 instauraret.

408 3911 640 3978 Verumtamen
655 3916 768 3996 nequis
783 3917 909 3978 iuterim
932 3915 1117 3979 offendatur
1130 3915 1171 3978 de
1191 3915 1241 3990 iist
1263 3931 1348 3994 quse
1361 3910 1440 3976 Hie·

326 4032 482 4099 roupmus
501 4017 660 4080 adversus
677 4014 842 4079 lioffioom
862 4017 1040 4095 scripserit,
1056 4025 1089 4079 et
1103 4013 1251 4080 Hnffluns
1266 4011 1441 4094 responde·

327 4119 383 4190 rit,
404 4117 458 4180 sed
481 4135 545 4180 ona
568 4119 699 4198 utrique
720 4119 878 4198 parratio
894 4118 954 4180 iseo
975 4116 1115 4182 terrenti
1135 4117 1352 4191 eontentiooe,
1374 4114 1437 4178 dis·

323 4219 395 4281 sidii
415 4219 541 4281 initium
564 4219 764 4299 perscrutari
782 4218 888 4299 iuvet.
915 4215 986 4282 Hon
1006 4225 1116 4282 entem
1139 4225 1245 4283 totum
1266 4219 1298 4282 in
1321 4217 1433 4298 primis
