2982 4934
342 363 405 436 illb

343 469 535 548 dementius,
560 471 641 536 hane
661 473 746 553 ptam
766 481 800 536 et
820 461 987 554 manicam
1016 475 1066 539 sui
1087 477 1242 540 sermonis
1268 476 1430 542 conclusio·

345 588 416 635 nem
439 592 479 636 ex
501 590 558 635 ore
579 573 696 638 Christi
717 575 856 640 docensr
879 579 922 640 ud
939 577 1041 640 solum
1064 575 1191 641 Putrem
1209 595 1327 642 mecum
1346 588 1373 641 st
1387 595 1431 658 por

341 691 390 734 me
408 670 575 754 diripmdo
594 693 615 736 n
634 673 719 738 nobis
738 676 844 740 oratio
856 687 910 740 ert.
929 677 1006 742 item
1022 678 1123 742 ultera
1145 681 1296 742 sententia
1312 679 1351 742 de
1367 678 1431 743 lesu

342 771 472 854 Origeni
488 776 650 856 inscripta:
666 775 770 840 Filius
787 777 845 840 Dei
854 779 941 842 nobis
962 789 1162 858 comparatas
1176 777 1220 842 'cst
1238 780 1373 854 veritam
1386 780 1433 844 Pa·

342 859 551 939 hironimus
579 877 789 942 menducium.
816 875 1006 944 Horrendus
1031 881 1246 960 blasphemiae
1268 893 1345 945 snut
1370 885 1433 944 istas

343 977 498 1043 adsersus
519 979 691 1044 Dominam
714 991 747 1044 et
767 979 930 1046 Christum
953 981 1034 1064 ejus.
1057 980 1246 1046 llnrrendae
1271 983 1434 1046 calumniae

343 1087 420 1144 sunt
433 1083 512 1144 istae
525 1080 682 1146 aduersus
694 1081 939 1148 sincerissimum
950 1083 1097 1165 origenis
1111 1082 1290 1148 doctrinam
1304 1083 1344 1149 ds
1358 1083 1434 1150 Chri·

347 1183 387 1246 sti
408 1182 586 1248 divinitate.

425 1281 545 1348 Deinde
565 1283 671 1364 quoad
695 1282 876 1360 Isidorum,
899 1286 1082 1370 fratresque
1109 1287 1238 1369 loapos,
1260 1294 1435 1367 ceterosque

341 1387 507 1450 nitrienses
520 1387 705 1460 monachos,
718 1385 887 1468 Theophili
902 1391 1129 1453 assertionibus
1144 1389 1339 1470 comparetis
1349 1385 1435 1450 Geor·

341 1487 384 1566 pil
403 1489 612 1564 enarrationi,
634 1487 809 1552 deducitur
823 1489 929 1570 qualis
951 1489 1064 1553 isidori
1086 1491 1196 1570 culpa,
1212 1491 1286 1572 quis
1306 1488 1434 1552 simulta-

343 1587 382 1650 tis
402 1605 521 1668 causa3
545 1589 616 1668 quis
636 1590 803 1670 popularis
825 1591 985 1655 tumultus
1005 1602 1134 1666 suntor,
1156 1593 1228 1672 quis
1248 1591 1365 1654 excidii
1384 1589 1435 1650 ori·

341 1705 395 1770 go,
417 1691 489 1769 quis
509 1688 648 1770 deniqne
668 1706 817 1770 nequam.
840 1689 982 1754 Isidorus
1003 1710 1042 1754 ne
1064 1709 1103 1755 an
1125 1686 1352 1771 Theophilus?
1373 1689 1435 1752 Pro

343 1787 428 1852 lecto
443 1789 472 1850 ni
494 1788 628 1870 abyssus
648 1789 798 1874 abyssum
820 1790 963 1853 traheret
975 1811 986 1871 3
1007 1791 1076 1854 sive
1100 1793 1130 1853 ni
1153 1793 1303 1870 deinceps
1323 1793 1355 1854 in
1373 1805 1434 1852 can·

340 1907 375 1952 se
397 1888 615 1974 chrysostomi
638 1890 826 1953 innotuisset
848 1892 962 1971 quavis
986 1895 1109 1956 ratione
1129 1890 1302 1972 Theophili
1324 1889 1434 1954 manile

340 1989 475 2054 ctissime
499 1989 643 2072 pertidia,
666 2001 698 2054 et
720 1991 870 2067 alterins,
885 2011 983 2072 qnam
1006 1993 1037 2054 in
1058 1992 1217 2056 Isidorum
1238 2001 1272 2056 et
1294 1994 1326 2054 in
1346 2007 1435 2054 nona·

340 2092 418 2156 chus
446 2091 591 2168 admisit,
615 2092 826 2170 improbitatis
855 2104 981 2157 certum
1010 2095 1184 2167 indicium,
1208 2093 1346 2157 tortasse
1370 2109 1434 2172 qno

342 2193 514 2256 dammodo
534 2192 681 2256 latuisset
696 2211 814 2274 pravus
836 2195 923 2258 illins
945 2197 975 2258 in
991 2197 1152 2275 praelatos
1173 2189 1359 2258 coenobitas
1377 2210 1434 2272 pro

340 2313 448 2358 cessus
471 2294 631 2374 religionis
646 2295 718 2356 nelo
742 2296 865 2359 relatus
877 2315 889 2376 ;
904 2297 1158 2378 eorumdemque
1180 2297 1354 2359 obscurata
1374 2313 1433 2374 pro

240 2395 243 2402 ’
341 2395 447 2458 bitatis
468 2393 551 2456 lemn
573 2394 679 2457 adbuc
701 2399 876 2460 mansisset.
902 2394 1130 2460 Verumtamen
1152 2395 1298 2476 Georgii,
1320 2405 1352 2460 et
1369 2395 1433 2456 alio·

341 2511 415 2559 rnna
438 2495 496 2575 (de
517 2495 635 2574 quihus
656 2495 758 2573 inira)
789 2497 1027 2573 testimonium,
1059 2514 1097 2562 ac
1124 2498 1252 2560 demum
1276 2493 1433 2562 innocentii

339 2593 445 2676 Papae
466 2594 634 2656 anathema
665 2604 776 2658 contra
797 2593 1012 2676 Theophilum
1031 2595 1177 2678 jdctnm,
1208 2596 1312 2677 ipsius
1332 2595 1432 2674 ilapitia

339 2697 539 2775 apertissime
569 2697 802 2775 comprobant:
832 2697 990 2776 quibnsa
1019 2698 1214 2776 quaestionis
1245 2697 1433 2777 origenianas

338 2796 496 2877 principio
512 2814 614 2877 usqne
628 2797 667 2858 ad
682 2795 789 2872 tinem,
805 2798 961 2862 adversus
986 2785 1150 2862 Ecclesiae
1169 2814 1321 2872 canones,
1336 2797 1432 2860 adrer-

339 2916 394 2962 sus
421 2897 497 2979 iarn
521 2899 658 2961 bumana
688 2906 720 2961 et
750 2899 857 2961 divina
887 2900 919 2962 in
949 2899 1096 2961 omnihus
1125 2900 1226 2978 egisse
1255 2898 1430 2966 ostenditur.

340 2997 478 3062 Proinde
500 3000 588 3063 nulla
604 2999 680 3063 tides
702 2999 944 3080 praesentialis
965 3009 1034 3075 est,
1057 3018 1142 3080 queo
1162 3001 1228 3080 ipse
1250 2997 1433 3080 Theophilus

339 3101 490 3180 exposuit
510 3101 549 3164 de
575 3102 737 3164 monacbis
758 3101 789 3162 in
810 3097 939 3164 Litteris
966 3102 1136 3183 synodicis.
1169 3099 1258 3177 Quas
1290 3100 1381 3164 nescii
1407 3103 1433 3158 et

340 3201 512 3265 inconsulti
534 3199 731 3283 Epiphanius
762 3211 795 3264 et
816 3205 955 3265 maxime
979 3201 1193 3285 llieronymns
1229 3208 1431 3284 acceperunt,

341 3305 585 3385 probaruntqne
594 3323 606 3383 3
623 3304 758 3384 aliisque
773 3304 952 3382 praebuere
972 3303 1164 3386 probandas,
1180 3304 1285 3369 minus
1307 3304 1345 3368 da
1360 3310 1430 3368 tante

342 3407 485 3471 auctoris
506 3405 638 3487 pertidia
660 3391 772 3469 cautis.

417 3505 477 3572 Sed
503 3505 594 3568 valde
614 3516 722 3568 nostra
745 3507 876 3568 interest
896 3503 1025 3583 Georgii
1049 3515 1292 3570 mouumentum
1314 3506 1354 3569 ab
1372 3501 1429 3566 aliis

340 3607 463 3670 tiemari
487 3606 631 3684 testibus,
654 3607 769 3688 partim
792 3609 919 3670 coneris
940 3602 1127 3686 Theophili,
1149 3625 1208 3672 sen
1232 3609 1332 3688 ipsius
1351 3599 1431 3668 aetati

339 3717 372 3772 et
393 3709 514 3788 regioni
530 3708 699 3787 proximis.
716 3705 866 3785 Quorum
881 3707 996 3788 singuli
1012 3710 1069 3770 etsi
1086 3709 1170 3771 bend
1188 3717 1321 3774 cunctas
1337 3710 1429 3770 notent

340 3809 436 3872 simul
458 3808 724 3885 circumstantias,
746 3809 818 3871 aliis
839 3809 942 3883 breui,
959 3807 1030 3870 aliis
1051 3806 1189 3888 longiori
1210 3825 1355 3872 sermone
1375 3819 1429 3868 ren

341 3909 600 3989 obsignantibns3
632 3911 840 3974 nihilominus
860 3911 892 3970 in
914 3910 975 3971 boc
1003 3912 1199 3974 conveniunt
1218 3911 1258 3974 de
1279 3902 1428 3988 Theophili

340 4011 544 4090 improbitate
565 4011 720 4073 adversus
737 4011 822 4073 viros
844 4011 1008 4072 innocuos.

419 4108 460 4174 Et
481 4111 634 4190 primum,
655 4107 853 4190 Theophilus
874 4111 905 4170 iu
927 4110 1022 4172 citata
1044 4107 1200 4191 Synodion
1222 4125 1253 4171 n.
1274 4104 1303 4174 6.
1326 4103 1425 4184 inquit,

338 4213 513 4277 'monachos
534 4213 701 4276 nitrienses
714 4213 748 4274 in
761 4225 859 4276 musa
876 4208 988 4277 isidori
1010 4219 1044 4276 et
1060 4209 1209 4292 Oripcnis
1227 4209 1389 4274 edversuu
1401 4213 1427 4263 tt
