3048 4946
1105 330 1164 400 ‘lat

76 441 266 510 ra.»ttet1is
280 459 381 542 pprro
396 443 480 508 idest
490 441 532 506 als
548 439 638 508 initio
653 441 774 514 decreti
789 439 963 506 lastiniani
983 442 1097 504 contra
1112 435 1167 501 Vi·

74 545 175 626 gilium
200 546 229 608 in
250 551 323 607 nota
346 544 512 625 marginali
536 543 681 624 legitera
706 563 723 604 e
745 542 918 607 Addunter
937 539 1000 604 isto
1023 556 1103 620 pene
1123 555 1169 600 sc·

73 654 204 726 poenire
223 645 324 725 (idest
342 663 442 725 snpra
464 645 583 723 citata)
603 662 703 728 espec
721 643 766 708 ud
791 639 996 708 Coliutioaern
1021 635 1110 705 tiit.
1133 636 1170 702 is

77 743 176 810 Codice
201 743 238 808 li.
259 743 326 810 Jois’
348 745 426 811 Cen.
455 742 660 810 Pnriaicnais.
687 743 760 812 Nou
779 751 856 810 runt
875 743 912 807 in
938 738 1171 816 Bcttoeeccnsi,

74 864 159 928 nepae
170 845 204 910 in
217 846 364 913 Ediiienc
378 845 482 927 Sunii,
508 858 536 913 rt
550 846 716 912 luticensi
739 844 853 912 alien
876 841 1089 912 nutrientes.
1106 841 1172 908 Bu·

75 945 173 1010 iuriae
190 957 245 1012 etc.

145 1045 228 1124 Quid
248 1068 326 1130 ergo
347 1049 522 1115 deducitur
546 1049 587 1114 ab
609 1047 707 1132 haina
732 1049 865 1114 chartae
885 1046 1016 1112 delectu
1038 1043 1072 1110 iu
1091 1045 1174 1109 anti·

76 1152 140 1231 qne
159 1149 321 1215 codicibus
345 1158 378 1216 et
398 1152 604 1226 editionibus,
620 1151 679 1216 nisi
699 1150 840 1233 suspicio
862 1149 1028 1216 maniieste
1050 1146 1091 1210 da
1105 1143 1173 1210 iur-

77 1249 133 1312 tira
147 1250 391 1332 interpolatione
413 1251 502 1317 lictis
516 1251 635 1335 Synodi
656 1251 787 1332 quintae
801 1249 899 1315 inlata
923 1258 1035 1314 eontra
1057 1248 1104 1314 rei
1122 1265 1175 1312 re·

77 1351 207 1428 ritatem,
222 1359 254 1414 ei
275 1352 307 1415 in
330 1349 491 1417 Pontificis
506 1350 613 1433 Vigilii
635 1349 870 1432 ignominiam?
884 1349 926 1414 Et
940 1349 1073 1432 quidem
1087 1366 1170 1414 con·

77 1457 120 1514 tre
142 1449 186 1514 rei
208 1453 391 1530 veritatem,
415 1461 452 1517 ut
472 1453 747 1536 praenotavimus,
770 1451 856 1532 qnod
879 1453 980 1532 magis
994 1450 1174 1516 constiterit

78 1551 303 1619 ieColletinnis
322 1556 485 1636 monentis
507 1553 659 1636 expositio
681 1571 739 1635 per
753 1551 889 1619 Consilii
903 1551 1027 1618 Patres.
1051 1551 1174 1616 litidem

78 1671 219 1736 namque,
235 1675 350 1736 nempe
366 1657 396 1719 in
411 1656 593 1725 collatione
604 1651 693 1718 Vlll.
706 1655 896 1720 cemoeterii
911 1651 1177 1736 praecedentibus

78 1754 331 1832 discussionibus,
352 1754 458 1838 Vigitii
471 1757 607 1839 ,saepius
627 1757 796 1822 admissam
818 1755 1081 1822 contestationem
1103 1769 1178 1833 pro·

79 1855 179 1924 lerunt
195 1858 235 1922 de
250 1859 352 1938 ipsius
362 1867 384 1920 'a
400 1857 546 1924 Concilio
559 1859 715 1937 absentia,
730 1866 830 1939 etque
850 1874 913 1921 nne
929 1873 1064 1938 prorant
1083 1853 1180 1922 stteot

77 1957 112 2034 de
130 1970 335 2040 praesumpta
356 1958 463 2042 vigilii
495 1959 739 2037 retractatione,
771 1958 877 2038 deque
898 1956 1042 2042 ejusdem
1063 1953 1178 2022 ideoa

77 2057 227 2144 diptychis
248 2063 428 2126 alencione.
451 2060 573 2126 Verum
597 2061 709 2127 Patres
732 2060 968 2134 tantummodo,
990 2075 1075 2139 qnae
1097 2055 1180 2126 Poti-

80 2162 152 2228 tilex
165 2167 232 2230 sine
246 2165 369 2246 scripto
384 2173 416 2228 et
432 2166 463 2228 in
477 2165 603 2245 seriptis
614 2182 710 2245 saepe
723 2163 949 2229 declaraverat
963 2159 995 2224 iu
1010 2161 1108 2224 trium
1120 2154 1181 2224 Cu·

79 2265 252 2343 pilularum
277 2267 493 2343 damnatione,
523 2266 572 2328 lais
598 2266 749 2330 instantes
779 2269 941 2346 pergente
966 2259 1096 2328 «Unde
1124 2277 1181 2340 pe·

80 2365 202 2432 tirimea
223 2369 404 2432 necessario
436 2369 534 2448 ipsios
558 2363 664 2448 vigilii
688 2367 915 2440 reseranttarn,
945 2365 1084 2444 scriptas
1104 2378 1179 2427 snas

80 2468 301 2546 promissiones
315 2467 511 2548 adimpleres
527 2485 586 2532 nec
601 2469 684 2532 enirn
697 2465 822 2550 justum
838 2483 920 2540 ease,
939 2463 1078 2545 amplius
1090 2478 1182 2532 sceti·

81 2565 182 2630 delum
206 2587 268 2649 pro
299 2569 402 2633 tribus
423 2569 489 2633 istis
511 2567 667 2648 Capitulis
698 2586 846 2634 crescere
866 2575 899 2632 et
919 2561 979 2630 liei
999 2564 1186 2632 Ecclesiam

81 2669 277 2736 conturbari.
309 2667 350 2732 lit
370 2687 430 2750 pro
452 2669 499 2732 tris
519 2669 559 2733 ad
582 2670 769 2734 memoriam
791 2669 862 2750 ojus
882 2667 1095 2749 perduximus
1117 2681 1184 2730 me·

82 2785 137 2848 gna
157 2771 211 2834 ille
236 2769 384 2850 Apostoli
405 2770 554 2850 exempta
576 2779 608 2834 et
626 2769 758 2835 Petrum
782 2769 1034 2835 traditiones...
1050 2764 1138 2832 .Nee
1152 2783 1186 2830 e·

81 2873 141 2934 nim
161 2882 269 2954 potest
287 2873 318 2934 in
333 2871 558 2936 communibus
578 2872 618 2936 de
634 2871 696 2936 lide
717 2871 1000 2953 dicceptationibus
1020 2868 1118 2934 aliter
1132 2885 1186 2931 rc·

82 2971 155 3036 ritas
175 2971 386 3048 manifestari,
415 2990 490 3035 enm
512 2972 735 3054 unusquisqne
756 2972 897 3052 proximi
917 2970 1082 3051 adjutorio
1102 2967 1184 3032 indi·

82 3080 130 3150 get
145 3115 258 3139 .....
277 3070 358 3140 Cum
380 3081 488 3136 antem
505 3074 633 3154 saepius
653 3080 686 3136 et
706 3072 829 3136 anobis
849 3071 998 3134 omnibus
1019 3070 1185 3146 inritatus,

83 3179 112 3236 et
123 3174 254 3255 insuper
274 3175 510 3259 gloriosissimis
527 3172 692 3255 jndicibus
714 3173 815 3235 missis
830 3168 869 3234 ad
891 3172 996 3251 ipsum
1011 3188 1028 3232 a
1045 3169 1186 3250 piissimo
1242 3211 1246 3218 f

84 3269 292 3356 imperatore,
309 3276 455 3357 promisit
475 3276 692 3356 perseipsum
713 3272 753 3336 de
771 3270 883 3338 iisdem
906 3271 1010 3336 tribus
1031 3270 1189 3352 Capitulis

80 3378 267 3442 sententiam
286 3377 479 3459 prolerre.»

160 3477 193 3542 Si
216 3481 284 3560 ipss
306 3476 443 3559 liigitius
464 3478 515 3542 dia
546 3477 658 3543 eadem
681 3477 825 3560 promisit
847 3475 885 3540 dc
908 3473 1010 3538 tribua
1032 3473 1190 3557 Capitulis

86 3579 293 3660 perseipsum
309 3578 459 3660 prolerre
477 3581 691 3658 sententism3
713 3595 816 3659 quere
830 3575 933 3658 pridie
954 3575 1074 3638 dicitur
1095 3572 1191 3639 alu·

85 3681 234 3760 atiniano,
255 3685 322 3764 ipae
342 3682 531 3746 sententiam
554 3689 758 3756 retractasse,
782 3681 910 3760 triaque
931 3664 1110 3746 defendisse
1130 3676 1191 3740 Ca·

88 3780 198 3860 pitnla,
214 3783 417 3847 contrariom
433 3782 555 3848 iactum
573 3781 671 3844 menti
687 3779 798 3860 (quam
813 3795 873 3858 per
891 3787 1013 3858 septem
1034 3785 1194 3846 annosis·

91 3893 218 3960 oneret,
243 3903 283 3960 aa,
295 3882 446 3967 Capitale
467 3878 752 3958 anathematizans)
767 3889 801 3944 et
820 3879 894 3942 ltine
916 3876 1104 3942 mandatnm
1125 3895 1195 3943 asse

90 3986 232 4052 eeclesiis
253 3987 293 4051 de
314 3987 414 4069 ipsius
435 3985 562 4050 nomina
592 3981 777 4046 abradendo
799 3998 815 4041 a
838 3981 938 4044 sacris
959 3978 1131 4059 diptychis,
1152 3978 1194 4043 ai.-

90 4088 152 4149 euti
173 4088 298 4169 legitur
329 4089 359 4152 in
381 4087 529 4170 praelato
549 4083 720 4150 Iustiniani
752 4083 883 4146 decreto
904 4097 1013 4144 coram
1045 4077 1196 4145 Patribus

92 4183 312 4254 notificante?
342 4186 494 4254 Proiecto
514 4183 655 4250 absurda
679 4183 847 4250 videretur
877 4189 940 4246 tam
961 4179 1066 4248 subita
1089 4175 1195 4261 Vigilii
