3170 4958
30 502 32 512 ,
140 436 274 506 deride
295 440 447 510 mundnni
468 441 582 509 desero
603 442 676 508 vols
697 441 783 508 troii.

30 611 31 626 χ
154 537 340 609 Transieror
359 545 399 608 ud
421 545 531 610 nivens
553 544 641 610 Pctri
660 546 728 610 sinc
750 543 881 612 turbiue
900 544 1024 624 cuulss,

29 687 31 724 2
152 639 193 712 lit
214 644 305 710 irunr
326 649 428 728 optuli
446 646 513 728 jone
534 647 673 712 motione
693 645 766 710 soli.

29 801 30 812 ,
151 741 281 812 Litteris
300 749 357 814 illc
375 749 464 813 sinus
485 748 524 814 sd
546 748 680 814 carbaso
702 752 812 814 nostru
833 747 962 828 percult

29 889 30 896 κ
149 843 315 914 Fluctibus
334 849 367 912 in
388 849 513 927 mediis,
536 849 590 914 cui
610 852 664 916 sin
683 850 767 914 siccs
790 848 865 916 iuli.

28 993 29 998 ,
149 943 320 1016 Emensus
342 959 469 1034 potero,
492 957 600 1032 grates
619 951 646 1016 si
669 950 806 1019 reddere
826 969 958 1020 ccssom.

149 1147 217 1215 Hoc
239 1153 307 1232 tibi,
329 1153 446 1235 Magno
469 1152 577 1228 Potor,
599 1173 674 1218 cnm
696 1154 810 1220 deiero
831 1171 949 1222 munus
968 1157 1103 1233 umoris,

151 1248 284 1334 Respice
305 1255 393 1336 quod
415 1257 537 1322 meritis
559 1255 665 1322 debito
686 1256 780 1322 solvo
801 1259 875 1322 luis.

147 1347 190 1415 Tc
210 1353 306 1430 duce,
331 1362 404 1438 tyro
418 1357 531 1438 legor,
553 1364 584 1422 tc
606 1354 757 1436 dogmate
777 1356 866 1424 disco
887 1357 1065 1438 magistros

145 1449 251 1536 Siquid
274 1455 314 1520 sb
336 1475 393 1520 cre
415 1457 532 1537 placet,
556 1456 628 1522 lnus
649 1457 817 1522 monitoris
838 1458 946 1522 crit.»

184 1553 219 1618 ln
240 1556 388 1637 praelato
419 1558 570 1626 Carmine
590 1559 663 1640 quis
693 1577 755 1624 non
777 1559 916 1628 miretur
945 1558 1083 1624 eximius
1101 1555 1212 1640 vigilii
1343 1580 1349 1594 ·

111 1651 239 1721 virtutes
254 1662 286 1724 in
303 1679 438 1726 munere
457 1661 633 1741 pontificali
657 1659 843 1744 longcud03
862 1661 1042 1743 etquidem
1057 1666 1215 1728 tuncne·

110 1768 255 1837 scopere,
278 1779 381 1841 quum
404 1762 531 1842 religio,
560 1762 690 1844 publica
711 1764 812 1840 sulus,
847 1779 1125 1844 romanorumque
1145 1763 1214 1828 sits

111 1853 139 1916 in
152 1857 331 1926 discrimine
347 1861 463 1940 posita,
489 1870 640 1943 tanunm
657 1864 757 1944 ipsius
778 1861 990 1931 sollicitudini
1011 1862 1216 1930 commende·

110 1962 138 2020 tc
158 1960 428 2046 triumpharunt?
449 1961 576 2030 loturos
598 1972 708 2028 nutum
731 1964 850 2045 inspico
865 1962 1039 2029 Aratorem
1060 1982 1124 2029 uon
1145 1971 1215 2030 tnu-

110 2062 173 2124 tum
193 2065 281 2146 quod
305 2067 367 2132 ltoc
389 2064 507 2132 urens
529 2069 741 2147 compegerit,
762 2085 802 2134 sc
823 2062 942 2146 vigilio
963 2065 1139 2132 inscribens
1159 2085 1215 2133 cu·

111 2175 176 2226 rum
197 2185 235 2230 eo
257 2169 445 2236 recitaverit
465 2167 506 2231 ub
527 2167 616 2252 initio
632 2170 704 2232 nuni
725 2165 797 2240 5ll.
821 2169 1048 2234 verumetiam
1069 2175 1103 2232 ct
1122 2167 1165 2232 ibi
1181 2185 1214 2232 s·

108 2263 405 2336 ninsdrertendun
427 2267 590 2334 Pontificio
610 2269 792 2336 encomium
804 2288 816 2348 3
847 2269 936 2350 quod
963 2269 1155 2350 prresertin
1175 2286 1216 2336 eu

109 2367 257 2450 pertingit
277 2370 378 2451 ipsius
398 2376 500 2452 geste,
522 2388 598 2436 cum
621 2370 676 2436 rix
698 2369 784 2436 Petri
806 2367 1000 2437 cathedram
1022 2368 1215 2436 conscende·

108 2467 158 2531 rit.
181 2467 321 2547 Quando
342 2471 476 2548 scilicet,
491 2467 580 2537 Urbe
602 2471 752 2552 sgolthis
771 2471 914 2551 obsesso,
936 2473 1081 2554 undiquc
1099 2472 1215 2554 pugnis

108 2567 373 2654 irrumpentibus,
389 2580 422 2639 cl
441 2573 625 2646 celnmitctc
645 2574 786 2640 musicus
808 2575 927 2656 pressis
946 2575 1085 2652 civibus,
1106 2573 1215 2639 omnis

108 2667 212 2754 vigilii
234 2693 337 2760 opcrc
360 2681 393 2738 et
412 2676 546 2745 consilio
570 2683 629 2742 out
650 2675 774 2753 lemtr,
792 2685 851 2744 sut
869 2687 1023 2760 superato
1047 2675 1213 2741 dicuutur.

107 2765 147 2838 El
168 2773 241 2840 irinc
272 2775 408 2840 tidenter
435 2776 561 2852 asserit,
583 2775 722 2842 sulutem
749 2781 783 2840 cl
804 2778 902 2844 ritum
922 2777 1042 2844 cirion
1062 2775 1105 2842 sb
1131 2776 1214 2858 ipsc,

106 2872 197 2942 sicuti
219 2878 327 2958 gregis
347 2878 437 2942 sulus
456 2895 475 2942 u
497 2886 639 2960 pastore,
655 2877 846 2959 repetendus
865 2897 946 2944 usse.

126 3025 129 3034 .
183 2975 224 3042 Et
239 2980 370 3060 qnidcrn
392 2997 466 3045 cum
481 2976 604 3046 Arctos
624 2980 682 3057 nit,
703 2999 738 3046 so
753 2985 879 3060 perlem
895 2979 993 3046 luisse
1014 2980 1140 3063 populi,
1157 2981 1215 3062 qul

109 3075 183 3144 huic
204 3081 380 3145 discrimini
403 3081 537 3157 adstitit,
570 3082 625 3162 qui
647 3079 793 3162 ejusdem
814 3079 922 3161 Pspnc
945 3099 1008 3162 opo
1028 3098 1047 3144 n
1069 3081 1216 3162 periculo

107 3181 218 3255 orasti,
235 3180 360 3264 quiquo
374 3181 462 3260 ideo,
477 3182 606 3247 dimissu
628 3184 719 3261 sula,
733 3181 773 3248 sd
789 3181 877 3248 Petri
894 3184 1005 3249 mulos
1021 3202 1056 3247 so
1078 3190 1218 3247 trsnstn·

106 3275 156 3355 lit,
173 3279 339 3350 Ecclesiae
360 3283 537 3350 ministerio
557 3283 719 3362 addictus,
742 3286 806 3350 lule
827 3283 920 3349 uobis
935 3281 1145 3348 Pontificatus
1159 3281 1216 3347 Vi·

108 3379 173 3459 gilii
202 3383 329 3450 initium
350 3381 476 3468 objicit,
507 3394 541 3450 et
562 3385 659 3450 tslcm
681 3387 846 3467 pietatem,
879 3384 953 3449 fidei
984 3384 1214 3465 integritatem,

105 3497 233 3548 morum
255 3485 470 3564 sanctitatem,
493 3487 590 3550 snitni
622 3489 910 3569 promptitudinem
930 3487 962 3550 in
983 3501 1119 3552 munere
1138 3503 1216 3568 spo·

104 3584 220 3654 siolico
241 3586 450 3668 perficiendo,
472 3595 510 3654 ut
531 3592 647 3654 morito
670 3591 799 3654 dicutur
820 3587 958 3670 vigilius
980 3587 1019 3653 cd
1046 3587 1134 3654 Petri
1156 3586 1217 3655 Cu·

107 3684 255 3752 thedrsm
276 3686 379 3752 clleo
401 3688 667 3768 resurrection
687 3692 824 3766 electus,
845 3689 949 3756 allec
969 3689 1177 3764 constitutus,
1193 3688 1219 3751 i·

105 3783 175 3852 dcst
203 3789 357 3854 canonico
380 3787 606 3855 Pontificatum
628 3793 736 3856 iniisse
760 3799 794 3856 et
813 3791 1030 3872 inculpabilis,
1055 3807 1220 3872 suumque

105 3887 319 3957 ministerium
340 3890 670 3973 irreprehensibiliter
690 3892 833 3972 gessisse.
856 3891 888 3956 Si
910 3895 994 3957 cuim
1016 3891 1169 3966 ambitus,
1190 3890 1218 3956 si

103 3989 253 4071 sinonis,
267 3994 295 4058 si
317 3994 465 4070 intrusio,
480 3995 507 4058 si
528 3994 682 4066 haeresis,
697 3995 724 4060 si
745 3993 875 4059 demum
898 3993 1120 4069 homicidium,
1136 3993 1219 4059 Pou-

104 4089 197 4158 tificis
218 4094 360 4160 orimum
382 4095 544 4178 suipsius
566 4095 702 4160 exordio
724 4094 927 4174 polluissent,
951 4093 1074 4160 llrator
1096 4095 1147 4158 sir
1161 4111 1220 4160 su·

103 4193 199 4276 licus,
223 4207 256 4264 ct
282 4198 378 4266 culco
407 4197 601 4278 rulcdlccus,
624 4207 660 4264 ut
690 4199 825 4280 propius
856 4197 985 4265 Christo
1011 4197 1163 4274 scusirct,
1184 4203 1220 4262 ct
1293 4207 1296 4214 ⁴
