3186 4946
132 493 182 550 tet
203 487 293 568 quod
318 491 385 568 ipse
411 486 605 553 Athanasius
625 489 724 570 paulo
744 497 816 573 post
836 509 867 556 n.
882 489 932 558 18.
953 480 1041 572 di'cit,
1063 511 1097 560 se
1119 493 1191 558 illus
1206 393 1247 558 (Ξῖ

135 589 307 651 rianorom
333 591 484 670 epistolas
516 601 578 654 tam
611 590 741 656 Eusebii
764 594 1024 672 nicomediensis,
1059 606 1123 660 tam
1146 597 1245 678 buJua

136 686 327 764 Caesareae,
352 701 420 752 tum
441 692 580 756 aliorum
602 711 697 773 penes
718 713 751 756 se
772 713 833 756 non
856 696 994 759 trabere:
1013 696 1161 773 «Porro,
1184 699 1240 773 ait,

136 791 287 868 epistolas
305 793 438 854 illorum
454 813 547 872 penes
563 815 612 856 me
627 812 688 857 non
708 797 832 874 babeo;
848 796 992 876 alioquin
1006 817 1118 860 earum
1134 818 1243 870 exem·

136 891 242 970 plaria
267 893 355 956 robis
388 895 559 958 misissem:
591 897 746 960 missurus
766 914 842 960 sane
861 897 900 975 si,
923 896 991 961 Deo
1014 899 1163 976 volente,
1186 917 1241 964 na·

135 1003 211 1055 ctus
231 993 338 1058 luero.
357 1015 374 1051 a

222 1093 370 1177 Suspicio
386 1117 464 1161 vero
485 1097 524 1162 de
546 1097 712 1164 lalsatione
728 1100 779 1163 vel
794 1100 971 1164 intrusione
992 1101 1090 1182 hujus
1111 1101 1243 1168 Eusebii
1353 1091 1357 1101 ⁵

134 1198 296 1277 epistolae
318 1201 460 1278 augescit
481 1219 520 1262 es
543 1210 719 1264 contextu:
743 1202 798 1263 ubi
819 1221 844 1264 s.
867 1200 1062 1264 Athanasius
1084 1204 1244 1282 peculiari

138 1302 381 1379 nuncupatione
403 1303 528 1364 nomina
551 1320 667 1364 eorum
687 1304 786 1379 citat,
808 1303 864 1382 qni
885 1304 1073 1382 prinsquam
1096 1304 1244 1386 Synodns

134 1403 353 1476 adunaretur,
372 1402 450 1464 Ario
464 1401 690 1467 adhaerebant.
707 1403 824 1467 Scribit
839 1405 920 1466 enim
935 1425 944 1466 ι
962 1405 1176 1485 «Antequam
1193 1425 1246 1470 ve·

135 1523 175 1566 ro
195 1505 326 1566 nicaena
349 1502 495 1588 synodus
510 1505 732 1569 celebraretur
753 1521 866 1569 eorum
883 1505 1113 1586 (arianorum)
1128 1497 1245 1570 similia

135 1609 339 1684 scripserunt
362 1603 533 1682 Eusebius,
557 1603 737 1680 Narcissus,
761 1606 979 1685 Petropbilns‚
996 1606 1109 1684 Maris,
1133 1607 1243 1672 Pauli-

138 1707 233 1780 linns,
258 1705 457 1781 Theodotus,
480 1717 513 1770 et
534 1707 728 1774 Athanasius
750 1706 985 1772 Nazarhornm.
1003 1707 1154 1783 Quorum
1176 1708 1243 1774 Eu·

134 1810 242 1872 sebius
265 1810 505 1872 nicomediensis
526 1829 565 1872 eo
582 1829 769 1890 progressus
790 1819 849 1884 est,
867 1818 905 1872 nt
924 1809 1002 1872 haec
1017 1810 1097 1873 Ario
1110 1813 1246 1891 scripse-

136 1913 179 1972 rit
201 1909 428 1974 etc.nDeinde
450 1912 526 1974 citat
547 1909 677 1974 Eusebii
699 1911 904 1975 caesariensis
926 1913 1106 1989 epistolam,
1128 1930 1166 1976 ac
1188 1930 1244 1991 po-
1329 1927 1333 1938 ·

132 2021 202 2074 stea
225 2013 320 2073 aliam
343 2011 507 2074 Athanasii
531 2009 766 2074 Nazarhorum.
791 2009 922 2074 interim
943 2012 1180 2076 observandum
1195 2021 1244 2078 esi

133 2111 235 2193 hujus
258 2111 388 2177 Ensehii
404 2110 608 2176 caesariensis
630 2112 752 2174 nullam
770 2112 838 2174 lieri
854 2113 1047 2175 mentionem
1062 2113 1244 2178 distinctam

133 2215 223 2274 inter
235 2213 473 2292 praecedentes,
492 2230 574 2292 quos
588 2213 771 2276 nominatim
783 2213 952 2285 aitsimilia
969 2215 1155 2278 arianorum
1170 2233 1246 2296 pro·

135 2314 241 2376 lessos
258 2333 335 2378 esse.
358 2312 468 2388 Quum
494 2332 620 2378 necesse
644 2315 808 2376 videretur
829 2321 865 2376 ut
890 2321 981 2376 antea
1004 2315 1097 2379 illum
1119 2335 1241 2381 memo·

134 2424 240 2478 rasset
261 2433 335 2479 cum
350 2415 476 2491 ceteris,
494 2425 529 2478 ut
545 2415 616 2479 inde
631 2416 730 2493 ipsius
744 2414 911 2494 epistolam
927 2416 1041 2478 citaret
1057 2417 1090 2478 in
1111 2417 1161 2480 sui
1176 2435 1244 2480 ser·

134 2516 240 2580 monis
253 2516 538 2580 confirmationem.
555 2515 656 2598 Cujus
677 2527 781 2578 tameo
802 2533 917 2578 nomen
937 2516 969 2577 in
985 2518 1167 2600 praemissis
1189 2519 1244 2582 de·

130 2620 307 2680 sideratur.
329 2617 424 2693 Quod
441 2620 572 2696 insuper
593 2636 634 2680 ex
656 2617 923 2695 consequentibus
944 2616 1235 2686 robora,tur·n.18=

132 2741 150 2778 a
165 2717 238 2783 Uno
262 2720 359 2782 verbo
382 2720 436 2782 illa
458 2720 504 2780 illi
525 2719 694 2796 scripsere,
710 2719 802 2796 quasi
818 2716 937 2796 singuli
958 2725 1120 2781 certarent
1141 2725 1241 2799 atque

131 2821 385 2896 contenderent,
408 2823 553 2901 quisnam
576 2821 745 2882 haerescos
767 2818 961 2897 impietatem
994 2819 1067 2899 plus
1088 2829 1237 2900 angeret,

131 2933 166 2988 et
191 2926 333 3002 apertius
355 2923 442 2984 illam
466 2923 640 3000 detegeret.
657 2940 674 2980 n
691 2919 783 2996 Quae
805 2929 909 2983 tamen
925 2920 1019 2983 nullo
1036 2923 1113 3004 iura
1129 2929 1243 3000 putan·
1358 2905 1361 2922 '

129 3027 173 3088 da
198 3035 274 3086 snut
295 3026 334 3089 de
360 3025 500 3088 Eusebio
521 3021 717 3097 Caesareae,
750 3023 805 3102 qui
827 3029 996 3103 postquam
1018 3023 1147 3107 synodo
1162 3024 1245 3092 suh·

127 3129 278 3206 scripsit,
298 3147 407 3190 coram
431 3127 573 3190 Ecclesia
589 3145 674 3196 ‚suae
695 3126 767 3188 iidei
786 3124 988 3190 orthodoxae
1009 3124 1240 3203 professionem

126 3229 323 3308 evulgavit,
355 3231 576 3308 rationemque
599 3229 759 3302 reddidit,
792 3246 852 3290 cnr
874 3232 965 3288 antea
993 3232 1147 3290 renuerat
1167 3244 1242 3290 cnm

128 3332 253 3393 ceteris
272 3331 428 3410 episcopis
443 3329 561 3413 Synodi
582 3329 753 3392 convenire
768 3326 952 3393 definitioni.
966 3315 1012 3386 ¹lu
1034 3343 1097 3405 qua
1120 3328 1244 3394 contes-

128 3435 225 3495 sione
253 3441 317 3492 tem
339 3431 474 3492 tirmiter
494 3433 540 3492 sic
553 3448 587 3493 so
608 3431 776 3506 continuit,
794 3438 831 3492 nt
845 3425 959 3490 deindo
973 3426 1005 3488 in
1020 3425 1118 3491 Libro
1134 3425 1157 3488 l.
1174 3446 1202 3492 c.
1219 3426 1241 3488 l.
1318 3443 1321 3448 ·

129 3553 174 3595 ex
200 3532 356 3610 Apostolo
377 3532 416 3594 ad
441 3527 571 3596 Galatas
593 3531 788 3596 Marcellum
809 3528 1028 3604 redarguens,
1052 3526 1081 3588 ci
1102 3527 1241 3592 dixerit:

129 3654 147 3691 a
166 3629 229 3695 Ubi
253 3633 358 3708 rides,
382 3633 548 3698 manifeste
568 3631 775 3696 Servatorem
796 3636 941 3692 nostrum
964 3625 1085 3690 Filium
1107 3625 1165 3690 Del
1186 3629 1244 3694 e'x·

131 3735 249 3808 titisse,
264 3743 362 3813 atque
378 3735 459 3797 adeo
476 3735 573 3797 luisse
589 3731 735 3796 Deum..
754 3777 762 3794 .
779 3773 788 3792 .
806 3727 930 3809 Deique
944 3725 1065 3792 Filium
1086 3730 1241 3807 extitisse,

126 3835 322 3914 priusquam
346 3836 410 3900 huc
431 3837 461 3898 in
482 3854 579 3900 carne
600 3834 810 3898 adveniret.»

217 3935 288 4000 linc
313 3946 421 4000 antem
442 3937 580 4016 amplius
611 3935 801 4012 constiterit,
823 3931 901 3996 inita
921 3930 1092 3995 amborum
1113 3939 1146 3998 et
1165 3932 1241 3999 Ori·

131 4039 221 4118 penis
242 4047 274 4102 et
294 4036 424 4103 Eusehii
445 4038 617 4108 collatione
639 4039 668 4108 in
692 4035 928 4102 vocabulorum
949 4051 1033 4109 usn,
1056 4051 1141 4113 quae
1165 4036 1243 4100 talia

131 4139 174 4200 de
188 4135 297 4201 Verbo
313 4139 421 4200 divino
436 4138 668 4217 exprimebant.
686 4137 720 4200 ln
737 4135 833 4200 Libro
849 4131 902 4196 lV.
918 4151 946 4196 c.
963 4131 1021 4196 lli.
1043 4133 1243 4206 llcnmaatro·

130 4236 230 4303 tinais
249 4237 460 4318 Eneapelicac
479 4237 591 4304 scribit
611 4240 680 4304 iste:
699 4259 715 4299 ι
734 4236 835 4303 Docet
856 4232 1032 4316 Theolopia
1055 4230 1123 4305 ὑιὸν
1140 4257 1243 4329 ymen·
