3066 4950
433 487 554 553 Deinde
576 488 770 569 Procopium
794 489 906 554 sectati
921 490 953 554 in
974 489 1023 566 iis,
1046 504 1131 570 qnae
1151 485 1191 552 de
1205 477 1343 554 'sttserto
1360 489 1387 548 et
1403 483 1436 545 la

353 587 472 668 vigilio
493 601 616 668 narrat,
638 592 856 671 comperimus
877 594 908 656 iu
930 590 1028 656 Libro
1050 590 1074 653 l.
1090 609 1117 656 c.
1139 589 1185 656 xt
1209 589 1250 654 De
1272 588 1356 653 Bello
1375 584 1435 652 Got-

353 691 447 769 tbico,
463 691 598 774 vitigem
621 692 807 758 Ravennam
828 694 1067 776 proiecturum,
1091 692 1264 759 silverium
1278 689 1368 756 Urbis
1386 690 1436 752 tlu-

352 795 497 872 tistitem,
512 795 663 860 Senatum
686 795 911 878 populumque
932 813 1101 861 romanum
1117 797 1228 861 moltis
1247 791 1437 860 commonete·

353 898 444 962 cisse.
473 897 686 980 Reductoqua
705 901 738 961 in
759 918 873 964 eornm
903 899 1091 963 memoriam
1113 896 1327 971 Theoderico,
1348 909 1437 958 onnes

353 1001 503 1064 hortatus
524 1009 583 1076 est,
600 1009 637 1065 ut
661 1001 848 1082 gotthorum
871 1002 955 1082 penti
971 1007 1171 1082 praestarent
1192 998 1435 1066 benevolentiam,

353 1102 413 1166 sibi
438 1100 570 1166 illorum
599 1103 694 1166 tidem
732 1105 920 1184 gravissimo
942 1111 1144 1168 sacramento
1170 1101 1346 1164 devincens.
1372 1095 1438 1160 Pau·

350 1203 386 1268 lo
408 1214 478 1285 post
500 1207 530 1268 in
547 1226 574 1269 c.
592 1204 678 1269 xlii.
696 1208 739 1268 ait
755 1205 929 1270 Silrerium
945 1224 1042 1286 quum
1056 1207 1196 1268 maxime
1217 1202 1377 1281 impulisse
1397 1217 1438 1260 ro

353 1324 476 1381 manos,
501 1313 537 1369 ut
558 1307 588 1368 iu
612 1308 723 1369 urbem
741 1310 848 1386 copias
872 1306 1081 1386 imperatoris
1103 1306 1298 1384 acciperent.
1320 1301 1360 1364 Et
1377 1317 1438 1379 pau·

353 1401 398 1471 cis
414 1406 602 1488 interjectis,
617 1407 736 1482 subdit,
750 1405 942 1471 Belisarium
957 1405 1093 1470 Romam
1107 1407 1287 1484 ingressum
1303 1421 1367 1466 esse
1378 1417 1436 1463 cun

354 1505 561 1590 imperatoris
576 1511 723 1573 exercito
746 1510 857 1573 eadent
873 1510 936 1581 die,
954 1527 1016 1589 qna
1034 1509 1135 1587 gotthi
1150 1524 1210 1586 per
1232 1505 1329 1567 aliam
1349 1517 1437 1566 ercet·

350 1619 485 1673 serunt:
507 1619 600 1690 atque
620 1611 666 1676 ito
686 1621 807 1691 recepto
827 1620 872 1674 est
893 1607 993 1674 Romo
1024 1610 1073 1672 die
1095 1607 1156 1673 tx.
1182 1602 1352 1670 Decembris
1370 1619 1437 1666 roro

348 1719 515 1792 postquem
535 1721 627 1792 capro
646 1713 767 1792 soeret,
786 1710 991 1792 recapesioto,
1006 1709 1063 1792 qai
1081 1707 1147 1788 [uit
1164 1707 1347 1771 undecimas
1359 1701 1438 1784 Ιτμ-

352 1809 400 1876 rii
416 1811 608 1878 iustiniani.

443 1916 546 1981 Porro
568 1919 598 1980 io
620 1939 648 1982 e.
669 1915 772 1982 XXV.
800 1915 943 2000 ejusdem
967 1914 1054 1978 Libri
1076 1913 1101 1977 l.
1123 1913 1162 1975 (ie
1184 1910 1299 1992 vitigis
1322 1908 1436 1975 obsidio

352 2035 391 2082 ne
412 2019 534 2083 scribit:
552 2041 568 2079 o
584 2019 759 2084 Maximam
782 2029 905 2100 partem
932 2017 1054 2080 Romae
1076 2014 1301 2089 habitantium,
1324 2029 1435 2084 uxore,

352 2119 472 2183 liberos
487 2122 681 2197 nosemiata,
698 2138 783 2200 quae
803 2121 908 2184 minus
930 2121 1106 2183 necessaria
1124 2115 1368 2197 putarenturatl
1382 2131 1437 2178 rnu-

352 2238 465 2284 rorum
488 2221 679 2298 custodiam,
701 2220 877 2285 belisarius
898 2220 1010 2294 etlirit,
1035 2218 1204 2297 Neapolim
1227 2215 1437 2298 deportantem

353 2321 436 2395 lore,
460 2341 498 2385 ne
519 2341 661 2386 annonae
683 2323 816 2402 penuria
840 2323 1043 2386 laborarent.
1058 2367 1066 2384 .
1079 2368 1086 2381 .
1099 2321 1180 2386 Cum
1203 2328 1288 2384 esset
1307 2317 1435 2400 suspicio,

350 2421 525 2488 Silrerium
540 2424 636 2490 Urbis
659 2425 840 2489 Antistitem
863 2443 936 2488 cum
962 2424 1078 2503 gotthis
1101 2422 1315 2501 proditionem
1336 2416 1434 2490 moliri,

351 2524 519 2587 confestim
535 2545 609 2588 cum
633 2507 789 2607 relegarit
811 2529 841 2588 in
857 2526 1048 2602 Graeciam
1069 2520 1171 2624 ἕτερον
1194 2515 1230 2592 δὲ
1246 2517 1395 2623 ἀρχιερέα
1411 2514 1437 2584 r'·

349 2621 431 2718 λε’γῳ
452 2620 582 2728 ὕστερον
612 2625 761 2722 {milton
795 2623 901 2718 ὄνομα
931 2625 1154 2706 κατεστήσατο
1185 2629 1327 2690 atterum
1347 2629 1435 2686 auten

351 2727 539 2794 Pontificem
564 2734 661 2812 paulo
685 2741 756 2812 post
778 2729 931 2812 vigilium
954 2734 1081 2794 contine
1101 2729 1278 2794 constitnit.
1295 2723 1434 2803 Quosdam

350 2832 446 2896 etiam
461 2841 625 2897 senatores
640 2835 785 2898 camdem
801 2833 842 2896 ob
858 2850 987 2897 causam
1002 2833 1034 2894 in
1049 2833 1183 2896 exilium
1206 2833 1330 2904 missos,
1344 2822 1435 2890 deinde

351 2943 422 3006 nost
442 2935 582 2999 solutam
604 2935 813 3011 obsidionem,
835 2935 1076 3016 discessumque
1097 2921 1251 3006 hostiurn,
1274 2928 1433 2996 restitnit.»

440 3034 498 3100 His
519 3037 689 3117 hucusque
716 3039 911 3116 praenotatis
932 3038 971 3100 de
994 3035 1143 3114 Procopii
1165 3035 1299 3097 historia
1320 3041 1350 3096 et
1367 3045 1434 3092 con·

349 3136 470 3216 paratis
486 3134 626 3201 Liberali
649 3139 837 3215 narrationi,
854 3140 885 3200 in
903 3137 1053 3219 Procopii
1074 3136 1165 3200 dictis
1187 3136 1266 3200 nibil
1283 3136 1381 3198 obstat
1398 3127 1434 3192 rei

350 3238 490 3302 veritati:
517 3240 659 3321 undique
679 3242 763 3304 enim
788 3241 1049 3305 circumstantiae
1070 3247 1101 3303 et
1122 3240 1262 3303 aliorum
1284 3239 1434 3302 tloeunen·

350 3345 379 3402 ta
402 3341 587 3420 conspirant
600 3343 666 3406 suis
688 3343 970 3406 declarationibus.
999 3340 1034 3404 lo
1050 3340 1190 3404 liberati
1209 3359 1287 3404 sero
1308 3349 1431 3404 sermone

348 3445 533 3518 temeraria,
549 3443 647 3506 stulta
664 3452 695 3507 ot
716 3443 817 3508 iutilia
837 3443 990 3524 objicitur
1010 3445 1229 3523 praesumptio
1246 3443 1329 3506 circa
1343 3435 1430 3518 itgttit

348 3561 527 3620 personam.
557 3545 598 3609 Et
618 3547 650 3609 in
672 3546 794 3626 primis,
826 3553 862 3608 nt
883 3547 928 3609 ait
956 3542 1145 3625 Procopius,
1167 3563 1231 3607 non
1263 3553 1311 3608 est
1334 3544 1430 3605 mirum

346 3645 385 3718 si,
415 3651 507 3726 capta
530 3645 639 3709 Roma
659 3665 675 3708 a
692 3643 863 3723 Belisario,
886 3665 924 3710 ae
948 3643 1052 3725 vitige
1073 3644 1187 3708 deinde
1214 3645 1371 3708 obsidente
1388 3655 1431 3702 ur·

347 3744 431 3818 bem,
448 3747 588 3825 suspicio
604 3747 762 3827 quaedam
778 3745 877 3810 Ducis
900 3748 1067 3825 ingesserit
1088 3745 1286 3808 animumne
1303 3739 1431 3807 Pontifiee

345 3851 379 3908 ct
402 3844 441 3908 de
461 3847 654 3926 quibusdam
682 3845 805 3911 Romae
826 3847 1042 3922 senatoribus,
1076 3855 1107 3910 et
1128 3846 1203 3909 bine
1223 3847 1297 3909 illos
1316 3840 1430 3909 exulare

346 3946 524 4009 mandarit:
555 3965 628 4012 cum
650 3949 775 4030 primus
798 3947 886 4013 Petri
907 3946 1099 4015 Cathedram
1122 3947 1301 4012 ascenderit
1320 3963 1357 4010 ex
1375 3943 1428 4020 got·

346 4047 479 4110 thorum
501 4049 608 4129 potius
629 4068 727 4130 quam
748 4048 836 4117 Cleri
867 4049 1004 4114 Romani
1028 4049 1121 4125 sotis,
1143 4048 1183 4112 tle
1204 4065 1342 4129 quorum
1359 4039 1426 4108 arb'r

344 4155 434 4212 trata
462 4149 492 4211 iu
511 4147 615 4229 Papae
637 4151 794 4215 electione
815 4166 919 4231 usque
947 4150 985 4212 ot
1009 4147 1115 4230 vigilii
1145 4157 1290 4229 tempora
1310 4156 1427 4223 conque·

343 4251 430 4312 ritur
442 4248 662 4332 abrogemus
678 4251 826 4334 Magnus.
841 4251 1024 4318 ltenrdicas
1040 4253 1079 4316 de
1090 4251 1297 4320 aenatortbus
1311 4247 1347 4316 at
1361 4257 1425 4310 retr
