3174 4946
1181 417 1241 488 139

128 521 243 585 titoliee
266 521 387 586 dictum
408 521 562 601 legeram.
580 525 678 588 tiemo
700 539 777 602 ergo
800 521 876 582 milri
898 537 938 584 ex
961 521 1040 594 ltoc,
1064 531 1238 601 quassate

125 634 238 686 sancte·
255 643 294 686 ac
311 624 502 688 venerabilis
519 625 611 688 beate
630 623 736 698 Pater,
754 621 869 686 conilet
890 622 1042 685 invidiam
1053 643 1065 702 3
1082 642 1175 686 nemo
1192 624 1239 685 la·

125 725 285 788 ctionibus
306 726 673 803 utatur,etcalo1uniis,
695 725 782 806 qnod
805 726 835 786 in
851 723 993 788 Ecclesia
1011 723 1067 788 Dei
1090 724 1160 788 tieri
1174 745 1237 789 oon

123 825 216 889 ticet..
228 823 292 890 Uiri
313 829 397 890 enirn
418 828 603 908 simplicitas
620 836 687 890 tnta
709 831 770 890 erit
791 836 823 890 et
838 829 1030 899 innocentia,
1052 830 1078 890 si
1095 828 1149 890 htc
1170 846 1234 890 non

124 927 209 990 erit?
228 927 381 1008 origenis
402 945 586 1008 egensque
607 929 759 994 defensor
778 947 862 1001 snm,
878 947 982 1009 neque
1003 939 1158 1003 assertor,
1181 949 1234 992 ne-

123 1049 183 1110 que
204 1031 333 1108 primns
354 1029 603 1108 interpres.1llii
625 1040 698 1094 ante
719 1047 769 1092 me
791 1031 852 1093 hoe
873 1030 956 1092 idem
980 1047 1061 1110 opus
1076 1030 1232 1105 iecerunt,

124 1131 179 1194 leci
200 1139 233 1193 et
249 1147 312 1209 ego
332 1139 515 1210 postremus
534 1139 665 1210 rogetus
681 1149 698 1194 a
716 1130 883 1196 iratribus.
906 1129 937 1194 Si
958 1130 1093 1211 jubetur
1112 1150 1152 1194 oe
1168 1131 1236 1202 liat,

122 1232 219 1312 jussio
233 1233 404 1296 observari
417 1231 503 1296 solet
523 1233 553 1294 in
569 1243 743 1312 posterum.
762 1231 792 1296 Si
811 1233 997 1312 culpantur,
1013 1235 1157 1314 quiante
1169 1234 1239 1314 jus·

122 1335 238 1396 sienem
263 1333 424 1407 iecerunt,
446 1333 541 1412 culpa
565 1333 708 1412 aprimis
730 1335 872 1414 incipiat.

194 1432 227 1498 8.
247 1456 265 1494 α
282 1433 352 1514 Ego
367 1437 450 1498 enim
467 1443 597 1516 praeter
617 1434 699 1497 heac
720 1435 828 1509 iidem,
845 1454 941 1515 quam
961 1454 1059 1516 supra
1086 1438 1236 1516 exposui,

123 1533 209 1609 istest,
240 1553 344 1614 quam
366 1533 509 1598 Ecclesia
526 1534 684 1609 Romana,
705 1543 737 1598 et
757 1536 978 1609 alexandrina,
1003 1546 1034 1600 ct
1061 1539 1238 1620 aquilejen·

121 1639 159 1699 sis
178 1645 293 1700 nostra
311 1646 408 1713 tenet,
424 1655 574 1718 quaeque
587 1637 800 1722 ierosolymis
813 1639 1033 1718 praedicatur,
1056 1639 1153 1701 aliam
1176 1658 1236 1704 nec

123 1737 215 1802 habui
230 1758 391 1819 unquam,
413 1757 471 1802 nee
493 1739 596 1802 habeo
611 1741 642 1802 in
663 1739 781 1803 Christi
803 1741 942 1815 nomine,
965 1741 1174 1804 nectanebo.
1191 1741 1233 1804 llt

122 1841 217 1919 siquis
240 1842 341 1904 aliter
361 1841 474 1918 eredit,
496 1842 642 1922 quisquis
663 1841 719 1904 ille
739 1849 798 1917 est,
821 1843 990 1904 anathema
1012 1844 1066 1905 sit.
1088 1841 1235 1906 Reddent

124 1950 227 2005 antem
252 1944 288 2004 in
308 1941 360 2006 die
377 1943 491 2024 judicii
515 1945 669 2006 rationem
693 1943 738 2017 hi,
755 1943 811 2024 qui
831 1943 1037 2016 offendicula,
1060 1953 1092 2006 et
1112 1944 1231 2006 dissen-
1330 1941 1336 1955 '

122 2044 236 2120 sicces,
254 2052 290 2107 ct
305 2043 455 2108 scandale
474 2044 629 2108 tratribus
643 2051 778 2123 propter
792 2044 942 2108 invidiam
963 2044 1065 2108 solam
1081 2055 1235 2125 generant

124 2147 362 2210 uiliorem.»

200 2249 325 2315 Cernat
353 2267 432 2330 ergo
453 2250 598 2330 quisquis
619 2269 660 2314 ex
682 2250 730 2312 his
749 2249 878 2324 litteris,
906 2268 982 2311 num
1006 2248 1154 2313 liuliinus
1183 2268 1235 2314 er·

71 2351 74 2357 '
126 2370 235 2416 rernm
260 2361 294 2414 et
316 2353 516 2432 impietatum
531 2351 662 2432 Origeni
681 2352 917 2432 adscripturum
940 2353 1099 2430 particeps
1120 2361 1153 2415 et
1169 2353 1236 2415 rin·

125 2453 183 2516 lex
197 2455 314 2517 heberi
332 2455 441 2533 p'ossit.
464 2451 630 2528 Ceterum,
646 2454 794 2532 inspeetis
815 2454 914 2533 ipsius
935 2451 1054 2516 Railini
1075 2455 1189 2518 studiis
1204 2455 1237 2516 in

125 2553 210 2618 libris
232 2555 412 2635 Origeois,
434 2575 497 2619 non
518 2566 566 2620 est
587 2555 818 2629 dubitandum,
842 2555 949 2628 illum,
971 2557 996 2618 si
1019 2574 1132 2619 revera
1157 2557 1235 2620 talia

126 2655 262 2719 absurda
290 2655 431 2736 legisset,
454 2657 618 2721 occultare
639 2675 677 2719 ac
699 2657 825 2720 mentiri
843 2657 983 2719 voluisse
1006 2654 1235 2720 adamantium

127 2756 240 2823 lorum
264 2759 484 2838 sphalmatum
506 2766 695 2831 auctorem,
722 2777 781 2820 nec
803 2759 909 2820 multo
931 2760 1035 2821 minus
1057 2762 1161 2838 ipsum
1184 2777 1237 2821 ca·

127 2859 281 2924 tlolicnm
303 2877 516 2939 nuncupare,
541 2878 580 2922 ac
600 2861 749 2940 dogmata
772 2860 929 2922 catholica
952 2861 984 2922 iu
1004 2862 1071 2922 suis
1094 2861 1237 2922 tractati·

127 2959 181 3024 laus
213 2967 483 3042 propugnantem.
516 2957 549 3022 ld
576 2960 722 3041 proiecto
753 2961 941 3023 temeritatis
969 2979 1114 3024 summae
1137 2961 1233 3034 ieret,

126 3075 294 3145 postquam
310 3062 496 3143 hujusmodi
512 3062 723 3140 blasphemias
745 3062 873 3143 legisset
888 3061 1058 3142 inscriptis
1073 3061 1234 3142 Origenis,

125 3165 263 3244 seipsum
285 3183 324 3226 ac
338 3161 494 3226 loannem
512 3161 841 3245 Hierosolymitannm
857 3163 889 3223 in
907 3163 1097 3244 quaestione
1118 3163 1235 3235 socios,

129 3283 240 3329 vocare
264 3265 453 3335 catholicos,
471 3262 662 3326 catholicam
685 3261 872 3342 profitentes
894 3261 1001 3337 iidem,
1025 3262 1235 3342 eamdemque

127 3368 243 3445 pariter
266 3371 443 3428 asserentes
463 3365 644 3443 professum
665 3382 733 3426 esse
755 3361 937 3442 Origenem.
962 3361 1235 3426 profundissimae

127 3468 203 3528 enirn
220 3465 388 3547 perfidiae,
403 3467 470 3528 sire
491 3467 689 3545 ignorantiae
706 3464 863 3544 hocopus
884 3473 979 3528 esset:
995 3465 1082 3546 qood
1099 3467 1130 3525 in
1146 3471 1235 3525 ntro-

127 3587 184 3647 que
204 3567 389 3632 omnimode
419 3566 558 3629 abfuisse
580 3565 775 3628 credendum
798 3575 855 3628 est.
890 3566 980 3628 Adeo
1001 3575 1109 3628 autem
1131 3563 1235 3641 suspi-

128 3671 174 3733 cio
188 3671 228 3734 de
244 3669 413 3733 talsetiooe
434 3669 593 3732 librorum
609 3666 758 3746 Origenis
772 3667 847 3728 satis
869 3670 1040 3748 utriusque
1062 3666 1174 3726 animis
1190 3665 1236 3725 in·

46 3805 50 3818 ·
128 3772 246 3846 valuit,
280 3780 318 3833 nt
338 3787 503 3851 nunqnam
524 3767 713 3853 llieronymi
736 3768 868 3830 cesserit
889 3769 1063 3838 instantiis,
1098 3767 1153 3846 qni
1174 3766 1235 3826 im·

128 3873 209 3950 piam
226 3874 400 3954 Origenern
418 3872 504 3944 iecit,
528 3879 559 3933 et
570 3872 771 3951 impietatum
794 3877 974 3932 auctorem.
999 3868 1039 3932 Et
1056 3868 1098 3932 oh
1114 3868 1176 3930 hoc
1191 3869 1237 3927 in·

131 3976 215 4037 terim
239 3976 293 4038 hic
315 3983 428 4036 notare
446 3972 552 4053 juvat,
579 3988 663 4050 quae
684 3970 750 4048 ipse
772 3986 832 4048 pro
853 3987 910 4034 sua
935 3970 1130 4048 ingenuitate
1153 3969 1231 4030 scri·

129 4073 171 4138 bit
188 4079 219 4139 in
241 4075 339 4139 Libro
363 4073 402 4135 ll.
419 4093 469 4136 nn.
492 4071 541 4139 ll.
555 4067 606 4138 42.
628 4080 714 4149 etc.;
735 4071 819 4133 unde
837 4079 962 4134 constat
981 4091 1015 4134 se
1037 4089 1099 4133 non
1119 4070 1233 4147 legisse

127 4173 156 4236 in
172 4175 334 4258 Operibus
355 4173 519 4255 Origeois,
534 4191 618 4254 qnae
639 4169 865 4250 otheopmto,
883 4169 1083 4255 Hieronymo
1105 4181 1137 4233 et
1159 4167 1235 4246 llpi·

127 4275 234 4354 phanio
262 4276 484 4343 inscribuntur
514 4275 617 4339 eidem
630 4295 642 4353 3
675 4283 713 4337 nt
743 4273 816 4338 inde
838 4275 939 4355 magis
959 4273 1124 4336 elucescat
1148 4268 1234 4332 talsi-
