3138 4950
340 395 406 468 ³58

341 501 419 567 inm
441 515 570 565 carnem
593 499 759 566 Christum
792 499 891 580 magis
913 497 1036 564 Paulus
1061 498 1239 581 praedicnt,
1263 493 1473 584 comperisti
1562 577 1563 610 1

339 601 406 665 leur
428 608 534 665 tamen
556 619 625 666 esse
653 600 833 676 Christum,
856 601 944 664 nulls
967 600 1136 680 Scriptura
1161 601 1207 667 sie
1229 604 1403 684 explanate
1423 609 1461 667 et

340 700 427 765 uude
452 717 531 764 rece
555 700 696 764 tradidit.
729 698 803 764 Non
832 703 918 765 enim
937 705 1069 766 omniun
1100 703 1162 766 boc
1193 701 1351 780 declarat,
1374 704 1462 769 illutl

336 803 610 881 ‘comprehensum
633 818 703 866 esse
723 803 755 864 in
776 805 998 884 corruptione.
1015 849 1022 866 .
1040 801 1195 868 „Sentio
1216 805 1294 886 quii
1317 807 1391 870 binc
1411 805 1464 870 el·

343 901 444 966 berre
468 902 556 992 selis.
579 901 661 968 Cum
684 905 767 965 snitu
790 905 909 968 babeas
930 923 1120 970 cencessum
1142 917 1268 970 motum
1290 904 1417 972 Domini
1440 925 1461 972 ι

342 1004 427 1069 loeis
448 1005 479 1092 in
500 1005 585 1079 loen,
602 1007 730 1068 conaris
751 1006 975 1071 demonstrare
996 1008 1035 1070 de
1053 1010 1284 1073 extenuatione
1297 1018 1331 1073 et
1344 1025 1463 1075 corrn-

339 1107 469 1185 priene:
487 1108 574 1186 quod
598 1117 778 1187 uunquam,
796 1105 931 1171 ut'mibt
954 1109 1085 1189 quinem
1104 1110 1247 1188 ridetur,
1269 1110 1458 1177 concludes.

339 1206 543 1286 sicquidem
566 1208 598 1278 in
619 1211 737 1272 nostris
767 1211 961 1289 corporibus
984 1210 1031 1282 lit,
1065 1212 1148 1278 boue
1169 1213 1233 1286 rir,
1264 1229 1330 1276 unu
1352 1223 1461 1277 umen

340 1308 388 1373 sie
402 1309 433 1371 in
458 1325 556 1372 earne
571 1307 698 1374 Domini
720 1311 847 1374 esurire
871 1310 952 1374 idest
972 1313 1077 1388 sitire,
1103 1309 1273 1394 delatipari
1289 1322 1351 1378 ete.
1369 1312 1461 1380 Nuu-

340 1427 439 1492 quam
460 1413 506 1474 sir
528 1413 658 1474 insanus
671 1430 759 1500 ¹eras:
785 1427 864 1476 rere
883 1413 1044 1494 siquidem
1077 1416 1157 1478 hacc
1178 1415 1379 1491 accidebant,
1400 1415 1458 1480 sctl

339 1513 471 1602 sciente
497 1509 605 1576 Verbo
626 1507 658 1576 et
679 1515 887 1594 permittento
907 1516 1008 1578 carni.
1033 1513 1087 1578 Sic
1106 1516 1293 1581 credimus:
1317 1516 1405 1581 Dens
1425 1535 1461 1580 e·

340 1614 405 1675 nim
424 1612 591 1676 voluntate
606 1631 711 1693 neque
734 1623 862 1694 poterat
875 1615 915 1676 ab
932 1614 1115 1684 hominibus
1136 1617 1219 1697 capi.
1238 1615 1338 1697 liqut
1355 1624 1388 1680 et
1403 1635 1461 1680 uu·

340 1730 401 1778 rna
423 1712 525 1780 Adam
549 1724 685 1778 recatus
706 1722 755 1777 est
775 1711 944 1778 Dominus.
969 1712 1143 1790 Quomodo
1164 1727 1274 1781 antem
1291 1719 1341 1782 sic
1364 1736 1461 1784 rnea·

340 1825 447 1892 retur,
463 1818 522 1880 nisi
536 1833 656 1896 eurpns
678 1817 870 1897 protoplasti
894 1814 1049 1880 tulisset?
1064 1813 1327 1898 incorruptibilia
1346 1826 1459 1884 auten

341 1923 414 1980 erat
434 1917 657 1997 protoplastus
678 1927 851 1997 antequam
883 1925 1034 1997 peccaret
1045 1938 1057 1997 3
1080 1920 1329 2000 incorruptibile
1356 1923 1461 2002 igitur

339 2016 403 2102 luit
422 2021 519 2082 etium
541 2034 662 2098 corpus
678 2015 827 2082 Domini:
849 2019 1009 2100 siquidem
1029 2019 1248 2104 sinapeecrtn
1269 2039 1461 2104 perseuera-

340 2116 393 2182 tlt
410 2136 540 2200 semper
561 2129 620 2183 ete.
638 2137 656 2176 ιι

419 2217 487 2285 Sub
519 2221 579 2284 bue
605 2218 780 2284 dubitantis
799 2223 868 2286 aire
889 2221 1040 2287 baeretici
1063 2224 1268 2305 expositione
1291 2225 1366 2307 qrb
1394 2242 1458 2291 unu
1562 2299 1563 2306 p

341 2321 461 2386 stte'rtr
480 2321 699 2386 orthodoxum
721 2322 842 2387 includi
857 2323 1117 2403 professionum?
1130 2327 1273 2391 alterum
1296 2346 1376 2393 rere
1396 2327 1457 2390 rel·

341 2431 460 2485 centem
481 2419 578 2484 debiu
599 2421 681 2486 idest
700 2422 920 2500 miledunum,
943 2427 1000 2505 qui
1021 2425 1138 2490 similia
1159 2427 1297 2508 negabat
1316 2429 1349 2491 in
1365 2425 1458 2492 cbri-
1562 2411 1563 2430 ¹

340 2529 391 2587 stu
407 2531 480 2586 ante
496 2524 782 2597 resurrectionem,
793 2525 831 2585 mi
846 2525 1094 2604 improbabilem
1111 2527 1243 2590 tendere
1258 2523 1458 2593 doctrinam?

341 2621 409 2701 Qut
431 2623 583 2706 Eutyebii
604 2633 638 2687 et
654 2623 811 2688 Anastasii
836 2628 966 2688 assertis
986 2627 1131 2704 studens,
1145 2628 1298 2693 absolute
1316 2631 1456 2694 obtesta-

340 2722 441 2790 batur
461 2742 582 2803 eorpus
603 2722 724 2790 Christi
745 2724 776 2788 in
797 2726 1058 2805 perpnsrinnibns
1080 2729 1298 2806 naturulibns,
1320 2737 1455 2810 atquae

341 2827 372 2886 in
395 2826 678 2904 reprehensionem
700 2841 763 2888 nnn
785 2826 919 2902 cadunt,
943 2829 1147 2909 corruptioni
1177 2830 1355 2896 obnoxium
1379 2831 1454 2894 iuis·

340 2943 389 3000 se,
412 2925 504 2988 nullo
525 2924 675 3004 adpositu
695 2925 878 2990 discrimine
899 2925 940 2990 tle
966 2935 1141 3006 spontanea
1161 2927 1242 2994 lesu
1274 2948 1337 3012 pru
1366 2947 1452 2995 mun·

341 3022 374 3087 di
394 3026 513 3102 solute,
537 3027 675 3107 passioni
708 3027 922 3108 subjectione,
945 3030 1004 3093 etsi
1026 3046 1148 3110 eorpus
1175 3049 1274 3095 sunm
1298 3029 1453 3096 utrtntnti
1562 3033 1563 3066 l

340 3128 501 3192 sociatum
523 3129 772 3209 incorruptibile
793 3128 889 3192 toret.

426 3228 468 3294 lit
491 3231 553 3297 boe
568 3238 628 3308 est,
650 3231 737 3312 quui
759 3231 925 3297 confessus
940 3230 1217 3310 collectionibus,
1232 3233 1322 3315 quon
1337 3237 1450 3300 iustau·
1562 3243 1563 3276 l

341 3333 440 3408 rasit,
462 3350 590 3413 suoque
604 3333 711 3397 edicto
732 3332 875 3398 firmarit
888 3330 1050 3410 lustinus,
1072 3338 1239 3418 ceterique
1260 3339 1451 3419 acceperuut

340 3434 482 3516 episcopi
499 3435 740 3500 subscribentes
755 3435 858 3500 eidem
880 3435 999 3512 edicte,
1018 3454 1082 3500 una
1105 3439 1345 3515 convenientes,
1366 3435 1451 3503 Cbri·
1562 3469 1563 3474 ι

339 3536 382 3600 etl
403 3555 522 3618 eorpus
542 3537 600 3602 etsi
623 3537 870 3618 incorruptibile
892 3537 967 3602 ante
989 3540 1277 3615 resurrectionem,
1294 3559 1337 3605 ex
1357 3541 1449 3622 ipsius

338 3643 450 3708 ,tumen
472 3635 592 3702 Christi
628 3639 808 3714 vuluntate,
832 3644 864 3702 et
894 3638 1052 3718 quamdin
1074 3640 1194 3716 soluit,
1214 3650 1347 3706 nestrae
1364 3638 1451 3704 susti·
1562 3663 1563 3750 ι

341 3739 450 3802 unisse
472 3739 680 3803 humanitatis
710 3739 912 3814 abiectiones,
934 3741 979 3804 ila
999 3746 1039 3804 ut
1058 3741 1213 3818 esuriret,
1234 3739 1353 3815 sitiret,
1375 3738 1450 3803 rari⁴

343 3839 438 3903 mode
461 3839 658 3920 latigaretur
678 3847 712 3904 et
733 3847 948 3921 torqueretur
962 3859 1067 3922 usqne
1087 3840 1129 3904 ud
1149 3849 1301 3906 murteum
1325 3841 1449 3906 Passum

310 3940 472 4024 ,quidem
488 3958 556 4006 esse
578 3939 743 4006 Christum
765 3942 871 4022 inquit
890 3960 916 4004 s.
942 3940 1140 4023 Epiphanius
1165 3942 1323 4007 adversus
1338 3943 1447 4006 nimos·

341 4043 420 4103 ritus
443 4043 581 4118 (haeresi
598 4040 648 4108 it.
665 4060 697 4104 n.
713 4040 779 4119 22.)
801 4061 843 4106 ex
859 4061 888 4107 s.
905 4039 993 4106 Petri
1015 4042 1128 4108 diutiss
1148 4039 1273 4106 Christo
1288 4061 1351 4122 pru
1370 4037 1448 4104 selis
1562 4023 1563 4040 ¹

335 4159 434 4222 ΡΜ)
455 4139 490 4204 Di
510 4160 625 4206 cerne:
645 4139 901 4220 “Quamobrem
921 4142 1083 4224 singulari
1103 4143 1246 4224 quadam
1266 4154 1300 4208 et
1319 4143 1447 4208 admira·
1562 4143 1563 4164 l

340 4237 398 4302 biti
421 4245 545 4308 ratione
560 4261 637 4310 rere
658 4260 790 4325 passum
811 4243 906 4310 illum
928 4261 997 4312 esse
1019 4243 1214 4312 conlitemur
1224 4263 1237 4326 3
1252 4253 1287 4312 et
1305 4241 1444 4310 eumden
