3048 4946
72 495 103 551 ta
120 491 197 552 suot
217 491 252 549 et
272 483 443 550 divisiones
457 483 488 548 in
510 481 678 550 lienteriae
697 480 811 551 «Nem
832 497 938 564 usqne
956 477 998 547 sd
1019 479 1095 556 sos.
1110 480 1177 544 uui·

73 605 160 652 mem
180 585 435 652 christianissimi
458 583 617 665 Principis
637 583 726 650 iaisie
745 580 1003 664 marmoustier
1023 575 1178 662 pertusi·

69 691 121 766 sti,
143 697 180 752 ut
201 687 370 752 elementia
393 688 476 769 ejus,
493 705 578 768 ques
597 689 631 752 iu
650 688 719 753 suis
739 685 885 751 hostibus
899 684 1101 766 piasempsr
1121 699 1176 762 rp-

68 792 187 872 paruit,
209 799 324 854 eontra
345 807 402 854 nos
423 793 567 871 praviter
587 795 787 856 moreretur.
807 785 869 853 Sed
892 787 972 850 hreo
991 788 1097 850 omnia
1120 783 1177 848 bo·

68 909 105 956 ne
125 889 285 956 desideria
307 897 428 964 eostre.
451 905 536 971 queo
557 907 617 972 pro
637 905 717 972 paee
743 887 909 954 Ecclesiae
939 885 1055 968 proeui
1076 884 1176 952 dudio

68 993 270 1071 miiitsbrut;
295 993 338 1058 ite
359 992 485 1056 animus
508 1000 583 1057 tuus
607 992 726 1074 qnietis
745 991 915 1071 impatiens
933 988 1112 1070 dissiperis,
1137 994 1176 1054 ut

69 1093 136 1170 illa,
150 1112 237 1174 queo
259 1093 401 1158 irnterun
423 1093 599 1158 collatione
612 1101 651 1158 et
660 1093 836 1174 treuquiila
857 1090 1086 1173 episcoporum
1106 1089 1178 1156 ine*

71 1203 140 1257 raut
167 1193 365 1260 reserraude
395 1193 533 1276 jndicio,
554 1195 662 1274 subito
681 1203 796 1260 eontra
826 1192 1079 1260 eeetsstusttoum
1108 1208 1178 1256 mn·

69 1311 147 1370 rem,
162 1303 197 1358 et
221 1303 335 1358 eontra
354 1303 503 1375 pateruae
523 1295 724 1373 traditiones,
745 1301 778 1360 et
801 1299 914 1360 eontra
936 1307 1064 1356 omnem
1084 1297 1178 1358 anto·

70 1397 194 1460 ritntem
207 1395 415 1476 eranpetieae
441 1403 475 1461 et
495 1397 693 1477 apostolieae
715 1395 894 1470 doetrinae,
922 1391 1035 1458 odietis
1055 1409 1176 1474 prope·

70 1498 146 1571 sitis,
166 1496 348 1562 „eundum
370 1505 463 1562 tuum
487 1495 722 1560 damnarentur
739 1495 911 1560 ortttstou
914 1538 1009 1562 .....
1021 1491 1065 1560 Ει
1084 1492 1178 1576 quast

71 1597 146 1662 uidit
169 1598 224 1662 titii
246 1605 343 1672 esset,
365 1599 490 1678 primns
508 1595 599 1664 Sedis
621 1596 804 1665 Antistitem
826 1601 1027 1676 praesentem
1047 1602 1080 1660 et
1099 1611 1176 1662 ooa-

71 1697 281 1764 tradioeeteun
299 1697 538 1778 oontempstsse,
553 1697 736 1778 pontideem
756 1697 852 1766 etism
872 1697 1103 1764 uexsstrtmo
1123 1715 1177 1764 ee·

70 1797 181 1864 elesino
200 1797 406 1864 sacerdotem
439 1798 571 1864 tratrem
592 1807 740 1866 nostrum
770 1797 912 1876 dotium,
943 1799 1042 1881 eujus
1059 1815 1177 1864 nomeu

73 1913 174 1977 usque
193 1897 234 1962 ad
257 1907 471 1965 memoratam
487 1898 572 1964 diem
593 1899 866 1966 eommuuioatnm
882 1898 971 1965 vobis
993 1898 1113 1975 iuerat,
1128 1897 1177 1962 di·

72 1999 191 2080 ptpehis
213 2001 405 2077 eximentes,
434 1999 657 2080 Apollinarem
685 1999 858 2082 quondm
880 2017 1107 2082 perversorem
1127 2009 1176 2066 at·

72 2117 131 2178 que
149 2100 306 2166 eoodesiae
327 2101 428 2182 ipsius
447 2100 634 2168 udndterum
656 2101 748 2166 robis
766 2102 933 2167 soetssttss
966 2109 1005 2167 ut
1023 2101 1175 2182 iniquitas

74 2208 172 2266 vestre
192 2219 259 2272 uuu
280 2203 386 2268 sotem
407 2203 439 2268 in
460 2203 658 2269 remorando
676 2203 913 2286 simplicissimo
931 2203 1100 2271 saeerdote
1118 2203 1175 2270 sed

73 2299 102 2364 iu
121 2303 304 2384 recipiendo
326 2304 493 2385 patefieret
513 2323 750 2388 perversore.»

144 2402 284 2470 nemum
304 2408 455 2487 sequitur
474 2406 643 2474 doeretnm
673 2407 887 2475 aurthemrtis
916 2407 1073 2476 sdversus
1093 2395 1176 2472 uuu-

74 2513 221 2584 eupatum
242 2504 469 2583 Theodorum,
484 2515 517 2571 et
543 2505 693 2574 dteuuem
714 2516 907 2589 eeterosuue
927 2510 1176 2587 consentientem

74 2624 90 2664 a
111 2601 219 2688 Tenue
239 2605 394 2674 dionurm
424 2609 787 2690 eomtautinopolitruas
817 2612 956 2676 eiritotis
976 2613 1176 2693 epitomem,

74 2707 125 2784 nui
145 2725 207 2772 uon
227 2708 374 2774 dissimili
394 2709 491 2789 eulpa
512 2711 739 2791 constringeris
755 2729 829 2776 curn
850 2713 999 2778 omuibus
1013 2721 1176 2792 metropo-

73 2803 173 2872 liteuie
193 2811 352 2893 episcopis
373 2810 413 2875 ed
435 2809 710 2878 tuamdioeessim
727 2812 972 2892 pertinentibus,
987 2812 1042 2876 sed
1064 2819 1097 2874 et
1118 2829 1175 2876 ros

74 2909 253 2989 orientales,
273 2912 324 2976 rel
344 2911 547 2978 diverterem
562 2913 805 2994 provinciarum
822 2913 983 2995 meierum
999 2917 1175 2978 minorum·

74 3023 132 3087 que
145 3013 313 3078 civitatum
335 3014 514 3094 episcopos,
532 3016 589 3095 qui
610 3015 660 3078 bis
673 3015 870 3090 excessibus,
885 3035 945 3095 pro
958 3017 1076 3096 quibus
1091 3013 1175 3086 Tha-

75 3109 202 3176 odorem
224 3114 403 3182 Gessereae
422 3114 644 3196 Geppedoeiee
665 3114 828 3194 qnondam
850 3118 1036 3198 episcopum
1058 3116 1176 3182 enude-

75 3216 259 3293 unanimus,
272 3216 464 3299 pruebuietis
476 3233 654 3292 essentum,
667 3217 860 3280 humaniore
873 3221 1028 3284 sententie
1045 3235 1104 3300 pro
1117 3217 1175 3286 net

77 3317 337 3394 mnsideratious,
354 3314 476 3382 tamdiu
490 3335 510 3381 a
524 3335 615 3386 saera
632 3317 857 3381 commuuione
872 3319 1109 3397 suspendimus,
1122 3319 1179 3384 do·

75 3427 128 3478 neo
140 3419 362 3499 uuusquisque
374 3425 518 3484 restrum
533 3434 681 3482 errorem
691 3433 771 3483 sune
783 3419 1068 3497 praeierimtiouis
1077 3435 1175 3500 opno-

77 3529 169 3594 reeus,
182 3521 312 3600 eulpam
326 3519 413 3602 apud
427 3537 486 3586 uer
503 3518 668 3601 propriam
688 3519 882 3601 oompeteuti
897 3519 1114 3586 mostsottoos
1127 3520 1174 3585 di·

77 3610 182 3695 luerit,
203 3629 267 3688 eie.
284 3641 301 3681 tt
653 3665 658 3678 .
746 3653 750 3660 ·
934 3627 937 3634 ’

148 3716 292 3788 Tertium
314 3723 412 3806 nujus
440 3723 567 3804 poneris
586 3724 841 3791 commentitium
871 3724 1102 3792 documentum
1134 3726 1174 3790 de

77 3809 237 3888 Theodoro
251 3823 429 3890 Geesereae
446 3825 717 3890 anathemetirrto
737 3827 780 3890 ob
800 3824 945 3891 eumdem
961 3827 1060 3890 trium
1081 3824 1175 3906 Gepi-

79 3915 214 3986 tutorum
235 3926 468 4007 quaestionem,
483 3925 623 4006 protulit
635 3923 808 4006 euterun
830 3927 885 3992 nbi
901 3927 981 3991 haee
1000 3927 1171 4008 teguntur:
1247 3985 1260 4014 x

83 4015 247 4100 «Epistola
261 4024 384 4108 vigilii,
399 4044 498 4109 quam
520 4027 597 4091 teeit
608 4033 683 4092 ants
701 4043 760 4092 sex
782 4045 917 4105 meuses,
934 4035 1091 4110 tempore,
1105 4046 1173 4110 quo

82 4116 254 4191 rioisntiam
276 4145 389 4209 passus
409 4136 459 4194 est
478 4128 511 4192 iu
525 4127 656 4194 basiiina
677 4145 704 4192 s.
721 4125 808 4192 Petri
828 4129 860 4192 in
873 4127 1039 4207 ormisde;
1055 4129 1086 4192 iu
1106 4144 1172 4210 qua

82 4229 335 4298 immmnnioue
364 4229 531 4312 suspendit
559 4227 738 4298 Puuautem
759 4229 954 4312 (Meuuam)
985 4231 1173 4313 episcopum
