3042 4940
1128 395 1169 464 85

76 501 157 568 etiam
182 499 424 582 quatuordocim
455 500 598 583 capitula
628 499 925 566 anathematizanda
962 501 1164 583 scripserunt

76 613 171 668 contra
193 601 353 667 'lhcodnri
375 611 407 666 ct
426 604 591 668 sociorum
615 602 686 685 ejus
705 602 966 684 blasphemias.»

140 703 315 770 Norisrimo
333 703 429 787 iurat
450 722 582 786 quoqne
609 705 673 769 huc
699 719 878 782 accersere,
900 721 986 785 quac
1010 702 1173 768 llartinus

74 803 146 887 Papa
166 809 195 871 io
222 803 405 872 secretario
426 803 466 868 V.
488 805 622 872 Conciiii
647 807 874 885 lateranensis,
898 805 1025 870 relectis
1050 805 1171 870 chartis

72 904 174 992 Syuudl
194 904 231 971 t.
252 907 417 972 subdidit:
434 929 451 969 a
467 905 697 973 liauilestatur
711 909 802 972 nohis
817 926 858 972 ex
880 907 1028 989 hisquae
1049 908 1171 971 relecta

71 1015 145 1086 sunt,
163 1008 226 1073 sire
245 1008 378 1074 delinita
401 1012 433 1074 iu
454 1009 600 1076 Concilio
622 1010 659 1074 v.
681 1008 930 1074 condemnatum
952 1028 1021 1072 esse
1040 1017 1074 1072 et
1094 1007 1172 1072 alie-

71 1127 136 1173 num
155 1127 172 1172 a
190 1117 296 1176 sancta
320 1109 378 1176 ilel
399 1110 545 1176 Ecclesia
567 1129 848 1194 unumquemque,
861 1110 919 1193 qui
939 1129 1003 1175 non
1023 1129 1172 1192 suscepe-

72 1209 108 1274 rit
122 1210 212 1275 rerho
232 1220 266 1277 et
286 1221 392 1277 mente
407 1231 517 1278 omues
538 1221 665 1278 sanctas
679 1211 825 1298 synodos
846 1223 879 1276 et
894 1211 1092 1277 venerabiles
1112 1210 1174 1275 l'a·

71 1320 126 1375 tres
139 1321 326 1394 cunctaque,
341 1332 425 1396 quae
445 1313 486 1377 ah
501 1313 546 1378 eis
566 1315 711 1396 exposite
726 1322 802 1378 suut
816 1316 848 1379 iu
870 1313 1121 1379 destructionem
1136 1332 1173 1379 o·

71 1411 176 1477 muium
197 1415 377 1480 haeresum.
400 1433 418 1474 a
445 1414 522 1479 ideo
543 1434 618 1480 cum
639 1423 844 1498 perspectum
860 1417 903 1480 sit
922 1415 954 1478 iu
979 1413 1173 1496 praecedeu-

69 1511 143 1577 tlhus
161 1513 309 1580 Conoiilia
336 1516 378 1580 ah
398 1515 637 1580 haeretieorum
658 1517 811 1580 societate
833 1525 866 1579 et
886 1513 1089 1579 damnatione
1112 1516 1171 1579 lm·

69 1629 182 1680 munem
197 1604 335 1682 erasiss'e
348 1615 536 1700 origenem,
555 1617 766 1700 consequitur
787 1616 886 1684 luitse
906 1623 976 1681 eta
997 1615 1115 1701 Synodi
1131 1613 1170 1679 V.

70 1716 185 1785 decreto
207 1721 402 1800 exclusum3
419 1739 493 1786 cnm
516 1720 595 1784 nihii
618 1721 692 1784 nori
714 1721 745 1784 ln
759 1721 819 1784 hec
837 1719 967 1804 Synodo
981 1727 1089 1784 actum
1108 1720 1171 1800 sit3

69 1819 115 1882 aed
136 1826 254 1886 tautum
277 1822 401 1886 iirmeta
423 1823 454 1884 ln
469 1829 589 1904 quarto
603 1820 749 1887 Concilio
771 1821 927 1887 adversus
947 1822 1098 1886 haereses
1117 1818 1173 1885 de·

69 1927 157 1998 emta,
187 1925 233 1988 uti
255 1941 352 2003 saepe
371 1942 397 1988 a.
421 1921 601 2003 Gregorius
623 1922 709 2004 Papa
732 1921 758 1987 Ι.
780 1924 813 1986 iu
833 1923 899 1989 suis
920 1922 1063 2004 epistolis
1082 1921 1173 1988 ohte-

67 2027 169 2087 statur.

137 2121 191 2188 iiis
211 2125 361 2190 omnihus
375 2125 502 2192 collatis
524 2129 712 2192 testimoniis
728 2129 813 2193 circa
836 2127 973 2209 genuina
995 2122 1114 2208 Synodl
1128 2121 1170 2191 V.

68 2228 140 2300 acta,
161 2226 330 2304 praeclare
351 2236 439 2308 patet
470 2229 679 2308 interpolatio
710 2228 841 2293 canonis
861 2228 930 2294 sire
950 2224 1091 2307 Capituli
1112 2225 1170 2292 Xi.

68 2319 226 2390 iustiniani
244 2327 495 2408 Programmatis
512 2329 553 2394 de
573 2347 631 2394 sua
645 2329 856 2406 confessione,
873 2329 1018 2394 translati
1036 2329 1068 2392 lu
1083 2335 1173 2394 ocia·

69 2439 130 2488 sam
150 2425 364 2495 Goliatlouem
385 2432 554 2510 praelatae
578 2431 720 2515 synodi:
749 2449 823 2495 cnm
846 2430 877 2494 in
897 2429 991 2504 illurn
1017 2447 1172 2495 canonem

68 2521 277 2596 introductum
303 2533 346 2597 ait
365 2530 514 2616 Origeuis
545 2551 661 2597 nomeu
683 2551 746 2597 una
769 2551 843 2596 cum
877 2531 1110 2597 haeresiarchis
1130 2531 1173 2594 ah

67 2621 198 2694 Ecclesia
225 2633 383 2698 damnatis
394 2655 406 2715 3
438 2652 537 2716 quam
557 2652 633 2698 sene
656 2635 733 2698 tanti
757 2635 819 2698 riri
850 2634 1086 2698 damnationem
1107 2650 1172 2696 nou

67 2725 261 2796 intenderunt
276 2732 388 2798 Patres
409 2736 441 2798 iu
455 2732 601 2799 Concilio
621 2735 764 2798 adunati.
781 2734 1000 2812 Quamobrem
1016 2742 1049 2799 et
1063 2735 1095 2798 la
1110 2733 1173 2798 hac

67 2838 148 2906 parte
168 2832 259 2899 illusi
280 2841 355 2901 eunt
375 2836 552 2901 adversarii
576 2836 640 2901 taie
660 2835 828 2904 decretum
850 2843 1075 2920 praetexentes
1096 2853 1173 2902 con·

68 2937 111 2994 tra
130 2936 346 3002 orthodoxam
366 2935 514 3020 Origcuis
535 2937 725 3004 doctrinam.
