3138 4950
360 395 422 470 ⁴⁰⁰
464 499 675 579 PAULUS
698 501 1009 580 APOS'I'OLUS
1033 503 1387 584 adoramus

781 703 1059 773 onlsdltls

354 951 449 1076 Vos
464 1009 604 1090 laudem,
619 1031 641 1080 o
654 1011 878 1097 sapientissimi
895 1016 971 1090 riri,
985 1019 1150 1095 quotquot
1175 1015 1207 1078 iu
1222 1013 1369 1080 Ecclesia
1386 1013 1472 1081 Chri-

351 1112 392 1176 sti
414 1113 485 1177 zelo
506 1121 539 1178 et
559 1115 744 1180 eruditione
764 1115 941 1192 excellitis,
962 1115 1149 1180 studiorum
1177 1134 1347 1181 sacrorum
1370 1116 1470 1180 culto·

351 1231 415 1289 res,
433 1215 588 1280 historiae
610 1215 776 1281 Ecclesiae
791 1218 900 1297 periti,
922 1216 1030 1281 seduli
1053 1225 1201 1281 veterum
1219 1217 1354 1282 Parrum
1377 1221 1471 1282 iuter-

352 1324 473 1394 pretes‚
487 1320 598 1382 cnucti
618 1314 777 1396 dogmatis
800 1317 953 1381 catholici
975 1326 1248 1396 propugnatores,
1264 1337 1322 1382 ros
1345 1319 1469 1382 taudem

351 1415 451 1497 hujus
466 1418 663 1497 quaestionis
681 1419 807 1500 indices
823 1418 1008 1500 compello:
1034 1427 1208 1500 totumque
1224 1419 1311 1484 huuc
1325 1420 1469 1485 laborem

352 1535 462 1582 meum
479 1524 588 1583 vestro
605 1521 762 1583 submitto
774 1519 910 1600 iudicio.
927 1517 999 1585 Non
1015 1537 1119 1582 meam
1142 1520 1172 1581 iu
1188 1520 1250 1582 hoc
1264 1519 1319 1583 sed
1334 1529 1470 1584 vestram

351 1619 536 1683 omnimode
553 1620 954 1702 reneroramplectorque
976 1622 1218 1684 auctoritatem.
1237 1619 1280 1684 Et
1301 1625 1327 1684 si
1343 1622 1471 1703 quidem

351 1729 441 1782 reeta
462 1721 542 1796 dixi,
559 1739 601 1784 ex
621 1739 680 1784 ore
702 1722 876 1796 restruite
899 1740 934 1785 se
950 1721 1067 1785 habeat
1090 1722 1264 1786 rectitudo.
1285 1721 1341 1785 Sin
1364 1732 1471 1786 autem

351 1822 459 1884 miuus
480 1820 626 1898 iecerint,
649 1837 688 1902 aa
709 1827 867 1901 punctum
889 1821 1020 1884 minime
1043 1822 1188 1898 tulerim,
1209 1823 1278 1886 sive
1298 1831 1331 1885 et
1354 1824 1471 1902 impru-

350 1920 459 1986 babile
486 1923 667 2006 quidquam
687 1923 800 1988 nolens
819 1923 1015 2002 scripserim,
1039 1940 1096 1986 ros
1117 1922 1294 1986 decernite.
1318 1919 1469 1986 Vestrum

351 2025 436 2090 euim
451 2036 501 2090 est
514 2028 596 2090 hoca
612 2026 708 2090 sicuti
723 2041 818 2088 omno
832 2023 980 2088 studium
997 2042 1119 2100 meum,
1135 2031 1252 2087 concta
1272 2022 1374 2087 rerba
1390 2041 1469 2100 mea,

351 2147 465 2194 seusus
485 2137 518 2192 et
542 2128 693 2192 voluutas
722 2128 842 2192 totuin
865 2133 972 2190 restra
993 2133 1069 2189 suut
1093 2131 1267 2205 potestate.
1290 2123 1405 2190 ileum
1425 2145 1471 2189 er·

352 2250 390 2312 qa
414 2248 470 2295 ras
492 2231 685 2312 obsequium
708 2229 740 2294 id
761 2230 855 2311 petit,
882 2237 915 2294 et
936 2226 1010 2292 tidei
1032 2226 1214 2292 catholicae
1234 2227 1397 2308 prolessio
1418 2246 1469 2308 po-

347 2332 460 2397 stulat.
493 2331 651 2412 Origenes
683 2333 715 2395 in
747 2338 924 2412 conspectu
954 2337 1064 2394 restro
1096 2336 1182 2408 slat;
1215 2336 1249 2392 el
1278 2347 1341 2410 epo
1374 2329 1470 2392 veluti

348 2434 448 2517 hujus
470 2443 641 2514 patronus,
665 2433 879 2515 eiusdemque
911 2450 1025 2514 gerens
1047 2449 1192 2506 causam,
1221 2431 1261 2492 ad
1284 2432 1469 2495 cathedram

349 2538 526 2617 sapientiae
556 2546 685 2600 vestrae
706 2537 974 2616 appropinquare
995 2535 1114 2599 audeo.
1146 2530 1244 2598 Vobis
1265 2533 1354 2611 ideo,
1377 2541 1471 2616 prout

349 2637 455 2701 risum
477 2637 593 2713 inerit,
614 2638 835 2717 pronunciare
853 2637 908 2717 jus
930 2642 1011 2699 esto.

430 2734 479 2802 Ac
505 2740 628 2803 interea
654 2738 811 2803 memoria
832 2737 863 2800 in
887 2737 998 2817 primis
1023 2735 1278 2817 complectimini
1299 2735 1405 2800 ismae
1426 2736 1468 2798 al·

349 2837 519 2904 titudinem
541 2857 626 2920 quae
649 2839 689 2903 do
715 2847 803 2902 tauto
836 2842 906 2904 viro
941 2857 1000 2918 per
1027 2838 1140 2902 orbem
1163 2839 1378 2902 christianum
1400 2855 1465 2920 per·

349 2941 478 3006 crebuit
498 2959 515 3003 a
536 2960 597 3005 sno
618 2943 650 3004 in
684 2941 849 3021 disciplina
871 2939 1087 3004 ecclesiastica
1122 2939 1281 3021 tyrocinio
1304 2938 1464 3019 usquead

348 3043 451 3108 seculi
469 3041 522 3106 tv.
546 3043 654 3108 linem.
670 3042 879 3109 Considerate
903 3042 972 3121 (etsi
988 3058 1050 3103 non
1072 3039 1219 3103 deessent
1237 3042 1392 3104 nonnulli
1413 3041 1465 3104 ab·

348 3153 543 3210 tractatores
564 3149 620 3227 qui
642 3145 801 3209 adversus
828 3161 904 3208 eum
926 3142 1143 3222 insurgerent)
1165 3142 1373 3208 considerate
1393 3161 1463 3224 qna·

346 3248 372 3310 li
408 3248 586 3312 universim
618 3256 694 3312 tunc
727 3246 853 3321 iidcles,
890 3254 1080 3325 quantaque
1117 3243 1327 3306 veneratione
1364 3246 1463 3308 virum

346 3351 513 3430 prosecuti
539 3353 602 3414 siut
623 3366 752 3413 morum
778 3347 947 3411 sanctitate
962 3344 1194 3418 clarissimum,
1217 3345 1389 3424 sapientia,
1417 3363 1461 3407 re·

344 3451 446 3532 loque
461 3451 749 3532 incomparabilem
772 3467 832 3529 pro
853 3446 1020 3512 christiani
1042 3447 1178 3509 nominis
1200 3446 1317 3526 pluria.
1332 3444 1384 3509 Er
1406 3445 1461 3508 hoc
1547 3513 1548 3520 χ

345 3557 431 3617 enim
454 3554 550 3616 talem
573 3558 777 3615 exornarunt
800 3549 905 3612 virum
926 3546 1030 3628 piam,
1045 3546 1209 3619 humilem,
1231 3543 1461 3610 continentissi-
1547 3571 1548 3592 t

343 3671 451 3717 mam:
473 3653 511 3718 ab
525 3652 735 3716 adolescentia
755 3670 860 3715 amore
884 3647 1006 3716 Christi
1019 3649 1062 3712 ud
1081 3646 1274 3726 martyrium
1295 3665 1391 3730 asper
1408 3646 1461 3725 iis·

343 3763 511 3838 pruatem:
532 3756 622 3820 aerbo
642 3765 670 3818 ct
683 3772 773 3834 opere
791 3752 937 3834 pietatem
957 3753 1166 3815 excolentem:
1189 3748 1226 3812 ia
1246 3745 1461 3830 disquisitione
1547 3765 1548 3840 p

342 3855 487 3922 ueritatis
508 3855 766 3922 solertissimum:
789 3853 824 3919 ia
838 3853 1015 3935 Scriptaria
1030 3851 1223 3934 exponendis
1243 3869 1372 3913 munere
1384 3846 1462 3912 dioi-

341 3959 432 4024 uitas
453 3961 670 4022 cumulatum:
688 3977 815 4022 coaevos
835 3975 942 4021 amare
962 3953 1110 4019 doctrina
1130 3963 1160 4017 et
1179 3951 1358 4017 eruditiores
1376 3967 1459 4030 supe-
1547 3945 1548 3950 ’

338 4071 484 4126 ruatsms
502 4058 693 4124 christianae
702 4055 920 4142 philosophiae
929 4055 1124 4139 principem:
1140 4051 1369 4118 haereticorum
1381 4049 1454 4112 orei·

341 4159 444 4224 lcum:
462 4167 612 4242 perpetuo
631 4160 781 4240 dopmnis
794 4159 882 4240 [alsa
902 4165 931 4220 et
950 4153 1107 4220 haeretica
1124 4155 1327 4217 detestatam:
1343 4146 1457 4213 acinis

338 4259 506 4329 alacritate
522 4260 705 4344 praeditam
726 4261 762 4328 ia
780 4259 898 4328 Christi
916 4260 977 4342 fide
997 4255 1196 4323 uindicanda
1214 4263 1327 4322 anatra
1352 4249 1456 4332 infide·
