2994 4938
380 383 440 438 arv

486 485 746 578 Quamobrem,
761 511 845 566 cum
863 485 1079 588 quibusdam
1097 485 1143 566 ab
1163 488 1264 568 initio
1282 490 1430 592 quaestio-

381 618 450 704 nis,
475 617 552 692 sive
577 631 705 714 postea
730 640 881 714 graecae
900 607 1153 715 linguae,'sise
1171 619 1341 696 historiae
1358 620 1431 716 igna-

377 748 441 828 ris,
471 760 534 820 aut
554 745 670 820 illusis
696 745 849 844 benigne
873 747 1095 844 parcendum
1123 746 1185 834 sit,
1209 747 1375 822 adsersus
1393 759 1432 819 ta·

377 893 460 944 men
486 871 589 958 alios,
608 872 670 970 qui
690 871 906 948 Pontificum
926 873 1173 958 Romanorum
1202 871 1368 971 epistolas
1389 871 1431 946 lal

376 1013 519 1084 sarunt,
545 1001 606 1098 qui
636 998 736 1076 Petri
764 999 1034 1076 successorihus
1055 1000 1291 1087 installarunt,
1308 1001 1363 1099 qui
1384 1001 1432 1095 Sp·

375 1127 459 1202 nodi
492 1126 596 1202 heta·
615 1141 870 1224 corruperunt,
902 1129 963 1226 qui
990 1127 1186 1203 Iustiniani
1212 1128 1354 1204 decreta
1370 1151 1432 1225 per·

374 1266 577 1338 uerterunt,
597 1253 659 1351 qui
687 1275 777 1330 voce
797 1267 837 1328 ct
868 1254 1006 1352 scriptu
1035 1255 1126 1330 istos
1155 1267 1196 1331 et
1213 1268 1352 1330 ceteros
1375 1253 1433 1350 cpi·

376 1402 505 1477 scopos
533 1379 745 1456 calumniati
772 1394 882 1469 suut3
910 1381 1085 1458 adversus
1114 1405 1193 1468 eos,
1220 1382 1317 1467 dico,
1333 1380 1434 1479 quita·

376 1505 430 1582 les
450 1521 536 1582 sunt
563 1509 792 1595 mentituros,
811 1508 1081 1586 obtrectatores
1105 1522 1145 1586 et
1168 1508 1320 1596 falsarii,
1338 1528 1434 1607 peren·

374 1657 420 1708 ne
453 1634 588 1710 bellum
625 1635 853 1712 indicendum
886 1635 991 1714 nohis
1023 1651 1095 1712 est.

480 1761 619 1854 Quibus
660 1763 854 1862 diligenter
889 1763 1079 1850 discussis,
1111 1763 1298 1838 neminem
1338 1759 1433 1836 mirari

372 1890 513 1966 corrhdo
541 1891 587 1966 de
614 1889 723 1984 hujus
751 1889 856 1966 Tomi
885 1891 1144 1989 inscriptione:
1179 1886 1302 1989 Vipilia'
1329 1885 1433 1987 Pupuo

374 2017 538 2117 Oripeuia
551 2034 585 2093 ct
598 2016 796 2094 ,iustiniani
816 2019 1020 2118 triumphus
1034 2019 1074 2092 ic
1088 2013 1231 2116 Specto
1252 2013 1295 2093 V.
1309 2036 1434 2094 ectum

370 2151 452 2221 cicc
467 2148 634 2222 adversus
662 2146 852 2246 perfidiam
879 2147 951 2220 tric
983 2143 1151 2246 Capitulis
1182 2143 1432 2244 defendentium

371 2273 509 2351 Horum
540 2297 697 2374 namque
717 2273 965 2373 unusquisque
985 2271 1022 2346 in
1047 2272 1117 2350 hoc
1136 2271 1287 2370 negotio
1314 2293 1373 2370 pro
1387 2287 1433 2342 sua

373 2417 477 2502 parte
499 2405 562 2478 viri
581 2405 632 2502 pii
660 2419 700 2479 et
718 2401 886 2479 catholici
915 2401 1059 2479 obtinet
1076 2399 1299 2475 encomium.
1328 2396 1433 2472 Unius·

372 2539 546 2632 cujusque
575 2535 611 2606 in
643 2538 711 2610 edo
738 2553 890 2608 munere
920 2553 986 2629 pro
1014 2528 1150 2605 Christi
1167 2595 1172 2606 .
1187 2526 1258 2602 Dei
1285 2525 1389 2626 gloria
1408 2531 1435 2595 et

372 2660 554 2737 Ecclesiae
582 2683 669 2737 suae
698 2660 838 2736 unitate
871 2659 1077 2734 uindicatur
1107 2653 1223 2746 aelus,
1253 2655 1313 2732 cui
1338 2672 1434 2754 perpe·

372 2805 435 2868 tuo
474 2791 616 2866 vacavit
653 2785 1034 2886 irreprehensibiliter.

479 2918 629 3017 vigilius
658 2940 824 2994 summus
847 2915 1021 3025 ¹l'ontileu
1047 2913 1188 3012 primus
1218 2911 1268 2990 de
1296 2905 1433 2986 hostibus

373 3049 448 3124 suis
473 3049 697 3147 triumphum
725 3046 858 3145 agita
886 3043 963 3122 Deo
991 3043 1133 3120 alectus
1157 3037 1370 3118 universalis
1384 3031 1434 3109 Ec·

372 3175 506 3252 clasiae
538 3174 683 3264 Pastor,
711 3197 742 3250 s.
777 3171 909 3250 Leonis
941 3170 1063 3270 Magni
1090 3171 1127 3244 in
1161 3168 1289 3246 ordine
1317 3187 1376 3242 suo
1394 3161 1433 3236 di·

372 3327 465 3401 gnus
501 3326 692 3380 successor
727 3299 776 3378 ob
812 3301 991 3376 sinceram
1023 3308 1062 3374 et
1089 3297 1333 3374 incessantem
1358 3288 1434 3367 solli·

372 3431 569 3508 citudinem
607 3431 782 3507 adsersus
820 3428 1048 3527 impietatem
1076 3423 1238 3501 Nestorii
1271 3436 1311 3502 et
1338 3418 1433 3512 buu·

325 3541 328 3548 ¹
372 3558 465 3648 cbis,
487 3571 527 3634 et
554 3559 707 3634 aliarum
734 3569 917 3633 sectarum
944 3553 1161 3654 praesertim
1184 3548 1431 3651 acephalomm

373 3685 519 3762 sedulus
540 3685 823 3784 apostolicarum
843 3683 1080 3760 traditionum
1105 3692 1243 3768 custos,
1258 3676 1349 3772 iuris
1365 3693 1433 3773 put·

373 3815 474 3890 tilleii
507 3815 652 3902 vindex,
680 3814 717 3904 in
741 3813 880 3890 unitate
901 3810 1089 3888 Ecclesiae
1116 3807 1295 3885 servanda
1320 3801 1432 3881 studio

370 3944 550 4032 sissimus,
578 3967 621 4020 ac
652 3943 779 4019 lirmus
815 3943 928 4017 trium
945 3938 1195 4037 capitulorum
1212 3942 1428 4034 expugnator.

369 4073 412 4148 ln
434 4098 508 4174 quo
525 4095 598 4152 non
617 4085 759 4150 tantum
781 4093 934 4171 persona
957 4069 1098 4168 privata
1117 4061 1430 4143 considerandam

369 4202 445 4279 nit:
474 4203 538 4280 sed
566 4203 603 4279 in
641 4203 721 4301 ipso
744 4200 841 4278 idem
874 4197 1005 4278 Petrus
1033 4192 1229 4298 Apostolus
1264 4189 1363 4269 uobis
1388 4181 1430 4259 of·
