2982 4934
469 519 729 624 aarurxvn.
1097 419 1158 489 ’θ’

64 716 184 785 Collatia
203 720 309 788 initur
329 722 487 806 Epistulae
515 725 681 806 synodicas
711 725 872 810 lbeopbs'li
892 730 935 792 ad
955 728 1156 794 Palaestinae

92 833 116 886 et
139 821 232 904 Cypri
251 823 407 906 episcopos
426 829 577 891 aduersas
608 825 773 909 Marassa
793 839 822 893 et
840 831 1004 894 moaaebos
1024 831 1156 895 nitrien·

93 942 145 999 ses,
161 945 232 990 suns
248 923 380 1008 Genrpii
392 929 595 1010 patriarcbae
614 932 820 995 alexandrini
841 934 878 995 sle
897 933 957 996 buo
975 953 1009 996 re
1022 932 1156 996 testimo·

94 1023 144 1086 aio
159 1025 194 1089 ia
215 1025 283 1091 oita
297 1046 323 1091 s.
337 1027 471 1093 loannis
490 1029 709 1110 chrysostomi:
723 1032 778 1094 ubi
790 1033 929 1114 apertius
949 1033 1051 1114 ipsias
1065 1031 1158 1097 Tbso-

92 1124 168 1205 pbili
181 1127 330 1209 perfidia,
350 1140 379 1193 el
400 1129 548 1211 Oripeais
567 1129 594 1195 s't
608 1134 828 1196 monaeborans
844 1133 1085 1215 oripsnistarssas
1105 1135 1157 1196 slo-

92 1227 203 1294 otrs'aae
223 1239 252 1294 et
271 1230 354 1294 oilae
369 1232 511 1314 probitas
529 1233 738 1298 innotescant.

65 1467 126 1593 Ab
144 1533 243 1615 hujus
263 1535 374 1614 eapitis
394 1536 483 1599 initio
503 1534 676 1600 admodum
697 1483 849 1616 prodesse
869 1545 961 1617 puto,
977 1536 1018 1600 da
1038 1535 1157 1618 qulbus

68 1643 139 1697 salsa
159 1635 351 1699 mentionem
366 1638 501 1715 agimus,
523 1634 691 1716 Theophili
706 1653 816 1701 sanans
837 1655 895 1714 par
910 1635 1044 1702 Litteras
1060 1655 1154 1721 syno-

67 1733 132 1797 dicas
162 1736 342 1800 laesoribus
367 1737 528 1818 objiceres
558 1737 612 1801 nbi
641 1755 703 1800 nun
735 1746 858 1801 tanturn
888 1738 1105 1805 calumniosae
1124 1739 1157 1800 in
1244 1771 1247 1780 ι

66 1830 220 1912 Origenem
243 1837 469 1916 imputationes
497 1836 601 1915 palam
625 1835 727 1899 laetas
748 1835 924 1915 leguntur,
945 1837 1000 1900 sad
1022 1845 1159 1919 atquae

65 1933 94 1994 sd
113 1935 263 2016 injuriam
291 1946 432 2016 spactant
459 1935 582 2000 Nitrias
604 1937 790 2011 monacbis,
811 1936 959 2016 (trigenis
984 1939 1083 2017 ipsius
1103 1954 1157 2019 pa·

65 2037 148 2099 tronis
162 2037 358 2117 iniquissima
375 2037 516 2100 inlatam.
532 2034 625 2114 Quas
640 2038 733 2100 raldo
750 2037 951 2118 praecedenti
966 2046 1157 2102 conuaotnu·

67 2143 111 2198 tnr
128 2139 306 2217 quaestioni
330 2138 368 2200 da
389 2141 601 2220 praesumptis
614 2139 800 2202 erroribus:
817 2141 967 2220 aquibus
990 2141 1158 2220 hueusqna

63 2239 197 2302 mandam
214 2239 445 2303 rindiaarlmns
466 2240 713 2318 adamantium
731 2250 768 2303 nt
788 2241 873 2304 unda
887 2242 932 2304 sic
947 2258 1158 2322 properemus

63 2338 95 2399 ad
115 2348 258 2420 optatam
287 2341 464 2421 apologias
493 2351 621 2404 nostrae
642 2342 814 2404 terminum
845 2361 919 2406 cum
952 2342 1105 2406 mendacii
1125 2349 1159 2405 at

64 2438 252 2520 bypoorisiaa
277 2442 485 2516 rasalallons,
509 2442 699 2522 probitatis,
727 2442 859 2523 rarique
887 2444 1060 2523 triumpho.
1090 2442 1159 2507 flu·

61 2541 189 2620 jusmodi
210 2553 318 2607 autem
351 2554 444 2606 tenor
464 2553 511 2606 ast
534 2541 697 2622 Epistolaa
725 2543 896 2628 synodicas
917 2541 1096 2624 'Theophili
1118 2543 1157 2606 ad

63 2639 250 2707 Palaestinas
270 2655 302 2707 at
323 2643 420 2727 Cypri
442 2647 607 2724 episcopos
630 2646 754 2719 missae,
778 2663 796 2707 a
820 2663 845 2707 s.
869 2643 1066 2730 Hieronymo
1087 2646 1159 2709 lati·

63 2759 96 2804 ne
116 2763 224 2808 rarsae
245 2762 284 2808 aa
302 2747 369 2810 snis
389 2747 559 2824 inscriptae
580 2745 641 2807 sub
662 2759 691 2807 n.
713 2742 765 2811 92.

133 2867 148 2904 ι
167 2843 194 2911 l.
210 2845 363 2911 Arbitror
377 2847 462 2926 quod
485 2854 558 2908 aula
575 2854 698 2908 nostras
714 2846 824 2908 literas
838 2845 932 2908 solor
948 2843 986 2906 ad
1008 2864 1064 2908 ros
1075 2845 1158 2908 lama

63 2947 235 3022 pertulerit,
255 2947 411 3027 quosdam
432 2949 464 3008 in
479 2945 679 3010 monasteriis
700 2944 824 3008 Nitrias
838 2944 986 3026 Origsnis
1002 2948 1158 3010 haeresim

63 3061 173 3122 serare,
195 3057 227 3110 at
252 3048 483 3112 monachornm
508 3047 712 3127 purissimum
728 3056 855 3111 anatum
878 3051 1006 3127 potions
1029 3047 1156 3112 turbida

63 3151 236 3227 propinare.
257 3147 476 3225 Quamobrem
492 3148 648 3229 compulsi
661 3165 772 3210 sumus
783 3149 822 3209 ad
836 3150 900 3229 ipsa
915 3150 998 3224 loos,
1011 3150 1158 3229 pertima·

63 3256 175 3310 scentes
194 3255 380 3312 sanatorum
402 3248 562 3329 praeibas,
578 3255 611 3310 at
626 3247 925 3324 arsinoitarum,
944 3258 977 3312 at
996 3249 1158 3332 presbyto-

65 3361 181 3422 rorum,
196 3353 251 3430 qui
266 3357 419 3429 praasnut
432 3349 644 3424 monasteriis,
657 3365 695 3410 ne
710 3347 786 3410 dnm
802 3367 859 3412 nus
873 3350 920 3410 ira
934 3367 1106 3424 cessamus,
1123 3351 1156 3424 ii,

65 3447 113 3526 qui
131 3451 349 3529 prurientibus
369 3450 579 3514 blandiuntur
599 3450 747 3526 auribus,
765 3451 955 3529 simplicium
971 3450 1067 3514 corda
1086 3468 1158 3530 per·

66 3555 224 3614 verterant.
246 3548 398 3626 Quorum
429 3551 576 3614 nobilitas
596 3552 628 3613 ln
658 3551 860 3626 arelatensi,
886 3561 918 3614 et
939 3561 1002 3613 tam
1025 3549 1157 3613 rabidus

65 3645 151 3714 inror
168 3652 206 3714 ad
226 3671 322 3716 omno
343 3652 481 3728 laninas,
503 3651 590 3733 quod
612 3653 770 3733 imperitia
790 3654 1006 3733 superbiaque
1027 3669 1157 3731 sugges·

63 3753 144 3829 sarit,
164 3763 200 3818 ut
219 3755 410 3837 praecipites
432 3761 544 3828 ruant,
569 3771 626 3816 uso
647 3754 827 3833 intelligant
848 3770 1028 3817 mansuram
1050 3769 1156 3827 suam,

64 3851 113 3912 sad
125 3854 206 3933 apud
219 3856 404 3936 semetipsos
423 3856 592 3935 sapientes,
614 3853 671 3934 qul
692 3854 762 3918 iona
781 3855 900 3918 erroris
922 3854 1157 3930 numantinos

67 3960 201 4029 putantes
219 3975 254 4021 sa
273 3955 361 4036 qnod
383 3973 445 4020 non
464 3963 549 4019 sunt.
572 3952 716 4036 Daniqna
741 3955 773 4016 in
801 3964 920 4018 tautam
946 3971 1158 4037 prorumpan-

68 4057 108 4116 tas
126 4055 333 4136 dementiam,
357 4066 393 4124 ut
412 4059 444 4123 ln
463 4077 499 4123 se
520 4065 683 4123 variarent
705 4073 838 4134 manns,
861 4066 893 4121 at
914 4059 1043 4138 propria
1067 4057 1156 4119 tarro

70 4158 198 4222 menon
227 4167 436 4239 truaoaseut3
465 4165 612 4241 putantes
636 4156 754 4222 stultas
786 4158 985 4238 cogitationis
1006 4159 1155 4230 arbitrio,

70 4251 133 4323 bino
151 4260 312 4346 religiosos
331 4271 364 4330 at
383 4261 521 4328 humiles
540 4279 575 4328 aa
595 4259 743 4342 probari,
765 4259 791 4324 si
813 4261 960 4326 mutilata
983 4260 1098 4337 ironia,
1120 4265 1156 4321 ss
