<?xml version="1.0" encoding="UTF-8"?>
<!DOCTYPE html PUBLIC "-//W3C//DTD XHTML 1.0 Transitional//EN"
    "http://www.w3.org/TR/xhtml1/DTD/xhtml1-transitional.dtd">
<html xmlns="http://www.w3.org/1999/xhtml" xml:lang="en" lang="en">
 <head>
  <title>
</title>
<meta http-equiv="Content-Type" content="text/html;charset=utf-8" />
  <meta name='ocr-system' content='tesseract 3.04.00' />
  <meta name='ocr-capabilities' content='ocr_page ocr_carea ocr_par ocr_line ocrx_word'/>
</head>
<body>
  <div class='ocr_page' id='page_1' title='image "./insgregoriinyss01vincgoog/insgregoriinyss01vincgoog_0707.png"; bbox 0 0 3138 4950; ppageno 0'>
   <div class='ocr_carea' id='block_1_1' title="bbox 354 381 418 454">
    <p class='ocr_par' dir='ltr' id='par_1_1' title="bbox 354 381 418 454">
     <span class='ocr_line' id='line_1_1' title="bbox 354 381 418 454; baseline 0 0"><span class='ocrx_word' id='word_1_1' title='bbox 354 381 418 454; x_wconf 73' lang='lat' dir='ltr'>ute</span> 
     </span>
    </p>
   </div>
   <div class='ocr_carea' id='block_1_2' title="bbox 343 485 1478 4325">
    <p class='ocr_par' dir='ltr' id='par_1_2' title="bbox 350 485 1476 1076">
     <span class='ocr_line' id='line_1_2' title="bbox 352 485 1474 572; baseline -0.004 -18"><span class='ocrx_word' id='word_1_2' title='bbox 352 488 407 554; x_wconf 85' lang='lat' dir='ltr'>nbi</span> <span class='ocrx_word' id='word_1_3' title='bbox 429 485 629 572; x_wconf 75' lang='lat' dir='ltr'>Eutychinm</span> <span class='ocrx_word' id='word_1_4' title='bbox 665 488 853 566; x_wconf 78' lang='lat' dir='ltr'>octennem,</span> <span class='ocrx_word' id='word_1_5' title='bbox 881 498 1007 554; x_wconf 88' lang='lat' dir='ltr'>ceteros</span> <span class='ocrx_word' id='word_1_6' title='bbox 1029 489 1185 554; x_wconf 79' lang='lat' dir='ltr'>aurursus</span> <span class='ocrx_word' id='word_1_7' title='bbox 1216 504 1292 554; x_wconf 90' lang='lat' dir='ltr'>eum</span> <span class='ocrx_word' id='word_1_8' title='bbox 1313 485 1474 552; x_wconf 79' lang='lat' dir='ltr'>‹limicen-</span> 
     </span>
     <span class='ocr_line' id='line_1_3' title="bbox 354 577 1472 672; baseline -0.001 -19"><span class='ocrx_word' id='word_1_9' title='bbox 354 599 401 655; x_wconf 90' lang='lat' dir='ltr'>tes</span> <span class='ocrx_word' id='word_1_10' title='bbox 415 577 565 670; x_wconf 84' lang='lat' dir='ltr'>corripit,</span> <span class='ocrx_word' id='word_1_11' title='bbox 582 598 688 654; x_wconf 90' lang='lat' dir='ltr'>mente</span> <span class='ocrx_word' id='word_1_12' title='bbox 709 591 916 672; x_wconf 75' lang='lat' dir='ltr'>imperfectos</span> <span class='ocrx_word' id='word_1_13' title='bbox 932 611 1133 672; x_wconf 85' lang='lat' dir='ltr'>nuncupans,</span> <span class='ocrx_word' id='word_1_14' title='bbox 1157 592 1367 672; x_wconf 77' lang='lat' dir='ltr'>hominesque</span> <span class='ocrx_word' id='word_1_15' title='bbox 1381 590 1472 654; x_wconf 90' lang='lat' dir='ltr'>stul·</span> 
     </span>
     <span class='ocr_line' id='line_1_4' title="bbox 356 689 1475 774; baseline -0.002 -20"><span class='ocrx_word' id='word_1_16' title='bbox 356 700 416 765; x_wconf 83' lang='lat' dir='ltr'>tos,</span> <span class='ocrx_word' id='word_1_17' title='bbox 439 709 503 754; x_wconf 91' lang='lat' dir='ltr'>nou</span> <span class='ocrx_word' id='word_1_18' title='bbox 525 691 750 770; x_wconf 72' lang='lat' dir='ltr'><strong>intelligentes,</strong></span> <span class='ocrx_word' id='word_1_19' title='bbox 768 711 827 756; x_wconf 90' lang='lat' dir='ltr'>uec</span> <span class='ocrx_word' id='word_1_20' title='bbox 848 691 889 757; x_wconf 82' lang='lat' dir='ltr'>(le</span> <span class='ocrx_word' id='word_1_21' title='bbox 911 693 1030 774; x_wconf 84' lang='lat' dir='ltr'>quihus</span> <span class='ocrx_word' id='word_1_22' title='bbox 1050 691 1250 772; x_wconf 73' lang='lat' dir='ltr'><strong>loquebatur</strong></span> <span class='ocrx_word' id='word_1_23' title='bbox 1272 689 1475 772; x_wconf 64' lang='lat' dir='ltr'>Eutychia,</span> 
     </span>
     <span class='ocr_line' id='line_1_5' title="bbox 352 789 1473 874; baseline 0.002 -20"><span class='ocrx_word' id='word_1_24' title='bbox 352 811 412 856; x_wconf 88' lang='lat' dir='ltr'>uec</span> <span class='ocrx_word' id='word_1_25' title='bbox 432 811 517 872; x_wconf 84' lang='lat' dir='ltr'>quoe</span> <span class='ocrx_word' id='word_1_26' title='bbox 539 791 726 858; x_wconf 84' lang='lat' dir='ltr'>affirmaret.</span> <span class='ocrx_word' id='word_1_27' title='bbox 752 791 841 857; x_wconf 84' lang='lat' dir='ltr'><strong>Unde</strong></span> <span class='ocrx_word' id='word_1_28' title='bbox 862 799 988 860; x_wconf 85' lang='lat' dir='ltr'>constat</span> <span class='ocrx_word' id='word_1_29' title='bbox 1009 811 1067 874; x_wconf 87' lang='lat' dir='ltr'>per</span> <span class='ocrx_word' id='word_1_30' title='bbox 1089 794 1175 856; x_wconf 90' lang='lat' dir='ltr'>huuc</span> <span class='ocrx_word' id='word_1_31' title='bbox 1194 811 1377 857; x_wconf 86' lang='lat' dir='ltr'>sermonem</span> <span class='ocrx_word' id='word_1_32' title='bbox 1399 789 1473 856; x_wconf 78' lang='lat' dir='ltr'>Eu·</span> 
     </span>
     <span class='ocr_line' id='line_1_6' title="bbox 350 891 1476 974; baseline 0.001 -21"><span class='ocrx_word' id='word_1_33' title='bbox 350 893 520 967; x_wconf 89' lang='lat' dir='ltr'>stathinm,</span> <span class='ocrx_word' id='word_1_34' title='bbox 543 895 691 972; x_wconf 80' lang='lat' dir='ltr'>quumvis</span> <span class='ocrx_word' id='word_1_35' title='bbox 712 895 879 957; x_wconf 89' lang='lat' dir='ltr'>occultato</span> <span class='ocrx_word' id='word_1_36' title='bbox 901 895 1042 969; x_wconf 83' lang='lat' dir='ltr'>nomine,</span> <span class='ocrx_word' id='word_1_37' title='bbox 1060 893 1252 958; x_wconf 78' lang='lat' dir='ltr'>rellioaro&#39;s.</span> <span class='ocrx_word' id='word_1_38' title='bbox 1268 891 1476 974; x_wconf 68' lang='lat' dir='ltr'>Gregoriuua</span> 
     </span>
     <span class='ocr_line' id='line_1_7' title="bbox 354 997 1056 1076; baseline 0.003 -18"><span class='ocrx_word' id='word_1_39' title='bbox 354 1001 548 1075; x_wconf 85' lang='lat' dir='ltr'>ceterosque</span> <span class='ocrx_word' id='word_1_40' title='bbox 570 1015 628 1075; x_wconf 93' lang='lat' dir='ltr'>pro</span> <span class='ocrx_word' id='word_1_41' title='bbox 651 998 721 1076; x_wconf 85' lang='lat' dir='ltr'>ipso</span> <span class='ocrx_word' id='word_1_42' title='bbox 743 997 905 1076; x_wconf 78' lang='lat' dir='ltr'>Gregorio</span> <span class='ocrx_word' id='word_1_43' title='bbox 925 1004 1056 1060; x_wconf 83' lang='lat' dir='ltr'>stantes.</span> 
     </span>
    </p>

    <p class='ocr_par' dir='ltr' id='par_1_3' title="bbox 353 1095 1478 2706">
     <span class='ocr_line' id='line_1_8' title="bbox 433 1095 1476 1179; baseline -0.004 -19"><span class='ocrx_word' id='word_1_44' title='bbox 433 1095 485 1160; x_wconf 88' lang='lat' dir='ltr'>Sic</span> <span class='ocrx_word' id='word_1_45' title='bbox 507 1115 646 1178; x_wconf 85' lang='lat' dir='ltr'>numque</span> <span class='ocrx_word' id='word_1_46' title='bbox 670 1096 863 1164; x_wconf 82' lang='lat' dir='ltr'>Enstnthius</span> <span class='ocrx_word' id='word_1_47' title='bbox 884 1098 1108 1179; x_wconf 86' lang='lat' dir='ltr'>quaestionem</span> <span class='ocrx_word' id='word_1_48' title='bbox 1129 1098 1168 1160; x_wconf 86' lang='lat' dir='ltr'>de</span> <span class='ocrx_word' id='word_1_49' title='bbox 1192 1096 1476 1162; x_wconf 80' lang='lat' dir='ltr'>resurrectiones</span> 
     </span>
     <span class='ocr_line' id='line_1_9' title="bbox 353 1197 1477 1285; baseline -0.003 -22"><span class='ocrx_word' id='word_1_50' title='bbox 353 1197 514 1280; x_wconf 75' lang='lat' dir='ltr'>Gregorio</span> <span class='ocrx_word' id='word_1_51' title='bbox 537 1201 679 1264; x_wconf 85' lang='lat' dir='ltr'>hohitam</span> <span class='ocrx_word' id='word_1_52' title='bbox 700 1219 777 1264; x_wconf 88' lang='lat' dir='ltr'>curn</span> <span class='ocrx_word' id='word_1_53' title='bbox 810 1199 976 1285; x_wconf 78' lang='lat' dir='ltr'>Eutychio</span> <span class='ocrx_word' id='word_1_54' title='bbox 998 1209 1101 1276; x_wconf 83' lang='lat' dir='ltr'>notat,</span> <span class='ocrx_word' id='word_1_55' title='bbox 1123 1207 1316 1281; x_wconf 72' lang='lat' dir='ltr'>argumento</span> <span class='ocrx_word' id='word_1_56' title='bbox 1338 1203 1477 1277; x_wconf 84' lang='lat' dir='ltr'>sumpto</span> 
     </span>
     <span class='ocr_line' id='line_1_10' title="bbox 353 1300 1475 1384; baseline 0.001 -22"><span class='ocrx_word' id='word_1_57' title='bbox 353 1303 394 1364; x_wconf 88' lang='lat' dir='ltr'>‹le</span> <span class='ocrx_word' id='word_1_58' title='bbox 408 1301 498 1364; x_wconf 85' lang='lat' dir='ltr'>obitu</span> <span class='ocrx_word' id='word_1_59' title='bbox 515 1300 660 1381; x_wconf 86' lang='lat' dir='ltr'>ejusdem</span> <span class='ocrx_word' id='word_1_60' title='bbox 675 1300 840 1383; x_wconf 77' lang='lat' dir='ltr'>Eutychii,</span> <span class='ocrx_word' id='word_1_61' title='bbox 856 1321 954 1384; x_wconf 82' lang='lat' dir='ltr'>quem</span> <span class='ocrx_word' id='word_1_62' title='bbox 971 1304 1065 1372; x_wconf 80' lang='lat' dir='ltr'>salle</span> <span class='ocrx_word' id='word_1_63' title='bbox 1080 1303 1232 1382; x_wconf 85' lang='lat' dir='ltr'>cupiebat</span> <span class='ocrx_word' id='word_1_64' title='bbox 1246 1303 1475 1381; x_wconf 79' lang='lat' dir='ltr'>propinquum</span> 
     </span>
     <span class='ocr_line' id='line_1_11' title="bbox 354 1399 1478 1485; baseline -0.002 -19"><span class='ocrx_word' id='word_1_65' title='bbox 354 1409 393 1466; x_wconf 94' lang='lat' dir='ltr'>ut</span> <span class='ocrx_word' id='word_1_66' title='bbox 412 1409 497 1466; x_wconf 91' lang='lat' dir='ltr'>esset</span> <span class='ocrx_word' id='word_1_67' title='bbox 509 1420 584 1467; x_wconf 90' lang='lat' dir='ltr'>cnm</span> <span class='ocrx_word' id='word_1_68' title='bbox 605 1400 748 1479; x_wconf 86' lang='lat' dir='ltr'>Christo,</span> <span class='ocrx_word' id='word_1_69' title='bbox 772 1421 802 1465; x_wconf 89' lang='lat' dir='ltr'>n.</span> <span class='ocrx_word' id='word_1_70' title='bbox 817 1399 869 1468; x_wconf 82' lang='lat'>88:</span> <span class='ocrx_word' id='word_1_71' title='bbox 887 1425 904 1466; x_wconf 78' lang='lat' dir='ltr'>c</span> <span class='ocrx_word' id='word_1_72' title='bbox 920 1402 993 1480; x_wconf 85' lang='lat' dir='ltr'>Qun</span> <span class='ocrx_word' id='word_1_73' title='bbox 1015 1405 1145 1485; x_wconf 86' lang='lat' dir='ltr'>quidem</span> <span class='ocrx_word' id='word_1_74' title='bbox 1167 1404 1206 1467; x_wconf 77' lang='lat' dir='ltr'>tle</span> <span class='ocrx_word' id='word_1_75' title='bbox 1226 1419 1276 1478; x_wconf 83' lang='lat' dir='ltr'>re,</span> <span class='ocrx_word' id='word_1_76' title='bbox 1291 1403 1347 1477; x_wconf 85' lang='lat' dir='ltr'>sit,</span> <span class='ocrx_word' id='word_1_77' title='bbox 1363 1399 1478 1481; x_wconf 80' lang='lat' dir='ltr'>quoti·</span> 
     </span>
     <span class='ocr_line' id='line_1_12' title="bbox 354 1502 1476 1588; baseline -0.002 -22"><span class='ocrx_word' id='word_1_78' title='bbox 354 1503 407 1568; x_wconf 79' lang='lat' dir='ltr'>rlie</span> <span class='ocrx_word' id='word_1_79' title='bbox 428 1503 734 1583; x_wconf 84' lang='lat' dir='ltr'>philosophabatur,</span> <span class='ocrx_word' id='word_1_80' title='bbox 751 1513 784 1568; x_wconf 89' lang='lat' dir='ltr'>et</span> <span class='ocrx_word' id='word_1_81' title='bbox 804 1506 932 1582; x_wconf 74' lang='lat' dir='ltr'>mrtem,</span> <span class='ocrx_word' id='word_1_82' title='bbox 955 1523 1041 1588; x_wconf 86' lang='lat' dir='ltr'>quae</span> <span class='ocrx_word' id='word_1_83' title='bbox 1062 1503 1201 1572; x_wconf 86' lang='lat' dir='ltr'>Basilius</span> <span class='ocrx_word' id='word_1_84' title='bbox 1222 1511 1254 1570; x_wconf 92' lang='lat' dir='ltr'>et</span> <span class='ocrx_word' id='word_1_85' title='bbox 1275 1502 1476 1583; x_wconf 71' lang='lat' dir='ltr'>Gregorius.</span> 
     </span>
     <span class='ocr_line' id='line_1_13' title="bbox 353 1603 1477 1686; baseline -0.003 -19"><span class='ocrx_word' id='word_1_86' title='bbox 353 1603 512 1670; x_wconf 83' lang='lat' dir='ltr'>sentiebat</span> <span class='ocrx_word' id='word_1_87' title='bbox 531 1613 563 1670; x_wconf 90' lang='lat' dir='ltr'>et</span> <span class='ocrx_word' id='word_1_88' title='bbox 583 1605 793 1686; x_wconf 87' lang='lat' dir='ltr'>loquebatur.</span> <span class='ocrx_word' id='word_1_89' title='bbox 818 1603 970 1683; x_wconf 89' lang='lat' dir='ltr'>Quorum</span> <span class='ocrx_word' id='word_1_90' title='bbox 994 1627 1100 1672; x_wconf 74' lang='lat' dir='ltr'>uuusc</span> <span class='ocrx_word' id='word_1_91' title='bbox 1117 1624 1260 1682; x_wconf 84' lang='lat' dir='ltr'>curnam,</span> <span class='ocrx_word' id='word_1_92' title='bbox 1280 1603 1397 1684; x_wconf 85' lang='lat' dir='ltr'>inquit,</span> <span class='ocrx_word' id='word_1_93' title='bbox 1419 1603 1477 1665; x_wconf 80' lang='lat' dir='ltr'>rir-</span> 
     </span>
     <span class='ocr_line' id='line_1_14' title="bbox 355 1703 1477 1790; baseline 0 -22"><span class='ocrx_word' id='word_1_94' title='bbox 355 1703 451 1783; x_wconf 83' lang='lat' dir='ltr'>rpicr,</span> <span class='ocrx_word' id='word_1_95' title='bbox 473 1723 552 1788; x_wconf 83' lang='lat' dir='ltr'>quur</span> <span class='ocrx_word' id='word_1_96' title='bbox 569 1707 743 1786; x_wconf 80' lang='lat' dir='ltr'>praeterit:</span> <span class='ocrx_word' id='word_1_97' title='bbox 766 1705 912 1772; x_wconf 76' lang='lat' dir='ltr'>unimam</span> <span class='ocrx_word' id='word_1_98' title='bbox 933 1729 1024 1785; x_wconf 83' lang='lat' dir='ltr'>curo,</span> <span class='ocrx_word' id='word_1_99' title='bbox 1047 1709 1106 1790; x_wconf 82' lang='lat' dir='ltr'>pai</span> <span class='ocrx_word' id='word_1_100' title='bbox 1126 1719 1171 1773; x_wconf 87' lang='lat' dir='ltr'>ert</span> <span class='ocrx_word' id='word_1_101' title='bbox 1189 1704 1391 1776; x_wconf 79' lang='lat' dir='ltr'>immortalia.</span> <span class='ocrx_word' id='word_1_102' title='bbox 1414 1703 1477 1768; x_wconf 83' lang='lat' dir='ltr'>at-</span> 
     </span>
     <span class='ocr_line' id='line_1_15' title="bbox 354 1806 1474 1890; baseline 0 -22"><span class='ocrx_word' id='word_1_103' title='bbox 354 1817 406 1871; x_wconf 90' lang='lat' dir='ltr'>ter</span> <span class='ocrx_word' id='word_1_104' title='bbox 425 1817 555 1872; x_wconf 81' lang='lat' dir='ltr'>autemr</span> <span class='ocrx_word' id='word_1_105' title='bbox 579 1807 717 1882; x_wconf 79' lang='lat' dir='ltr'>utinam,</span> <span class='ocrx_word' id='word_1_106' title='bbox 738 1809 855 1890; x_wconf 85' lang='lat' dir='ltr'>inquit,</span> <span class='ocrx_word' id='word_1_107' title='bbox 876 1829 1005 1890; x_wconf 84' lang='lat' dir='ltr'>proaem</span> <span class='ocrx_word' id='word_1_108' title='bbox 1025 1811 1108 1875; x_wconf 83' lang='lat' dir='ltr'>hooc</span> <span class='ocrx_word' id='word_1_109' title='bbox 1129 1829 1235 1876; x_wconf 68' lang='lat' dir='ltr'>macr</span> <span class='ocrx_word' id='word_1_110' title='bbox 1253 1806 1412 1878; x_wconf 78' lang='lat' dir='ltr'>tunicum,</span> <span class='ocrx_word' id='word_1_111' title='bbox 1436 1813 1474 1868; x_wconf 80' lang='lat' dir='ltr'>er</span> 
     </span>
     <span class='ocr_line' id='line_1_16' title="bbox 354 1907 1477 1993; baseline -0.001 -20"><span class='ocrx_word' id='word_1_112' title='bbox 354 1907 513 1990; x_wconf 79' lang='lat' dir='ltr'>accipiam</span> <span class='ocrx_word' id='word_1_113' title='bbox 535 1909 693 1974; x_wconf 81' lang='lat' dir='ltr'>leniorem.</span> <span class='ocrx_word' id='word_1_114' title='bbox 721 1910 755 1974; x_wconf 94' lang='lat' dir='ltr'>ln</span> <span class='ocrx_word' id='word_1_115' title='bbox 778 1914 825 1976; x_wconf 89' lang='lat' dir='ltr'>hia</span> <span class='ocrx_word' id='word_1_116' title='bbox 848 1913 906 1976; x_wconf 87' lang='lat' dir='ltr'>ille</span> <span class='ocrx_word' id='word_1_117' title='bbox 922 1923 1082 1988; x_wconf 84' lang='lat' dir='ltr'>screatus,</span> <span class='ocrx_word' id='word_1_118' title='bbox 1105 1921 1137 1978; x_wconf 89' lang='lat' dir='ltr'>ct</span> <span class='ocrx_word' id='word_1_119' title='bbox 1156 1931 1286 1993; x_wconf 88' lang='lat' dir='ltr'>semper</span> <span class='ocrx_word' id='word_1_120' title='bbox 1307 1913 1387 1974; x_wconf 85' lang='lat' dir='ltr'>haec</span> <span class='ocrx_word' id='word_1_121' title='bbox 1407 1926 1477 1972; x_wconf 79' lang='lat' dir='ltr'>uec·</span> 
     </span>
     <span class='ocr_line' id='line_1_17' title="bbox 356 2005 1476 2093; baseline 0 -21"><span class='ocrx_word' id='word_1_122' title='bbox 356 2010 478 2074; x_wconf 76' lang='lat' dir='ltr'>rlitansr</span> <span class='ocrx_word' id='word_1_123' title='bbox 501 2018 624 2076; x_wconf 90' lang='lat' dir='ltr'>etcum</span> <span class='ocrx_word' id='word_1_124' title='bbox 641 2015 762 2093; x_wconf 70' lang='lat' dir='ltr'>mugnis</span> <span class='ocrx_word' id='word_1_125' title='bbox 780 2011 930 2078; x_wconf 74' lang='lat' dir='ltr'>Patribus</span> <span class='ocrx_word' id='word_1_126' title='bbox 953 2017 1001 2078; x_wconf 83' lang='lat' dir='ltr'>tta</span> <span class='ocrx_word' id='word_1_127' title='bbox 1016 2015 1136 2090; x_wconf 80' lang='lat' dir='ltr'>virens,</span> <span class='ocrx_word' id='word_1_128' title='bbox 1160 2023 1275 2078; x_wconf 92' lang='lat' dir='ltr'>utnon</span> <span class='ocrx_word' id='word_1_129' title='bbox 1291 2012 1397 2075; x_wconf 89' lang='lat' dir='ltr'>minna</span> <span class='ocrx_word' id='word_1_130' title='bbox 1411 2005 1476 2072; x_wconf 80' lang='lat' dir='ltr'>u·-</span> 
     </span>
     <span class='ocr_line' id='line_1_18' title="bbox 355 2109 1477 2198; baseline -0.002 -22"><span class='ocrx_word' id='word_1_131' title='bbox 355 2112 419 2176; x_wconf 87' lang='lat' dir='ltr'>silii</span> <span class='ocrx_word' id='word_1_132' title='bbox 440 2119 474 2176; x_wconf 91' lang='lat' dir='ltr'>et</span> <span class='ocrx_word' id='word_1_133' title='bbox 503 2109 702 2193; x_wconf 70' lang='lat' dir='ltr'>Gregorium</span> <span class='ocrx_word' id='word_1_134' title='bbox 723 2121 756 2180; x_wconf 93' lang='lat' dir='ltr'>et</span> <span class='ocrx_word' id='word_1_135' title='bbox 791 2117 897 2196; x_wconf 74' lang='lat' dir='ltr'>magui</span> <span class='ocrx_word' id='word_1_136' title='bbox 927 2113 1084 2198; x_wconf 78' lang='lat' dir='ltr'>Dionysii,</span> <span class='ocrx_word' id='word_1_137' title='bbox 1105 2123 1138 2179; x_wconf 91' lang='lat' dir='ltr'>ct</span> <span class='ocrx_word' id='word_1_138' title='bbox 1164 2115 1369 2195; x_wconf 86' lang='lat' dir='ltr'>reliquorum</span> <span class='ocrx_word' id='word_1_139' title='bbox 1403 2127 1477 2176; x_wconf 81' lang='lat' dir='ltr'>aaa·</span> 
     </span>
     <span class='ocr_line' id='line_1_19' title="bbox 356 2211 1474 2297; baseline -0.002 -19"><span class='ocrx_word' id='word_1_140' title='bbox 356 2221 486 2278; x_wconf 86' lang='lat' dir='ltr'>ctorem</span> <span class='ocrx_word' id='word_1_141' title='bbox 509 2211 656 2291; x_wconf 83' lang='lat' dir='ltr'>Petrum,</span> <span class='ocrx_word' id='word_1_142' title='bbox 681 2212 923 2295; x_wconf 70' lang='lat' dir='ltr'>Apostolorum</span> <span class='ocrx_word' id='word_1_143' title='bbox 943 2225 976 2283; x_wconf 93' lang='lat' dir='ltr'>et</span> <span class='ocrx_word' id='word_1_144' title='bbox 997 2217 1239 2297; x_wconf 72' lang='lat' dir='ltr'>Prophetarum</span> <span class='ocrx_word' id='word_1_145' title='bbox 1258 2229 1428 2279; x_wconf 88' lang='lat' dir='ltr'>sermones</span> <span class='ocrx_word' id='word_1_146' title='bbox 1441 2217 1474 2278; x_wconf 85' lang='lat' dir='ltr'>et</span> 
     </span>
     <span class='ocr_line' id='line_1_20' title="bbox 357 2314 1473 2400; baseline 0.001 -23"><span class='ocrx_word' id='word_1_147' title='bbox 357 2314 520 2396; x_wconf 74' lang='lat' dir='ltr'>dogmata,</span> <span class='ocrx_word' id='word_1_148' title='bbox 533 2332 632 2395; x_wconf 82' lang='lat' dir='ltr'>quom</span> <span class='ocrx_word' id='word_1_149' title='bbox 647 2333 757 2380; x_wconf 85' lang='lat' dir='ltr'>nerem</span> <span class='ocrx_word' id='word_1_150' title='bbox 772 2317 871 2393; x_wconf 85' lang='lat' dir='ltr'>huuc,</span> <span class='ocrx_word' id='word_1_151' title='bbox 888 2321 1041 2400; x_wconf 80' lang='lat' dir='ltr'>spiraretr</span> <span class='ocrx_word' id='word_1_152' title='bbox 1056 2326 1162 2382; x_wconf 74' lang='lat' dir='ltr'>umen</span> <span class='ocrx_word' id='word_1_153' title='bbox 1176 2315 1371 2399; x_wconf 82' lang='lat' dir='ltr'>qnihnsrlsua</span> <span class='ocrx_word' id='word_1_154' title='bbox 1387 2331 1473 2378; x_wconf 80' lang='lat' dir='ltr'>men·</span> 
     </span>
     <span class='ocr_line' id='line_1_21' title="bbox 359 2414 1471 2502; baseline -0.002 -22"><span class='ocrx_word' id='word_1_155' title='bbox 359 2425 390 2482; x_wconf 90' lang='lat' dir='ltr'>te</span> <span class='ocrx_word' id='word_1_156' title='bbox 411 2417 609 2498; x_wconf 77' lang='lat' dir='ltr'>imperfectis</span> <span class='ocrx_word' id='word_1_157' title='bbox 628 2429 799 2501; x_wconf 84' lang='lat' dir='ltr'>suspectus</span> <span class='ocrx_word' id='word_1_158' title='bbox 821 2427 913 2484; x_wconf 82' lang='lat' dir='ltr'>erat:</span> <span class='ocrx_word' id='word_1_159' title='bbox 931 2421 1024 2502; x_wconf 84' lang='lat' dir='ltr'>qnasi</span> <span class='ocrx_word' id='word_1_160' title='bbox 1045 2420 1086 2484; x_wconf 89' lang='lat' dir='ltr'>ah</span> <span class='ocrx_word' id='word_1_161' title='bbox 1106 2420 1152 2482; x_wconf 88' lang='lat' dir='ltr'>eis</span> <span class='ocrx_word' id='word_1_162' title='bbox 1174 2421 1205 2481; x_wconf 88' lang='lat' dir='ltr'>ln</span> <span class='ocrx_word' id='word_1_163' title='bbox 1222 2414 1471 2482; x_wconf 88' lang='lat' dir='ltr'>resurrectionis</span> 
     </span>
     <span class='ocr_line' id='line_1_22' title="bbox 357 2517 1472 2602; baseline -0.001 -22"><span class='ocrx_word' id='word_1_164' title='bbox 357 2521 482 2583; x_wconf 83' lang='lat' dir='ltr'>ratione</span> <span class='ocrx_word' id='word_1_165' title='bbox 503 2518 685 2585; x_wconf 87' lang='lat' dir='ltr'>dissentiret</span> <span class='ocrx_word' id='word_1_166' title='bbox 693 2541 705 2602; x_wconf 86' lang='lat'>;</span> <span class='ocrx_word' id='word_1_167' title='bbox 722 2540 797 2586; x_wconf 90' lang='lat' dir='ltr'>curn</span> <span class='ocrx_word' id='word_1_168' title='bbox 820 2530 927 2586; x_wconf 85' lang='lat' dir='ltr'>tamen</span> <span class='ocrx_word' id='word_1_169' title='bbox 950 2523 1095 2586; x_wconf 89' lang='lat' dir='ltr'>homiues</span> <span class='ocrx_word' id='word_1_170' title='bbox 1114 2519 1208 2584; x_wconf 89' lang='lat' dir='ltr'>stulti</span> <span class='ocrx_word' id='word_1_171' title='bbox 1230 2537 1293 2585; x_wconf 89' lang='lat' dir='ltr'>unu</span> <span class='ocrx_word' id='word_1_172' title='bbox 1315 2517 1472 2596; x_wconf 69' lang='lat' dir='ltr'>intellige·</span> 
     </span>
     <span class='ocr_line' id='line_1_23' title="bbox 357 2617 1353 2706; baseline -0.002 -24"><span class='ocrx_word' id='word_1_173' title='bbox 357 2628 442 2697; x_wconf 89' lang='lat' dir='ltr'>rent,</span> <span class='ocrx_word' id='word_1_174' title='bbox 465 2637 525 2684; x_wconf 85' lang='lat' dir='ltr'>nec</span> <span class='ocrx_word' id='word_1_175' title='bbox 545 2620 585 2685; x_wconf 84' lang='lat' dir='ltr'>de</span> <span class='ocrx_word' id='word_1_176' title='bbox 607 2617 728 2702; x_wconf 80' lang='lat' dir='ltr'>quihus</span> <span class='ocrx_word' id='word_1_177' title='bbox 750 2624 959 2706; x_wconf 81' lang='lat' dir='ltr'>loqueretur,</span> <span class='ocrx_word' id='word_1_178' title='bbox 981 2641 1039 2686; x_wconf 90' lang='lat' dir='ltr'>nec</span> <span class='ocrx_word' id='word_1_179' title='bbox 1060 2639 1145 2704; x_wconf 84' lang='lat' dir='ltr'>quae</span> <span class='ocrx_word' id='word_1_180' title='bbox 1165 2619 1353 2685; x_wconf 79' lang='lat' dir='ltr'>affirmaret.</span> 
     </span>
    </p>

    <p class='ocr_par' dir='ltr' id='par_1_4' title="bbox 343 2718 1471 4325">
     <span class='ocr_line' id='line_1_24' title="bbox 440 2718 1470 2805; baseline 0 -25"><span class='ocrx_word' id='word_1_181' title='bbox 440 2718 560 2796; x_wconf 74' lang='lat' dir='ltr'>«Quid</span> <span class='ocrx_word' id='word_1_182' title='bbox 584 2723 703 2786; x_wconf 90' lang='lat' dir='ltr'>mirum</span> <span class='ocrx_word' id='word_1_183' title='bbox 725 2735 787 2801; x_wconf 86' lang='lat' dir='ltr'>eat,</span> <span class='ocrx_word' id='word_1_184' title='bbox 802 2726 827 2789; x_wconf 84' lang='lat' dir='ltr'>si</span> <span class='ocrx_word' id='word_1_185' title='bbox 845 2725 963 2804; x_wconf 88' lang='lat' dir='ltr'>puerili</span> <span class='ocrx_word' id='word_1_186' title='bbox 984 2733 1090 2790; x_wconf 90' lang='lat' dir='ltr'>mente</span> <span class='ocrx_word' id='word_1_187' title='bbox 1111 2722 1262 2805; x_wconf 82' lang='lat' dir='ltr'>praediti,</span> <span class='ocrx_word' id='word_1_188' title='bbox 1277 2723 1325 2786; x_wconf 88' lang='lat' dir='ltr'>sic</span> <span class='ocrx_word' id='word_1_189' title='bbox 1345 2720 1386 2782; x_wconf 86' lang='lat' dir='ltr'>tle</span> <span class='ocrx_word' id='word_1_190' title='bbox 1405 2719 1470 2798; x_wconf 90' lang='lat' dir='ltr'>ipso</span> 
     </span>
     <span class='ocr_line' id='line_1_25' title="bbox 360 2819 1469 2904; baseline -0.004 -18"><span class='ocrx_word' id='word_1_191' title='bbox 360 2824 530 2898; x_wconf 86' lang='lat' dir='ltr'>sentirent,</span> <span class='ocrx_word' id='word_1_192' title='bbox 552 2843 626 2892; x_wconf 89' lang='lat' dir='ltr'>cum</span> <span class='ocrx_word' id='word_1_193' title='bbox 660 2824 819 2891; x_wconf 83' lang='lat' dir='ltr'>Dominus</span> <span class='ocrx_word' id='word_1_194' title='bbox 840 2835 871 2892; x_wconf 90' lang='lat' dir='ltr'>et</span> <span class='ocrx_word' id='word_1_195' title='bbox 895 2825 983 2891; x_wconf 84' lang='lat' dir='ltr'>Dens</span> <span class='ocrx_word' id='word_1_196' title='bbox 1003 2833 1122 2890; x_wconf 85' lang='lat' dir='ltr'>noster</span> <span class='ocrx_word' id='word_1_197' title='bbox 1142 2829 1174 2890; x_wconf 91' lang='lat' dir='ltr'>iu</span> <span class='ocrx_word' id='word_1_198' title='bbox 1197 2821 1300 2904; x_wconf 69' lang='lat' dir='ltr'>digito</span> <span class='ocrx_word' id='word_1_199' title='bbox 1322 2819 1380 2885; x_wconf 83' lang='lat' dir='ltr'>Dei</span> <span class='ocrx_word' id='word_1_200' title='bbox 1400 2820 1469 2882; x_wconf 80' lang='lat' dir='ltr'>ine·</span> 
     </span>
     <span class='ocr_line' id='line_1_26' title="bbox 359 2925 1468 3010; baseline -0.003 -22"><span class='ocrx_word' id='word_1_201' title='bbox 359 2927 466 2989; x_wconf 86' lang='lat' dir='ltr'>monia</span> <span class='ocrx_word' id='word_1_202' title='bbox 488 2925 632 3009; x_wconf 78' lang='lat' dir='ltr'>ejiciens,</span> <span class='ocrx_word' id='word_1_203' title='bbox 659 2927 691 2990; x_wconf 91' lang='lat' dir='ltr'>ln</span> <span class='ocrx_word' id='word_1_204' title='bbox 713 2929 857 3010; x_wconf 77' lang='lat' dir='ltr'>principe</span> <span class='ocrx_word' id='word_1_205' title='bbox 878 2928 1125 2993; x_wconf 86' lang='lat' dir='ltr'>daemoniorum</span> <span class='ocrx_word' id='word_1_206' title='bbox 1146 2945 1184 2991; x_wconf 83' lang='lat' dir='ltr'>ea</span> <span class='ocrx_word' id='word_1_207' title='bbox 1204 2925 1325 3006; x_wconf 80' lang='lat' dir='ltr'>ejicere</span> <span class='ocrx_word' id='word_1_208' title='bbox 1346 2931 1468 3006; x_wconf 82' lang='lat' dir='ltr'>putare·</span> 
     </span>
     <span class='ocr_line' id='line_1_27' title="bbox 358 3023 1466 3111; baseline -0.002 -22"><span class='ocrx_word' id='word_1_209' title='bbox 358 3023 438 3091; x_wconf 82' lang='lat' dir='ltr'>turl</span> <span class='ocrx_word' id='word_1_210' title='bbox 459 3024 546 3104; x_wconf 86' lang='lat' dir='ltr'>Quid</span> <span class='ocrx_word' id='word_1_211' title='bbox 564 3031 604 3092; x_wconf 89' lang='lat' dir='ltr'>‹lo</span> <span class='ocrx_word' id='word_1_212' title='bbox 625 3028 702 3093; x_wconf 75' lang='lat' dir='ltr'>cliro</span> <span class='ocrx_word' id='word_1_213' title='bbox 720 3027 853 3096; x_wconf 79' lang='lat' dir='ltr'>Paulo?</span> <span class='ocrx_word' id='word_1_214' title='bbox 867 3028 950 3097; x_wconf 87' lang='lat' dir='ltr'>Cum</span> <span class='ocrx_word' id='word_1_215' title='bbox 964 3030 1187 3111; x_wconf 72' lang='lat' dir='ltr'>in&#39;hreopago</span> <span class='ocrx_word' id='word_1_216' title='bbox 1206 3027 1247 3092; x_wconf 85' lang='lat' dir='ltr'>tle</span> <span class='ocrx_word' id='word_1_217' title='bbox 1268 3026 1348 3093; x_wconf 82' lang='lat' dir='ltr'>lesu</span> <span class='ocrx_word' id='word_1_218' title='bbox 1370 3025 1466 3105; x_wconf 75' lang='lat' dir='ltr'>deque</span> 
     </span>
     <span class='ocr_line' id='line_1_28' title="bbox 343 3125 1467 3212; baseline -0.003 -22"><span class='ocrx_word' id='word_1_219' title='bbox 343 3125 600 3194; x_wconf 79' lang='lat' dir='ltr'>&#39;resurrectione</span> <span class='ocrx_word' id='word_1_220' title='bbox 638 3131 846 3212; x_wconf 86' lang='lat' dir='ltr'>loqueretur,</span> <span class='ocrx_word' id='word_1_221' title='bbox 863 3149 967 3196; x_wconf 89' lang='lat' dir='ltr'>noune</span> <span class='ocrx_word' id='word_1_222' title='bbox 988 3130 1111 3196; x_wconf 83' lang='lat' dir='ltr'>(lictum</span> <span class='ocrx_word' id='word_1_223' title='bbox 1132 3138 1202 3194; x_wconf 78' lang='lat' dir='ltr'>este</span> <span class='ocrx_word' id='word_1_224' title='bbox 1219 3127 1298 3209; x_wconf 85' lang='lat' dir='ltr'>quitl</span> <span class='ocrx_word' id='word_1_225' title='bbox 1327 3125 1399 3190; x_wconf 86' lang='lat' dir='ltr'>rult</span> <span class='ocrx_word' id='word_1_226' title='bbox 1416 3141 1467 3188; x_wconf 83' lang='lat' dir='ltr'>na·</span> 
     </span>
     <span class='ocr_line' id='line_1_29' title="bbox 361 3229 1467 3315; baseline -0.001 -24"><span class='ocrx_word' id='word_1_227' title='bbox 361 3235 456 3308; x_wconf 77' lang='lat' dir='ltr'>putor</span> <span class='ocrx_word' id='word_1_228' title='bbox 476 3231 527 3293; x_wconf 91' lang='lat' dir='ltr'>hic</span> <span class='ocrx_word' id='word_1_229' title='bbox 549 3230 688 3297; x_wconf 78' lang='lat' dir='ltr'>dicere?</span> <span class='ocrx_word' id='word_1_230' title='bbox 710 3230 810 3310; x_wconf 85' lang='lat' dir='ltr'>Quid,</span> <span class='ocrx_word' id='word_1_231' title='bbox 834 3233 922 3315; x_wconf 86' lang='lat' dir='ltr'>qnod</span> <span class='ocrx_word' id='word_1_232' title='bbox 944 3231 1084 3298; x_wconf 77' lang='lat' dir='ltr'>Basilius</span> <span class='ocrx_word' id='word_1_233' title='bbox 1105 3233 1266 3295; x_wconf 80' lang='lat' dir='ltr'>virtutum</span> <span class='ocrx_word' id='word_1_234' title='bbox 1289 3229 1467 3294; x_wconf 82' lang='lat' dir='ltr'>luctamen·</span> 
     </span>
     <span class='ocr_line' id='line_1_30' title="bbox 363 3326 1468 3416; baseline -0.004 -24"><span class='ocrx_word' id='word_1_235' title='bbox 363 3327 446 3407; x_wconf 87' lang='lat' dir='ltr'>tum,</span> <span class='ocrx_word' id='word_1_236' title='bbox 468 3339 501 3394; x_wconf 87' lang='lat' dir='ltr'>ct</span> <span class='ocrx_word' id='word_1_237' title='bbox 522 3329 632 3398; x_wconf 85' lang='lat' dir='ltr'>Sancti</span> <span class='ocrx_word' id='word_1_238' title='bbox 654 3331 795 3412; x_wconf 89' lang='lat' dir='ltr'>Spiritus</span> <span class='ocrx_word' id='word_1_239' title='bbox 819 3343 1057 3416; x_wconf 76' lang='lat' dir='ltr'>propugnator,</span> <span class='ocrx_word' id='word_1_240' title='bbox 1088 3333 1131 3398; x_wconf 85' lang='lat' dir='ltr'>ah</span> <span class='ocrx_word' id='word_1_241' title='bbox 1151 3329 1350 3412; x_wconf 71' lang='lat' dir='ltr'>imperiectio</span> <span class='ocrx_word' id='word_1_242' title='bbox 1369 3326 1468 3392; x_wconf 81' lang='lat' dir='ltr'>existi·</span> 
     </span>
     <span class='ocr_line' id='line_1_31' title="bbox 361 3427 1468 3516; baseline -0.007 -20"><span class='ocrx_word' id='word_1_243' title='bbox 361 3440 467 3497; x_wconf 87' lang='lat' dir='ltr'>matus</span> <span class='ocrx_word' id='word_1_244' title='bbox 483 3441 544 3508; x_wconf 90' lang='lat' dir='ltr'>est,</span> <span class='ocrx_word' id='word_1_245' title='bbox 561 3431 666 3499; x_wconf 87' lang='lat' dir='ltr'>[lenm</span> <span class='ocrx_word' id='word_1_246' title='bbox 680 3455 749 3500; x_wconf 87' lang='lat' dir='ltr'>esse</span> <span class='ocrx_word' id='word_1_247' title='bbox 762 3436 920 3516; x_wconf 86' lang='lat' dir='ltr'>Spiritum</span> <span class='ocrx_word' id='word_1_248' title='bbox 934 3433 1088 3500; x_wconf 87' lang='lat' dir='ltr'>Sanctum</span> <span class='ocrx_word' id='word_1_249' title='bbox 1103 3449 1166 3497; x_wconf 90' lang='lat' dir='ltr'>uun</span> <span class='ocrx_word' id='word_1_250' title='bbox 1190 3427 1367 3495; x_wconf 74' lang='lat' dir='ltr'>confiteri?</span> <span class='ocrx_word' id='word_1_251' title='bbox 1385 3427 1468 3504; x_wconf 78' lang='lat' dir='ltr'>ome</span> 
     </span>
     <span class='ocr_line' id='line_1_32' title="bbox 361 3531 1468 3612; baseline -0.003 -17"><span class='ocrx_word' id='word_1_252' title='bbox 361 3551 436 3598; x_wconf 91' lang='lat' dir='ltr'>cum</span> <span class='ocrx_word' id='word_1_253' title='bbox 458 3539 502 3599; x_wconf 89' lang='lat' dir='ltr'>ita</span> <span class='ocrx_word' id='word_1_254' title='bbox 523 3536 598 3610; x_wconf 87' lang='lat' dir='ltr'>sint,</span> <span class='ocrx_word' id='word_1_255' title='bbox 613 3555 676 3600; x_wconf 90' lang='lat' dir='ltr'>nou</span> <span class='ocrx_word' id='word_1_256' title='bbox 698 3545 747 3600; x_wconf 89' lang='lat' dir='ltr'>est</span> <span class='ocrx_word' id='word_1_257' title='bbox 770 3538 903 3612; x_wconf 86' lang='lat' dir='ltr'>mirum,</span> <span class='ocrx_word' id='word_1_258' title='bbox 919 3537 946 3599; x_wconf 85' lang='lat' dir='ltr'>si</span> <span class='ocrx_word' id='word_1_259' title='bbox 969 3546 1002 3599; x_wconf 89' lang='lat' dir='ltr'>et</span> <span class='ocrx_word' id='word_1_260' title='bbox 1025 3535 1066 3598; x_wconf 83' lang='lat' dir='ltr'>(le</span> <span class='ocrx_word' id='word_1_261' title='bbox 1088 3535 1257 3598; x_wconf 85' lang='lat' dir='ltr'>hocsaero</span> <span class='ocrx_word' id='word_1_262' title='bbox 1277 3531 1396 3612; x_wconf 81' lang='lat' dir='ltr'>capite,</span> <span class='ocrx_word' id='word_1_263' title='bbox 1410 3543 1468 3592; x_wconf 81' lang='lat' dir='ltr'>ut·</span> 
     </span>
     <span class='ocr_line' id='line_1_33' title="bbox 365 3633 1469 3723; baseline -0.007 -25"><span class='ocrx_word' id='word_1_264' title='bbox 365 3653 426 3714; x_wconf 73' lang='lat' dir='ltr'>gno</span> <span class='ocrx_word' id='word_1_265' title='bbox 448 3637 623 3718; x_wconf 77' lang='lat' dir='ltr'>divinoque</span> <span class='ocrx_word' id='word_1_266' title='bbox 640 3640 711 3700; x_wconf 81' lang='lat' dir='ltr'>viro</span> <span class='ocrx_word' id='word_1_267' title='bbox 734 3637 913 3723; x_wconf 74' lang='lat' dir='ltr'>Eutychio,</span> <span class='ocrx_word' id='word_1_268' title='bbox 936 3639 993 3719; x_wconf 86' lang='lat' dir='ltr'>qui</span> <span class='ocrx_word' id='word_1_269' title='bbox 1016 3637 1078 3702; x_wconf 86' lang='lat' dir='ltr'>inlt</span> <span class='ocrx_word' id='word_1_270' title='bbox 1092 3634 1258 3700; x_wconf 73' lang='lat' dir='ltr'>Ecclesiae</span> <span class='ocrx_word' id='word_1_271' title='bbox 1278 3633 1469 3698; x_wconf 85' lang='lat' dir='ltr'>columnset</span> 
     </span>
     <span class='ocr_line' id='line_1_34' title="bbox 361 3731 1469 3814; baseline -0.005 -16"><span class='ocrx_word' id='word_1_272' title='bbox 361 3737 486 3814; x_wconf 88' lang='lat' dir='ltr'>lumen,</span> <span class='ocrx_word' id='word_1_273' title='bbox 502 3745 535 3803; x_wconf 91' lang='lat' dir='ltr'>et</span> <span class='ocrx_word' id='word_1_274' title='bbox 560 3740 750 3803; x_wconf 78' lang='lat' dir='ltr'>venerandis</span> <span class='ocrx_word' id='word_1_275' title='bbox 767 3738 917 3803; x_wconf 74' lang='lat' dir='ltr'>Patribus</span> <span class='ocrx_word' id='word_1_276' title='bbox 932 3738 1046 3803; x_wconf 87' lang='lat' dir='ltr'>similis</span> <span class='ocrx_word' id='word_1_277' title='bbox 1059 3737 1203 3811; x_wconf 89' lang='lat' dir='ltr'>omniuo,</span> <span class='ocrx_word' id='word_1_278' title='bbox 1219 3734 1285 3800; x_wconf 82' lang='lat' dir='ltr'>tale</span> <span class='ocrx_word' id='word_1_279' title='bbox 1298 3731 1469 3814; x_wconf 72' lang='lat' dir='ltr'>uultqu-</span> 
     </span>
     <span class='ocr_line' id='line_1_35' title="bbox 360 3834 1469 3921; baseline -0.009 -19"><span class='ocrx_word' id='word_1_280' title='bbox 360 3839 515 3917; x_wconf 87' lang='lat' dir='ltr'>snspicati</span> <span class='ocrx_word' id='word_1_281' title='bbox 542 3847 618 3904; x_wconf 86' lang='lat' dir='ltr'>sunt</span> <span class='ocrx_word' id='word_1_282' title='bbox 639 3841 703 3917; x_wconf 88' lang='lat' dir='ltr'>isti,</span> <span class='ocrx_word' id='word_1_283' title='bbox 726 3840 783 3921; x_wconf 87' lang='lat' dir='ltr'>qni</span> <span class='ocrx_word' id='word_1_284' title='bbox 804 3839 1053 3904; x_wconf 88' lang='lat' dir='ltr'>resurrectionis</span> <span class='ocrx_word' id='word_1_285' title='bbox 1069 3839 1227 3901; x_wconf 82' lang='lat' dir='ltr'>rationem</span> <span class='ocrx_word' id='word_1_286' title='bbox 1249 3851 1315 3900; x_wconf 89' lang='lat' dir='ltr'>uon</span> <span class='ocrx_word' id='word_1_287' title='bbox 1335 3834 1469 3914; x_wconf 66' lang='lat' dir='ltr'>capiam</span> 
     </span>
     <span class='ocr_line' id='line_1_36' title="bbox 362 3933 1471 4019; baseline -0.005 -15"><span class='ocrx_word' id='word_1_288' title='bbox 362 3940 455 4004; x_wconf 80' lang='lat' dir='ltr'>Ahsit</span> <span class='ocrx_word' id='word_1_289' title='bbox 476 3942 559 4003; x_wconf 86' lang='lat' dir='ltr'>euim</span> <span class='ocrx_word' id='word_1_290' title='bbox 578 3951 615 4005; x_wconf 94' lang='lat' dir='ltr'>nt</span> <span class='ocrx_word' id='word_1_291' title='bbox 629 3944 728 4007; x_wconf 88' lang='lat' dir='ltr'>rectia</span> <span class='ocrx_word' id='word_1_292' title='bbox 750 3939 917 4005; x_wconf 73' lang='lat' dir='ltr'>Ecclesiae</span> <span class='ocrx_word' id='word_1_293' title='bbox 939 3949 1070 4004; x_wconf 85' lang='lat' dir='ltr'>sauctae</span> <span class='ocrx_word' id='word_1_294' title='bbox 1085 3948 1118 4004; x_wconf 90' lang='lat' dir='ltr'>et</span> <span class='ocrx_word' id='word_1_295' title='bbox 1131 3937 1336 4019; x_wconf 83' lang='lat' dir='ltr'>apostolicae</span> <span class='ocrx_word' id='word_1_296' title='bbox 1352 3933 1471 4014; x_wconf 70' lang='lat' dir='ltr'>torm</span> 
     </span>
     <span class='ocr_line' id='line_1_37' title="bbox 363 4035 1468 4122; baseline -0.005 -20"><span class='ocrx_word' id='word_1_297' title='bbox 363 4041 449 4104; x_wconf 83' lang='lat' dir='ltr'>tibus</span> <span class='ocrx_word' id='word_1_298' title='bbox 470 4041 633 4107; x_wconf 84' lang='lat' dir='ltr'>contrariu</span> <span class='ocrx_word' id='word_1_299' title='bbox 657 4058 802 4122; x_wconf 83' lang='lat' dir='ltr'>nuquam</span> <span class='ocrx_word' id='word_1_300' title='bbox 822 4041 969 4105; x_wconf 87' lang='lat' dir='ltr'>senserit.</span> <span class='ocrx_word' id='word_1_301' title='bbox 987 4039 1105 4104; x_wconf 80' lang='lat' dir='ltr'>l’leuae</span> <span class='ocrx_word' id='word_1_302' title='bbox 1127 4044 1203 4104; x_wconf 87' lang='lat' dir='ltr'>suut</span> <span class='ocrx_word' id='word_1_303' title='bbox 1222 4038 1295 4118; x_wconf 78' lang='lat' dir='ltr'>eins</span> <span class='ocrx_word' id='word_1_304' title='bbox 1314 4035 1468 4102; x_wconf 76' lang='lat' dir='ltr'>onnus·</span> 
     </span>
     <span class='ocr_line' id='line_1_38' title="bbox 361 4127 1466 4221; baseline -0.015 -16"><span class='ocrx_word' id='word_1_305' title='bbox 361 4141 526 4208; x_wconf 86' lang='lat' dir='ltr'>sententiis</span> <span class='ocrx_word' id='word_1_306' title='bbox 548 4141 609 4206; x_wconf 84' lang='lat' dir='ltr'>huc</span> <span class='ocrx_word' id='word_1_307' title='bbox 629 4142 669 4206; x_wconf 90' lang='lat' dir='ltr'>de</span> <span class='ocrx_word' id='word_1_308' title='bbox 691 4159 727 4206; x_wconf 88' lang='lat' dir='ltr'>re</span> <span class='ocrx_word' id='word_1_309' title='bbox 747 4150 935 4208; x_wconf 85' lang='lat' dir='ltr'>sauctorum</span> <span class='ocrx_word' id='word_1_310' title='bbox 959 4141 1116 4206; x_wconf 80' lang='lat' dir='ltr'>l&#39;atrum:</span> <span class='ocrx_word' id='word_1_311' title='bbox 1139 4140 1246 4221; x_wconf 89' lang='lat' dir='ltr'>qualis</span> <span class='ocrx_word' id='word_1_312' title='bbox 1266 4143 1316 4202; x_wconf 87' lang='lat' dir='ltr'>est</span> <span class='ocrx_word' id='word_1_313' title='bbox 1336 4137 1390 4202; x_wconf 85' lang='lat' dir='ltr'>illa</span> <span class='ocrx_word' id='word_1_314' title='bbox 1409 4127 1466 4194; x_wconf 80' lang='lat' dir='ltr'>(liri</span> 
     </span>
     <span class='ocr_line' id='line_1_39' title="bbox 363 4234 1466 4325; baseline -0.007 -19"><span class='ocrx_word' id='word_1_315' title='bbox 363 4241 524 4324; x_wconf 69' lang='lat' dir='ltr'>Gregorii.</span> <span class='ocrx_word' id='word_1_316' title='bbox 549 4239 658 4324; x_wconf 88' lang='lat' dir='ltr'>lnquit</span> <span class='ocrx_word' id='word_1_317' title='bbox 677 4243 783 4308; x_wconf 84' lang='lat' dir='ltr'>euim:</span> <span class='ocrx_word' id='word_1_318' title='bbox 799 4243 902 4325; x_wconf 87' lang='lat' dir='ltr'>siquis</span> <span class='ocrx_word' id='word_1_319' title='bbox 923 4243 1000 4308; x_wconf 86' lang='lat' dir='ltr'>dicit</span> <span class='ocrx_word' id='word_1_320' title='bbox 1021 4241 1187 4310; x_wconf 77' lang='lat' dir='ltr'>Christum</span> <span class='ocrx_word' id='word_1_321' title='bbox 1212 4241 1256 4304; x_wconf 82' lang='lat' dir='ltr'>ita</span> <span class='ocrx_word' id='word_1_322' title='bbox 1278 4253 1364 4304; x_wconf 83' lang='lat' dir='ltr'>nnuc</span> <span class='ocrx_word' id='word_1_323' title='bbox 1381 4234 1466 4312; x_wconf 77' lang='lat' dir='ltr'>repo·</span> 
     </span>
    </p>
   </div>
   <div class='ocr_carea' id='block_1_3' title="bbox 0 0 1586 4950">
    <p class='ocr_par' dir='ltr' id='par_1_5' title="bbox 0 0 1586 4950">
     <span class='ocr_line' id='line_1_40' title="bbox 0 0 1586 4950; baseline 0 0"><span class='ocrx_word' id='word_1_324' title='bbox 0 0 1586 4950; x_wconf 95' lang='lat' dir='ltr'> </span> 
     </span>
    </p>
   </div>
  </div>
 </body>
</html>
