3066 4950
315 335 377 406 nat

394 435 562 530 Ceterum,
578 435 665 517 qnod
688 437 719 500 iu
742 435 841 500 triam
856 434 1083 518 Capitnlornso
1104 453 1202 500 orosa
1224 436 1299 500 lseit
1313 434 1420 500 alren

316 558 372 604 sns
393 541 450 602 hus
470 549 503 603 ot
524 539 710 620 hujusmodi
723 541 860 604 liberati
881 548 913 605 et
933 540 1075 604 aliorum
1097 538 1421 620 waesnniptioueqsi

317 639 385 704 duo
406 638 578 704 Pontifices
600 639 790 720 vigilios'ot
811 639 961 720 Pelopins
981 659 1018 704 ea
1040 640 1189 720 Capitnla
1212 640 1420 711 dammoont,

317 759 382 806 non
395 741 483 822 qnod
500 741 576 824 inre
596 743 792 807 anathemati
805 742 1005 824 subjicienda
1027 743 1147 816 lorant,
1164 743 1227 805 non
1239 741 1330 822 qnod
1353 739 1423 804 llas

317 843 471 922 inscripta
492 843 638 924 Epistola
661 864 775 925 reapse
797 846 829 909 in
849 843 1016 912 Christum
1039 844 1097 908 liei
1119 844 1336 924 blasphemias
1355 859 1424 905 eon·

317 944 436 1009 tineret
454 947 580 1010 easdam
602 965 622 1010 n
642 943 795 1012 Nestorio
816 956 849 1008 ot
871 944 1020 1029 Eutyche
1044 953 1263 1024 propugnatos
1274 965 1287 1023 ;
1314 943 1369 1008 set
1388 940 1424 1006 sl
1520 935 1521 950 ¹

319 1045 401 1111 bano
429 1046 635 1111 accessissent
664 1047 914 1122 damnationem,
939 1053 998 1110 aut
1017 1045 1205 1120 ambitione,
1237 1045 1309 1108 sira
1329 1050 1424 1116 metu,

319 1147 373 1211 rol
396 1147 547 1212 violentia
562 1148 718 1228 soporati,
741 1148 950 1229 potiusquam
973 1168 1014 1212 ax
1036 1147 1147 1212 intima
1168 1145 1377 1220 conscientia,
1393 1153 1426 1208 et

318 1247 413 1330 plana
440 1249 486 1312 rei
508 1241 708 1329 coguitionn5
729 1267 832 1328 quare
855 1246 1005 1328 Pelagius
1026 1248 1141 1312 deinde
1163 1248 1194 1310 in
1224 1248 1295 1312 anis
1315 1245 1425 1329 episto·

317 1349 360 1416 lis
384 1367 481 1432 qnam
505 1353 697 1416 maurimont
717 1351 914 1414 incessanter
935 1352 1031 1414 instat
1054 1348 1141 1429 apud
1169 1347 1312 1414 Narrant
1334 1350 1427 1429 patri·

317 1454 405 1518 eiuro
426 1459 461 1516 at
482 1453 594 1517 ltaliae
614 1453 730 1517 ducam
753 1461 789 1516 ut
812 1461 955 1526 venatos,
979 1451 1086 1516 istrios
1107 1459 1142 1514 at
1159 1450 1288 1530 ligures
1311 1451 1427 1529 epure·

318 1565 378 1634 pos
391 1553 521 1637 Synodo
538 1553 575 1616 V.
590 1561 624 1618 et
637 1553 810 1617 novissimo
827 1551 938 1634 Vipitii
951 1552 1138 1618 Constitnto
1150 1551 1368 1616 refractarios
1378 1568 1426 1614 ao·

319 1654 441 1729 hibent,
462 1671 523 1718 noo
544 1653 630 1717 ultra
653 1656 798 1735 potiatur
828 1653 1051 1716 scotomaticos
1072 1651 1173 1716 trium
1204 1650 1427 1734 Capitnlornn

318 1751 504 1820 lalansores
526 1755 659 1819 turbare
680 1753 873 1831 Ecclesiam,
890 1757 921 1818 in
942 1773 1010 1835 quo
1031 1760 1064 1816 et
1085 1753 1152 1835 ipsa
1173 1751 1294 1818 Narras
1318 1751 1428 1816 dubins

320 1853 521 1922 ridebatnrl
534 1877 552 1914 a
567 1856 614 1921 lle
626 1856 787 1938 liguribus
799 1856 861 1934 (nit
874 1855 978 1920 eidam
995 1855 1147 1936 Pelagius
1162 1855 1193 1919 in
1206 1855 1348 1935 epistola
1365 1851 1429 1930 tlt.)

320 1967 420 2040 atquo
443 1959 593 2024 renatiois
614 1968 646 2022 et
668 1958 765 2022 istriis
785 1958 943 2038 episcopia
964 1956 1042 2038 qnitl
1062 1957 1167 2022 ‹liorrn
1181 1953 1300 2038 lqnos
1321 1955 1427 2019 idonea

321 2066 372 2122 est
389 2059 584 2124 excellentia
608 2067 714 2124 rostra
736 2066 770 2123 et
797 2060 922 2123 ratione
943 2063 976 2121 et
997 2063 1156 2138 potestate
1176 2057 1382 2137 reptionem
1400 2059 1430 2116 ot

321 2159 481 2225 dimittitis
502 2178 557 2224 eos
585 2161 617 2222 io
639 2166 858 2240 contemptum
887 2157 1141 2239 apostolicarum
1160 2153 1294 2220 Senium
1317 2155 1357 2219 tle
1375 2169 1429 2219 sna
1520 2241 1521 2248 ἵ

323 2261 507 2325 rusticitate
520 2261 669 2340 gloriaris
684 2279 773 2338 oum,
787 2259 894 2342 siquid
909 2278 964 2324 eos
978 2260 1018 2324 tle
1029 2257 1154 2343 jndicio
1168 2257 1366 2322 universalis
1378 2253 1429 2341 Sp·
1520 2335 1521 2344 ἵ

322 2361 410 2429 noni.
433 2361 520 2442 qnotl
536 2361 812 2444 Constantinopoli
834 2380 893 2442 per
913 2362 1051 2438 primam
1067 2377 1173 2442 nuper
1191 2359 1338 2442 οΙεμιω
1359 2356 1430 2422 inali-

322 2466 461 2530 otionom
482 2471 590 2530 notum
613 2471 674 2538 ait,
697 2465 782 2528 lorta
803 2465 967 2540 onerabat,
997 2464 1039 2527 nal
1058 2461 1174 2530 Sedena
1195 2460 1427 2544 Apostotton,

323 2565 491 2646 queneto
516 2583 644 2646 semper
665 2565 786 2630 lactum
808 2573 869 2642 est,
900 2565 1011 2630 electis
1031 2564 1194 2644 aliquibus
1213 2562 1257 2628 ua
1274 2563 1357 2637 sois,
1378 2559 1428 2642 qni

323 2667 406 2730 dora
433 2676 465 2730 et
486 2669 635 2746 occipere
662 2668 818 2730 rotioneoa
841 2673 984 2746 possent,
1010 2666 1151 2748 diripere
1172 2665 1379 2730 alabnernnt:
1399 2669 1429 2726 at
1520 2735 1521 2752 χ

324 2767 522 2834 nonolnnsis
542 2767 647 2832 oculis
668 2785 788 2847 eorpus
800 2768 921 2833 corruit
935 2766 992 2832 llei
1007 2767 1121 2843 matri,
1139 2767 1202 2831 hoe
1222 2775 1272 2830 est
1291 2774 1428 2830 ranetam
1520 2819 1521 2836 ,

326 2867 504 2934 Ecclesium
519 2867 676 2944 lacerare.
694 2867 804 2934 Nolito
819 2887 898 2950 argo
919 2868 1069 2934 debitore
1090 2865 1279 2950 hujusmodi
1291 2866 1430 2932 homines
1520 2877 1521 2908 t

326 2968 495 3049 principali
519 2970 568 3030 ret
587 2969 734 3050 joliotsli
756 2971 951 3036 auctoritato
971 2969 1210 3048 conprimere.
1232 2965 1432 3032 ..Recolo

326 3072 424 3143 mine,
439 3068 525 3149 quod
548 3072 674 3134 suimus
697 3079 804 3134 restes·
825 3071 909 3136 torte
931 3069 1060 3135 timidus
1080 3077 1140 3146 est,
1156 3087 1196 3134 ne
1216 3067 1369 3152 persequi
1389 3067 1430 3128 ri·

325 3171 444 3245 dear's,
466 3171 505 3236 da
529 3171 661 3236 Petrum
679 3172 768 3238 vobis
788 3171 985 3250 auctoritate
1006 3172 1085 3237 laneo
1104 3169 1249 3236 brevitor
1269 3165 1427 3252 dirigenda

324 3274 441 3337 onrari
462 3281 558 3340 etc.»

406 3371 448 3441 Et
462 3375 542 3454 quta
557 3375 696 3440 indiooot
712 3375 898 3458 hujusmodi
912 3376 1032 3458 Pelagii
1046 3375 1197 3440 olnoritus
1211 3381 1246 3439 at
1258 3376 1351 3440 relus
1370 3377 1428 3436 tan

327 3471 455 3539 terrens
476 3475 633 3540 adversus
655 3479 753 3540 trium
776 3475 1006 3558 Copitnlornrn
1027 3474 1244 3541 defensores?
1260 3473 1294 3540 Si
1315 3493 1357 3539 ex
1375 3471 1430 3536 ln·

326 3571 453 3644 atiniaoi
477 3573 642 3650 uiolentia,
672 3584 730 3638 ant
756 3563 857 3651 motu,
882 3577 933 3640 vel
953 3577 1061 3642 adhue
1081 3575 1199 3640 anxins
1217 3573 1251 3639 in
1272 3571 1430 3640 inaertitn·

325 3671 399 3738 dina
422 3681 569 3738 vorsatus
592 3674 739 3760 Pontiies
763 3675 997 3757 capitulorum
1014 3675 1211 3740 nnntlrotnati
1231 3671 1429 3753 mosarimis·
1520 3699 1521 3772 ζ

321 3781 388 3850 set,
409 3791 473 3840 onr
493 3781 558 3840 tarn
590 3775 726 3843 Mentor
746 3777 860 3844 deindo
885 3775 1008 3843 Narseo
1030 3777 1175 3852 mandat,
1199 3783 1238 3842 nt
1257 3775 1330 3840 Seli
1352 3775 1430 3854 opo

325 3875 461 3943 stolicaa
480 3885 515 3942 ot
535 3875 641 3960 vigilii
657 3877 845 3946 Constituto·
861 3880 1064 3944 rebellentes‘
1075 3875 1294 3960 oonprimst?
1310 3874 1430 3940 Videre·

328 3983 384 4041 tnr
404 3977 525 4060 potius.
542 3989 579 4044 nt
600 3997 846 4066 praesumpsere
863 3979 976 4046 Viator
995 3987 1028 4046 et
1048 3977 1232 4057 liberatos,
1254 3979 1287 4042 in
1307 3975 1429 4055 Pelopia

328 4075 467 4159 admissa
492 4079 730 4157 incertitudine,
742 4084 812 4148 sire
829 4080 927 4162 longo
942 4081 1120 4147 resistentia
1142 4079 1366 4168 subscriptioni
1377 4073 1427 4136 at·

333 4195 448 4256 rorans
468 4181 530 4248 tria
551 4177 713 4267 capitula,
736 4200 774 4248 ao
801 4183 915 4248 leitila
942 4184 1170 4268 resipiscentis,
1194 4176 1427 4250 videreturne
