3042 4940
110 455 148 522 nh
166 456 282 524 hument
301 457 452 526 nhsoluti.
471 458 577 526 Aliter
598 459 769 526 dieeudom
789 465 874 526 emet
892 476 956 526 non
975 460 1084 527 nolum
1096 461 1213 543 Origo·

109 576 173 624 ιιιι
190 561 243 626 ned
262 568 295 627 et
313 563 407 640 nllus,
428 583 511 648 quos
533 566 580 630 uit
598 566 641 631 nh
659 569 800 649 nuthuis
819 566 1034 649 temporibus,
1056 565 1116 630 etsi
1136 564 1214 630 hnu-

109 665 402 747 roricontsodstos,
418 670 450 735 lu
471 671 534 736 hoo
555 669 654 738 tuisne
676 669 821 737 Gonuiilo
841 669 1138 736 unsthemstinntos.
1153 666 1214 735 Cu·

110 773 220 845 terum,
241 771 464 852 uuunqulnque
483 772 633 853 percipit,
654 774 681 837 nl
704 771 854 854 Peinpiun
869 772 914 836 ils
934 771 1066 837 locutus
1086 767 1216 835 deOri·

106 869 186 948 penis
198 869 398 938 damnatione
419 891 489 938 sene
510 875 700 940 sustulisset
722 873 761 939 ud
784 874 952 940 decretum
966 871 1086 957 synodi
1102 868 1143 937 T.
1157 889 1215 938 en·

106 979 151 1036 ιιι
169 975 450 1054 argumentationis
471 977 619 1042 ordinem
641 978 783 1054 nhllsset,
804 984 839 1042 et
858 976 943 1043 idem
965 976 1133 1058 prohnsnei
1154 989 1215 1057 per

105 1071 192 1137 idem.
213 1072 312 1150 Qussl
333 1076 488 1142 dininsutr
521 1077 713 1144 Theodorus
734 1085 1001 1161 mopsuestenus,
1023 1077 1171 1157 quumvis
1192 1092 1213 1140 n

105 1177 256 1242 nonnullis
275 1178 429 1244 leudihue
449 1181 649 1257 cumuletur,
679 1181 888 1246 nihilomiuus
910 1187 1019 1261 posten
1041 1187 1078 1244 ut
1099 1178 1214 1242 heere·

106 1277 181 1343 lirun
209 1279 439 1346 condemnatus
459 1291 508 1348 est
528 1284 560 1346 lu
590 1282 720 1365 synodo
742 1278 782 1345 T.
803 1281 880 1362 quin
900 1278 1070 1361 Origenes,
1091 1277 1151 1343 etsi
1171 1275 1214 1340 sir

105 1378 260 1460 eliquihun
280 1382 476 1460 coicientes,
494 1383 665 1450 demontus
682 1384 757 1449 item
774 1381 836 1448 iult
855 1382 887 1446 lu
901 1380 1014 1448 endem
1027 1377 1158 1464 synodo
1172 1375 1215 1444 T.

106 1480 187 1560 quod
208 1488 257 1547 eet
275 1482 467 1550 nheurilum.
778 1555 782 1564 Α
1028 1563 1033 1574 ¹

176 1581 267 1660 Onne
281 1601 383 1665 porro
398 1583 476 1650 dieii
498 1583 648 1666 Peluplus
669 1583 709 1649 de
721 1582 862 1666 Origeuo
876 1581 1039 1656 demonio,
1055 1583 1133 1664 quin
1154 1582 1214 1648 ihi·

102 1681 169 1746 dem
182 1701 240 1762 uuo
253 1689 394 1766 tempus,
409 1703 469 1750 ueu
488 1702 652 1766 ιιιιιοιιιι,
664 1685 782 1766 quihus
803 1684 1006 1762 iuslsotihus,
1020 1685 1082 1750 hoo
1102 1684 1214 1750 deoru-

105 1791 167 1848 lum
189 1784 325 1862 luisset,
347 1803 406 1850 neu
424 1783 570 1873 Sponden
590 1805 650 1851 neu
677 1787 840 1867 regionem
860 1785 978 1851 ludloet
999 1786 1053 1850 uhi
1075 1785 1216 1867 episcopi

101 1883 226 1952 ndunuti
239 1894 329 1963 nunt,
345 1887 514 1952 reiereods
538 1889 690 1954 vitientur
709 1887 748 1950 sd
767 1885 955 1972 Hieronymi
975 1893 1134 1968 uetulum3
1149 1903 1214 1969 qun

101 1984 242 2068 Oripeuls
262 1989 411 2070 queuntio
440 1990 484 2054 oh
504 1987 675 2073 Theophili
705 1990 813 2054 uelum
835 1999 967 2071 prester
995 1988 1161 2054 solentium
1182 1995 1217 2054 ei

102 2089 191 2152 enimi
211 2091 263 2156 sui
284 2090 523 2171 improbitatem
554 2099 714 2156 commotu
736 2098 785 2155 est
805 2092 837 2154 iu
858 2091 1020 2176 Aegypto,
1042 2097 1075 2154 et
1096 2090 1138 2153 ihi
1161 2089 1217 2153 dn·

102 2196 222 2255 mustus
244 2198 283 2256 ut
304 2192 498 2257 hserutleus.
528 2191 631 2275 Cujus
652 2190 823 2273 Theophili
843 2191 1000 2272 epistolne
1021 2191 1103 2254 hnno
1123 2208 1218 2271 pree·

103 2289 236 2358 terentes
256 2291 496 2358 homuntionem
526 2311 586 2375 per
604 2313 631 2358 n.
658 2292 893 2381 Hieronymum
920 2293 1021 2357 lutino
1042 2309 1155 2357 verone
1185 2301 1219 2357 et

103 2393 260 2475 rulpntse,
282 2411 389 2474 usque
403 2395 443 2458 ud
459 2394 669 2462 Occidentem
690 2401 928 2478 peruenerunt,
951 2393 1106 2459 retortio
1126 2410 1220 2476 prue-

102 2493 284 2560 uedeutihus
306 2496 430 2561 dietum
450 2503 509 2562 esi.

175 2593 411 2664 Verumtamen
431 2599 464 2662 iu
495 2599 615 2666 horum
637 2598 925 2676 uouilrmnliouem,
958 2615 1045 2680 quse
1065 2597 1106 2661 de
1125 2595 1218 2662 Pelu-

102 2697 140 2776 uii
160 2696 201 2764 ti.
222 2701 318 2766 oletis
332 2701 469 2782 exposui
491 2703 578 2766 eires
593 2701 780 2783 origenem,
801 2717 1005 2766 nummorum
1021 2699 1216 2764 Poutlhuum

101 2807 261 2877 pmestuut
282 2803 477 2882 testimonis,
499 2803 618 2884 quihus
635 2810 728 2908 petet
747 2805 779 2867 iu
800 2801 929 2888 Synodo
945 2799 983 2866 V.
1006 2802 1086 2868 nihil
1105 2810 1217 2866 uotum

102 2903 219 2967 meede
242 2904 380 2983 eodem,
402 2923 464 2970 neo
486 2905 525 2970 de
545 2907 613 2971 suis
634 2907 849 2988 proesumptin
867 2905 1055 2970 erroribusr
1078 2905 1219 2971 menime

101 3010 270 3070 oorusoeui
284 3007 513 3073 obtestutiones
530 3006 650 3089 Pelopii
667 3007 772 3086 Pnpse
787 3007 812 3070 l.
832 3005 970 3071 enitenti
985 3005 1135 3087 Gregorii
1150 3005 1221 3071 hlu-

100 3105 158 3184 ιιι.
180 3105 335 3188 Pelepius
355 3107 467 3190 itsque
488 3109 520 3172 iu
548 3109 684 3192 epistole
705 3107 746 3172 X.
772 3107 813 3172 ud
834 3106 1078 3172 childebertum
1109 3123 1217 3188 rupem

99 3207 158 3271 nuh
176 3225 229 3274 uu.
253 3207 326 3277 556.
343 3209 499 3276 ιιιιιοιοιιι
520 3211 561 3276 de
575 3212 674 3276 trium
694 3210 923 3291 capitulorum
939 3209 1142 3273 demustiooe
1155 3212 1218 3274 nite

102 3305 281 3375 ullulhous
303 3310 355 3376 sir
384 3311 574 3393 moguihous
593 3310 722 3390 tegerus
747 3310 960 3374 excellentius
982 3318 1109 3376 vestrm
1130 3308 1222 3373 uohin

100 3403 195 3487 dlxii,
217 3409 309 3492 quod
331 3417 363 3475 et
383 3411 416 3475 lu
436 3412 611 3492 prorluuiis
632 3409 816 3476 Gellinrum
836 3409 969 3492 quidem
989 3411 1107 3474 semino
1130 3425 1222 3474 nouo·

101 3504 249 3575 dnlurom
270 3520 474 3592 sparserunt,
496 3511 645 3590 dicendo,
661 3512 739 3594 quid
761 3518 874 3577 eonius
897 3511 991 3577 fldem
1013 3510 1219 3589 eutholioum,

101 3611 185 3688 quod
208 3609 369 3677 [lominus
389 3629 452 3678 uon
473 3615 631 3694 pntintur,
652 3612 839 3679 admissum.
861 3613 904 3680 lli
922 3615 1072 3696 quumvis
1093 3629 1112 3676 u
1136 3617 1224 3676 treu-

99 3709 160 3774 nitu
171 3712 267 3776 dirue
284 3715 459 3780 memoriae
471 3713 663 3780 Theodorou
684 3714 978 3798 somersetiam
992 3713 1033 3778 de
1048 3713 1222 3793 hdequne·

100 3811 234 3878 ottonem
250 3813 397 3880 Ecclesia
415 3815 472 3881 Oel
488 3821 519 3882 iu
534 3817 680 3899 pertibus
694 3815 849 3895 Orientis,
871 3814 941 3882 Ouo
954 3819 1140 3890 miserente,
1158 3813 1224 3878 ior·

100 3911 220 3995 midet;
236 3913 293 3978 sed
310 3915 470 3996 quendum
490 3915 642 3999 Cepitulu
658 3925 753 3983 enirn
775 3916 870 3980 hdem
885 3915 1019 3982 luerunt
1038 3912 1226 3997 optinendo

106 4012 224 4090 quitus
246 4013 384 4096 longum
407 4024 467 4096 ent,
482 4024 521 4082 ut
541 4018 707 4098 epistoleri
729 4017 847 4099 possint
862 4016 1034 4097 complenti
1053 4031 1223 4078 sermonen

101 4109 161 4179 hoo
180 4115 329 4182 breviter
350 4118 527 4184 secuudum
550 4119 798 4185 admonitionum
823 4117 961 4200 praeisti
984 4115 1142 4198 meguihoi
1165 4113 1227 4178 vlrl

104 4214 142 4281 ud
161 4217 343 4286 suunudum
365 4220 509 4290 hulmum
532 4230 694 4302 restrum,
718 4228 751 4288 ol
771 4221 916 4287 omnium
937 4218 1079 4294 irnlrum
1098 4224 1133 4284 et
1152 4231 1225 4283 ooo·
