3186 4946
376 518 434 572 ans
449 497 499 562 sni
516 496 735 562 uniformitate
749 511 826 575 erga
847 494 1012 560 Christum
1028 494 1131 558 iteum
1147 513 1210 560 uon
1223 496 1332 560 solnm
1347 503 1421 577 post
1432 498 1484 559 de

380 601 553 664 finitionem
575 598 706 682 Synodi,
727 599 782 660 sed
798 605 832 662 et
846 607 939 664 antea
961 598 1106 662 eamdem
1128 615 1345 680 propugnasse
1367 599 1482 664 tidem:

373 722 398 762 ‚u
412 699 502 764 Haec
521 718 562 763 ex
584 701 694 776 corde,
710 700 813 778 inquit
828 700 860 761 iu
872 717 932 762 sua
953 699 1162 779 professione,
1178 708 1211 762 et
1230 701 1337 764 animo
1357 719 1485 781 semper

376 802 526 879 sensisse,
549 821 590 865 ex
611 819 678 881 qno
701 801 911 879 nosmetipsos
927 801 1167 881 cognoscimus.
1182 848 1190 864 .
1203 845 1211 863 .
1225 847 1232 863 .
1247 800 1485 882 Possumnsqne

379 904 578 984 argumentis
603 904 691 967 vohis
712 904 878 967 ostendere
899 913 932 966 et
953 903 1168 983 persuadere,
1196 921 1254 968 nos
1275 905 1371 967 etiam
1393 923 1485 983 prae·

376 1008 483 1070 teritis
506 1006 704 1086 temporibus
726 1007 768 1068 ita
790 1004 961 1068 credidisse
981 1013 1015 1068 et
1035 1004 1192 1068 docuisse.
1208 1025 1225 1063 u
1241 1003 1362 1068 Deinde
1381 995 1425 1068 ab
1445 1025 1481 1070 eo

377 1117 528 1187 suscepto
551 1107 710 1172 vocabulo
730 1106 915 1170 homousion
936 1105 1222 1180 consubstantiale,
1243 1106 1343 1183 addit,
1365 1107 1485 1170 idcirco
1557 1125 1558 1200 ]

379 1208 461 1272 itlnd
481 1209 671 1289 suscepisse,
694 1227 734 1272 ex
756 1227 844 1288 quo:
863 1229 879 1268 a
895 1207 1008 1272 Visum
1029 1217 1078 1270 est
1099 1208 1190 1280 nihil,
1213 1209 1270 1270 nisi
1291 1209 1397 1272 simite
1419 1227 1485 1272 esse
1557 1211 1558 1270 i

380 1311 441 1387 bis,
458 1329 542 1390 qnae
558 1328 615 1371 nos
637 1309 694 1389 ipsi
711 1311 741 1372 in
763 1310 825 1373 fide
847 1311 937 1391 prius
958 1311 1104 1389 exposita
1119 1309 1254 1373 confessi
1277 1310 1485 1374 ineramus.»
1557 1313 1558 1320 ’

374 1465 379 1472 .
457 1410 483 1474 Ε
506 1413 623 1492 quihus
647 1411 811 1476 manifeste
833 1421 932 1493 patet,
956 1411 1131 1477 Eusebium
1154 1419 1227 1474 ante
1247 1410 1415 1496 synodum
1437 1431 1487 1476 ne·

379 1531 545 1596 quaquam
568 1513 686 1577 Christi
708 1515 904 1577 divinitatem
920 1523 952 1577 et
968 1531 1063 1576 nnam
1085 1521 1118 1576 et
1134 1513 1277 1575 eamdem
1298 1530 1372 1576 cnm
1392 1511 1488 1575 Patre
1557 1559 1558 1572 ,

378 1618 589 1682 substantiam
607 1633 749 1696 negasse:
769 1634 881 1680 verum
898 1618 1004 1696 potius
1020 1616 1148 1678 videtur
1168 1615 1332 1679 dubitasse
1348 1615 1400 1680 rel
1417 1633 1487 1678 con·

378 1717 518 1790 ⁴tendisse
540 1719 626 1780 eirca
650 1717 884 1781 vocabulorum
905 1735 1019 1792 nsum,
1041 1717 1302 1796 significationem
1324 1720 1394 1781 sire
1415 1733 1488 1780 una·

318 1857 325 1871 ·
378 1819 499 1898 logiam
521 1815 624 1882 relate
645 1819 684 1879 ad
707 1821 868 1882 notionem
890 1826 922 1882 et
943 1820 1182 1898 expressionem
1205 1819 1302 1900 hujus
1323 1820 1487 1882 inenarra·
1557 1827 1559 1932 p

258 2003 260 2015 Α
374 1922 454 1984 hilis
469 1923 636 2004 mysterii;
658 1922 689 1984 in
705 1940 771 2001 quo
794 1923 892 1984 rerba
906 1938 1034 2000 semper
1050 1921 1154 1984 minus
1169 1920 1290 1996 dicunt,
1313 1939 1414 2000 quam
1433 1938 1486 1999 po·
1557 1947 1558 2012 p

375 2023 481 2088 stutut
501 2043 552 2086 res
573 2023 712 2086 definita.
738 2021 863 2099 Quibus
887 2041 963 2086 rero
984 2023 1146 2098 discussis,
1162 2022 1432 2102 convenientique
1451 2020 1485 2084 il·
1557 2015 1558 2048 ³

378 2124 525 2187 instratis
547 2125 824 2205 interpretatione,
847 2130 885 2188 ut
905 2125 973 2204 ipsc
992 2123 1057 2200 ait,
1090 2125 1235 2203 accepit,
1257 2124 1483 2204 probavitque.
1557 2179 1558 2184 ,

382 2225 560 2306 Propterea
582 2225 613 2288 in
635 2227 771 2303 cunctis,
793 2243 877 2306 qnae
898 2234 971 2288 ante
992 2224 1155 2309 Synodum
1178 2225 1259 2287 dixit
1275 2225 1325 2287 vel
1345 2226 1487 2305 scripsit,

379 2325 560 2388 nuttimode
581 2326 760 2404 putandum
791 2335 839 2390 est
860 2327 928 2405 (uti
956 2327 1181 2406 praetenditur
1206 2326 1247 2387 ah
1268 2324 1483 2400 adversariis)
1557 2341 1558 2420 p

379 2424 558 2490 Eusebium
580 2426 738 2502 docuisse,
766 2422 922 2489 Christum
944 2444 1007 2490 uon
1028 2444 1090 2489 erae
1111 2444 1220 2489 oerum
1243 2425 1352 2488 Deum.
1383 2426 1487 2488 Atiter
1557 2421 1558 2514 ]

381 2528 415 2592 iu
429 2545 507 2592 suae
523 2527 594 2590 fidei
616 2538 854 2608 programmate
869 2530 1018 2593 mentitus
1039 2535 1132 2593 esset.
1149 2524 1190 2592 Et
1204 2528 1246 2590 oh
1263 2529 1324 2591 hoc
1341 2525 1487 2592 Getnsins
1557 2515 1558 2582 i

384 2627 564 2714 Cyzicenus
585 2629 625 2692 de
646 2629 775 2712 synodo
796 2631 926 2694 nicaena
950 2651 977 2694 c.
995 2629 1021 2694 1.
1043 2630 1167 2710 inquit:
1186 2627 1318 2694 «Nemo
1333 2648 1435 2709 porro
1458 2649 1487 2692 e·

380 2731 525 2798 xistimet
545 2749 588 2795 ex
609 2731 670 2807 bis,
693 2749 777 2812 qnae
798 2731 838 2796 de
858 2733 917 2796 iilo
932 2732 1112 2812 (Eusebio)
1128 2734 1421 2806 circumferuntur,
1446 2732 1487 2794 ri·
1557 2743 1558 2800 J

382 2851 457 2896 rum
478 2833 565 2896 hunc
586 2832 618 2895 in
637 2832 709 2896 hrii
729 2835 924 2914 impietatem
948 2853 1089 2915 nuquam
1112 2837 1325 2898 concessisse:
1341 2833 1397 2896 sed
1420 2851 1488 2896 cre·

382 2933 449 3009 dat,
465 2936 491 2998 si
513 2934 682 3014 quaepiam
698 2935 847 3015 protulit,
869 2943 927 2999 aut
946 2937 1085 3015 scripsit,
1103 2935 1174 2998 Arii
1192 2937 1305 3016 dogma
1323 2935 1483 2998 tantillum
1557 2921 1558 2986 Ῠ

381 3034 577 3110 subolentia,
592 3052 629 3098 ea
650 3053 712 3098 non
730 3055 771 3102 ex
791 3038 889 3116 impio
909 3037 999 3102 iliius
1019 3056 1115 3101 sensu
1134 3039 1306 3117 protulisse
1328 3055 1484 3119 unquam,
1557 3059 1558 3074 ¹

383 3135 436 3199 rel
456 3135 632 3216 scripsisse,
646 3137 701 3200 sed
723 3156 763 3202 en
785 3139 890 3202 minus
910 3141 1038 3202 curiosa
1059 3155 1242 3220 parumque
1262 3139 1399 3202 sollicita
1415 3140 1488 3201 sim·
1557 3125 1558 3136 ’

382 3237 549 3319 plicitate:
573 3239 621 3302 nti
635 3240 702 3319 ipse
722 3239 754 3300 in
770 3237 867 3303 Libro
888 3223 1101 3320 apologetico,
1118 3239 1268 3320 quemad
1287 3239 1487 3304 orthodoxos

383 3356 494 3404 omncs
514 3342 681 3420 episcopos
703 3341 800 3417 misit,
823 3341 947 3421 plenius
969 3343 1170 3422 approbavit.
1192 3360 1210 3400 n

463 3440 608 3523 ideoque
623 3451 737 3506 contra
759 3444 840 3506 hanc
860 3445 1066 3507 assertionem
1089 3445 1175 3507 hand
1199 3443 1286 3517 iacit,
1302 3442 1389 3524 quod
1412 3460 1488 3523 pan-

382 3542 417 3608 lc
438 3553 512 3607 ante
533 3543 626 3625 (pag.
642 3540 714 3619 60.)
736 3563 778 3608 ex
799 3545 933 3624 epistola
954 3563 980 3609 s.
1003 3545 1167 3610 Athanasii
1183 3545 1219 3608 dr
1232 3543 1366 3624 synodis
1389 3563 1418 3606 u.
1440 3540 1486 3608 li.

382 3652 530 3709 notatum
545 3653 603 3709 est:
617 3647 671 3710 uhi
686 3645 805 3710 dicitur
815 3645 977 3710 Eusebius
991 3645 1168 3712 Caesareae
1182 3648 1220 3708 ad
1234 3645 1488 3726 Euphrationem

382 3747 566 3826 scripsisse:
593 3745 751 3811 Christum
772 3765 836 3810 uon
856 3734 918 3811 csse
937 3767 1044 3811 oerum
1061 3747 1169 3812 Deum.
1186 3747 1274 3832 Haec
1295 3757 1403 3812 autem
1426 3748 1490 3810 bia·

383 3847 528 3927 sphemia
549 3847 633 3910 inter
645 3847 859 3912 calumniosas
879 3848 1105 3930 imputationes
1121 3848 1346 3914 committenda
1361 3856 1421 3925 est,
1439 3846 1489 3910 vel

385 3945 426 4008 ab
447 3947 520 4026 ipsis
550 3948 666 4012 arianis
700 3949 902 4030 superhaec
930 3948 1061 4013 Eusebii
1082 3949 1250 4030 epistolam
1278 3957 1428 4014 extructa
1449 3967 1489 4013 en

383 4047 522 4127 ‚proprio
537 4046 662 4128 ingenio
676 4053 854 4129 expositam
868 4056 901 4114 et
915 4058 1101 4131 corruptam
1110 4073 1123 4133 3
1141 4053 1191 4116 ret
1210 4054 1258 4116 nti
1273 4053 1376 4133 glossa
1393 4069 1489 4133 qnae·

386 4147 460 4211 dam
482 4151 657 4230 reputanda
673 4160 721 4215 est
742 4159 852 4231 postea
867 4153 907 4214 ah
926 4154 1037 4234 aliquo
1056 4157 1242 4220 amanuensi
1262 4157 1375 4219 ariano
1391 4155 1489 4218 intru-

385 4267 421 4316 sa
441 4249 474 4318 iu
494 4255 620 4320 textum
640 4254 815 4333 genuinum
836 4251 1012 4323 Athanasii.
1030 4253 1345 4339 Quomodocumqne
1359 4257 1411 4335 sit,
1435 4271 1486 4335 pa·
