3066 4950
70 515 236 580 doctrimm
258 511 417 595 origenis.
441 509 643 576 Domitianus
669 527 771 592 porro
790 499 917 576 eedem'
936 518 1081 594 tempere
1102 533 1172 582 mc·

69 615 201 680 craterio
216 613 364 698 hlartyrii
381 613 580 694 praelectus,
596 622 629 676 ei
642 611 835 678 'lheodorns
849 619 1066 693 cognomento
1081 613 1173 680 hacl-

70 717 120 780 dss
134 715 398 780 Neolanritarum
412 715 481 779 dux
495 723 527 780 et
542 715 690 796 princeps
706 721 846 795 uterque
856 713 1005 795 origenis
1020 715 1077 779 luo
1092 715 1172 782 aila·

69 819 122 882 tim
141 817 245 881 iniecti
266 817 306 880 ad
329 815 640 898 Constantinopolim
662 817 880 896 navigaruni;
905 813 960 878 uhi
980 815 1170 886 simulantes

70 933 207 998 pugnare·
216 935 250 981 se
263 933 325 997 pro
339 915 472 1002 synodo
485 915 745 992 chalcedonensi,
763 933 804 978 ex
825 913 1102 980 commendatione
1114 922 1170 983 sn'·

67 1035 122 1098 pra
141 1021 307 1084 musonii
328 1017 452 1084 Leontii
477 1019 638 1104 byzantini
659 1017 801 1082 Eusebio
816 1033 919 1097 papae
932 1013 1169 1100 adjunguntur,

70 1137 104 1184 ac
115 1136 173 1200 per
184 1139 258 1184 enm
274 1120 419 1200 piissimo
433 1129 546 1183 nostro
563 1117 767 1200 imperatori.
784 1119 892 1198 htque
911 1117 991 1183 dnm
1006 1119 1168 1203 hypocrisi

70 1219 198 1298 piurima
220 1221 338 1282 melam
359 1223 549 1284 seutentiam
571 1221 739 1300 obtegunt,
753 1227 788 1284 et
809 1220 913 1299 prima
935 1220 1112 1301 intimaque
1131 1221 1171 1282 li·

68 1319 184 1385 berhta
202 1321 234 1384 in
257 1323 379 1401 palatio
411 1321 583 1398 irunuiur,
607 1319 811 1384 llemitianus
831 1321 962 1401 quidem
984 1321 1169 1403 galatarum

69 1421 195 1501 reponis
214 1425 405 1504 episcopatu
425 1421 564 1488 donatus
593 1430 653 1487 esta
676 1421 868 1486 Theodorus
892 1439 970 1488 vero
991 1421 1169 1488 Caesareas

65 1517 280 1602 Cappadociae
301 1525 524 1605 praesulatum
545 1525 698 1604 suscepit.
722 1523 798 1588 lnde
819 1521 954 1588 Nonnns
974 1530 1007 1587 st
1030 1523 1170 1587 nonnoni

66 1622 171 1703 majori
191 1627 335 1707 potentia
357 1633 502 1705 accepta,
523 1625 669 1690 studiose
688 1639 727 1687 ac
744 1625 917 1706 vigilanter
937 1623 1171 1705 origenica'sc·

67 1724 142 1786 mina
163 1741 223 1806 per
245 1733 345 1790 totam
367 1725 582 1790 Palaestinam
604 1726 832 1806 dispersero.»

139 1823 258 1892 Deinde
274 1827 306 1892 in
326 1823 377 1892 85.
401 1828 508 1909 pergit
528 1826 696 1913 Cyrillnsa
712 1849 729 1887 a
746 1825 869 1890 Eodem
892 1832 1038 1906 tempere
1059 1825 1173 1889 adiue-

68 1935 139 1992 runt
167 1928 198 1992 in
230 1927 412 1994 Palaestina
441 1929 626 2010 patriarcha
659 1929 851 1996 Antiochino
884 1925 1115 2009 Ephraemius,
1138 1935 1172 1994 et

66 2047 126 2094 una
140 2029 218 2113 'papa
244 2030 403 2096 Eusebius
423 2039 562 2113 propior
582 2029 675 2095 Pauli
698 2029 917 2094 alexandriae
945 2030 1087 2110 episcopi
1108 2027 1174 2111 eje-

64 2131 216 2197 ctionemr
251 2132 291 2195 ad
313 2151 410 2215 quem
432 2149 547 2214 papam
577 2130 753 2196 Eusebium
782 2129 1042 2216 Hierosolymam
1064 2131 1173 2214 proie-

64 2241 145 2298 ctnm
164 2243 240 2317 post
258 2234 401 2299 solutam
430 2235 610 2320 synodum,
633 2232 788 2298 Leontius
816 2231 948 2296 adducit
969 2251 1037 2307 eos,
1067 2233 1125 2314 qni
1152 2251 1172 2299 a

65 2333 200 2402 tissima
216 2337 326 2402 Laura
347 2337 433 2418 puisi
449 2339 591 2412 lucrant,
606 2343 814 2400 accusatores
826 2331 959 2410 (laicali,
981 2336 1068 2416 quod
1084 2352 1173 2398 nem·
1295 2351 1300 2370 ¹

65 2455 102 2518 pa
120 2439 150 2502 in
164 2439 247 2504 duaa
267 2450 376 2520 partes
390 2448 586 2503 conventum
607 2438 797 2511 discidissot,
811 2443 844 2500 ei
857 2439 942 2517 ipsos
963 2437 1093 2519 quidem
1114 2440 1173 2502 ex·

63 2538 203 2617 puliaset,
226 2541 375 2620 ipsorum
394 2557 473 2603 sero
493 2538 698 2602 adversarios
719 2530 918 2603 adscivisset.
936 2536 1096 2604 Eusebius
1119 2555 1173 2603 rc·

65 2653 100 2702 re
120 2657 199 2720 papa
223 2642 331 2707 serbis
353 2639 480 2706 Leontii
501 2641 670 2722 deceptus,
685 2641 832 2721 nihilque
852 2640 893 2704 de
914 2641 1041 2707 haeresi
1055 2639 1171 2716 sciens,

62 2742 191 2806 arcessit
210 2741 361 2805 ahbatum
383 2741 562 2817 Gelasium,
595 2759 738 2824 eumque
759 2742 790 2803 ln
825 2742 1049 2805 necessitatem
1069 2739 1172 2804 addu-

61 2839 114 2915 cit,
137 2842 187 2904 rel
209 2842 332 2924 ejectus
353 2842 554 2917 admittendi,
572 2841 622 2905 sal
644 2859 759 2904 eorum
781 2841 1000 2917 adversarios,
1015 2841 1074 2922 qni
1098 2841 1173 2904 hae·

64 2943 154 3006 resim
171 2943 327 3007 dirimere
341 2944 555 3019 conabantur,
578 2937 792 3025 propellendi.
809 2941 882 3020 Qua
905 2943 1095 3007 necessitate
1117 2944 1175 3003 lm·

60 3045 174 3121 posita,
197 3058 308 3126 patras
329 3065 371 3110 cx
393 3049 556 3110 communi
576 3047 811 3110 deliberatione
830 3049 1041 3110 emiserunle
1065 3042 1174 3108 Laura

62 3145 273 3227 Stephanum,
294 3145 515 3224 Timotheum,
537 3149 686 3230 aliosque
708 3148 827 3211 iratres
847 3157 1014 3229 quatuor:
1037 3149 1093 3227 qni
1117 3165 1173 3209 vu·

63 3239 236 3314 luntariarn
271 3253 529 3329 persecutionem
552 3251 648 3332 passi,
681 3249 885 3313 Antiochiam
910 3250 1048 3329 proiecti
1070 3254 1169 3312 sunto

61 3367 211 3432 quaeque
226 3353 445 3432 contigerunt,
467 3353 653 3417 indicarunt
674 3349 870 3434 Ephraomio
886 3351 1102 3432 patriarchae,
1119 3351 1174 3412 cni

61 3450 144 3515 bean
167 3454 332 3534 Antipatri
353 3455 456 3518 libros
477 3453 700 3519 ostenderunt.
725 3454 769 3516 ht
789 3448 973 3533 patriarcha
997 3469 1055 3532 per
1076 3449 1175 3514 iradi-

63 3560 110 3616 tos
129 3555 246 3630 libros,
268 3557 442 3636 compertis
463 3553 611 3635 Origeuis
634 3555 854 3636 blasphemiis,
871 3571 910 3616 ac
930 3571 990 3635 per
1009 3553 1174 3616 librorum

59 3653 233 3720 traditores
248 3656 363 3736 agnitis
376 3673 462 3737 quae
477 3651 627 3720 Hieroso!
632 3674 725 3740 ymno
743 3657 784 3718 ab
800 3655 981 3734 origenistis
1008 3663 1176 3735 perpetra·

61 3761 91 3815 ta
114 3754 257 3833 inerant,
289 3765 423 3821 strenue
448 3759 601 3838 assurgit,
625 3776 663 3821 ac
687 3757 820 3838 publice
844 3757 1005 3842 synodico
1028 3753 1178 3836 Origenis

60 3853 209 3938 dogmata
231 3859 428 3922 anathemati
447 3859 588 3941 subjicit
713 3883 718 3894 ·

143 3958 271 4036 «Quae
292 3979 345 4024 res
360 3959 594 4047 Hierosolymis
615 3967 788 4042 postquam
807 3961 913 4042 agnita
937 3958 1011 4034 iuli,
1025 3959 1179 4040 indignati

59 4055 135 4127 snn't
157 4060 266 4128 Nouoi
296 4064 451 4136 associas,
485 4064 626 4144 initiqua
654 4063 835 4143 patrocinio
855 4059 981 4124 Leontii
1003 4059 1177 4145 byzantini,

61 4165 115 4245 qni
137 4167 178 4228 ad
202 4165 512 4245 Constantinopolim
528 4167 753 4246 navigaverat,
770 4170 803 4227 et
824 4161 997 4226 Domitiani
1014 4160 1176 4238 Galatiae,

59 4277 159 4350 atquc
180 4265 345 4334 Theodori
359 4264 595 4350 Cappadociae,
618 4265 683 4334 rim
711 4261 954 4346 archispiscopo
977 4251 1079 4328 Petro'
1097 4262 1177 4327 inlo-
1284 4251 1287 4264 ’
