3028 4942
62 502 101 568 irc
114 503 306 586 prodidcduss
321 527 360 574 nc
378 507 480 592 napis
499 529 604 576 corum
623 511 758 585 doleres,
777 513 861 595 quod
880 510 988 576 adrem
1007 513 1064 574 uim
1080 509 1162 591 serre

60 620 182 690 poterae
197 613 293 680 Certe
314 617 369 679 vix
389 616 610 695 credipotest,
626 613 883 682 laudatissimum
904 614 1090 680 Pontificem
1112 615 1159 680 Si-

61 715 166 778 ricium
189 723 275 780 tants
297 719 394 780 luisse
413 719 642 797 simplicitate,
664 735 721 781 seu
744 719 851 798 potius
871 725 1017 798 stupore,
1033 725 1090 780 snt
1107 735 1158 780 re·

61 817 171 892 cordis,
188 829 223 880 ul
238 837 279 881 ue
299 820 529 900 pertingentem
545 819 676 899 quidem
692 820 807 882 domus
825 835 904 882 suae
925 819 1065 882 culmina
1083 819 1156 882 isne·

64 935 157 980 resecr
177 916 338 981 dammam
359 921 512 999 senserit3
536 920 589 982 rel
609 921 747 984 sentiens
775 920 911 984 incendii
933 922 1060 984 auctori
1093 923 1159 1000 api·

64 1019 166 1082 stolam
189 1021 369 1084 catholicae
389 1022 622 1086 communionis
644 1029 757 1086 testem
779 1022 938 1102 impertiri
959 1023 1159 1087 sustinuerit.

64 1117 135 1194 Quid
155 1130 267 1184 autem
290 1123 518 1199 verisimilius,
539 1140 638 1203 quum
661 1131 697 1184 ut
719 1121 892 1198 Rudinus,
915 1123 970 1203 qui
991 1141 1010 1185 s
1033 1124 1160 1204 triginta

64 1219 120 1282 lere
138 1222 226 1284 anuis
247 1223 361 1286 aberat
381 1241 398 1285 a
421 1224 536 1304 patris,
558 1224 600 1286 sti
619 1223 742 1299 amicis,
764 1242 783 1287 a
805 1225 1008 1304 propinquis,
1027 1239 1046 1286 s
1067 1225 1161 1304 spiri·

65 1321 130 1384 tusli
149 1332 242 1404 patre
255 1343 318 1388 suo
332 1323 530 1402 Chremetis,
553 1326 671 1389 horum
693 1324 820 1388 taudem
841 1326 983 1389 omnium
999 1325 1160 1390 desiderio

64 1431 164 1498 notus,
180 1432 352 1507 postquam
376 1425 509 1490 Masurii
525 1427 669 1508 petitioni
690 1427 901 1502 satisfecerat,
923 1426 1093 1510 Aquileiae
1108 1445 1159 1488 re·

67 1524 195 1589 ciendae
218 1528 324 1606 gratis
351 1525 472 1592 Urbem
494 1525 734 1610 dereliquerit?
768 1527 829 1593 Sed
850 1529 1003 1609 quoniam
1027 1529 1082 1592 rlx
1103 1547 1162 1591 uu·

70 1643 144 1704 qnam
164 1647 286 1693 rumor
306 1637 427 1694 temere
448 1633 533 1694 nasci
554 1631 656 1706 solet,
678 1630 756 1710 quio
776 1631 879 1694 subsit
899 1629 1042 1711 aliquid,
1066 1631 1161 1692 luciis

71 1729 259 1810 intelligimus
287 1731 421 1806 exilis,
447 1749 531 1812 quae
562 1733 703 1812 primum
725 1732 766 1794 de
798 1729 986 1814 Hieronymi
1018 1729 1162 1811 Epistola

69 1829 177 1896 laudata
197 1840 299 1909 sunt,
322 1831 487 1898 Rudinum
509 1835 652 1914 graviter
678 1837 878 1915 exagitatum
907 1852 976 1897 esse
998 1832 1121 1897 Romae
1140 1852 1158 1895 s

67 1949 86 1992 s.
98 1929 242 1996 lloctoris
261 1933 393 1996 amicis:
416 1949 558 2012 quornm
574 1939 680 1996 tamen
701 1935 952 1998 obtrectationes
965 1941 999 1997 et
1013 1940 1159 2008 conatus,

67 2035 113 2094 etsi
132 2042 299 2114 tantopere
320 2051 381 2096 uon
397 2033 575 2109 volueriut,
599 2043 637 2098 nt
658 2034 750 2098 illum
777 2035 963 2116 Aquileiam
987 2033 1162 2115 compelle·

66 2143 134 2210 rent,
153 2134 183 2198 id
209 2144 317 2198 tamen
336 2135 518 2216 suspicandi
540 2143 599 2199 sut
618 2136 769 2200 credendi
791 2136 902 2201 locum
924 2136 1081 2200 dederint.

138 2235 294 2301 «Extant
314 2239 410 2300 etium
431 2238 530 2318 ipsius
551 2237 671 2302 llnlllul
687 2239 909 2322 querimoniae
920 2239 960 2302 de
974 2235 1163 2321 Hieronymi

66 2337 210 2420 discipulo
240 2339 316 2418 (istc
337 2339 554 2402 verisimiliter
581 2347 630 2403 est
650 2337 809 2402 Eusebius
838 2337 1076 2414 cremonensis)
1106 2337 1163 2417 qui

65 2455 126 2501 cum
139 2459 172 2504 se
191 2441 344 2515 inrisere,
360 2439 515 2515 salutare,
537 2459 713 2522 secumque
729 2443 762 2504 in
777 2443 924 2504 oratione
944 2439 1161 2504 communica·

66 2556 95 2601 re
112 2548 305 2616 consuesset,
327 2549 466 2604 attamen
487 2551 656 2622 occeptum
677 2560 697 2605 a
719 2543 870 2622 primaria
894 2542 1032 2604 loemiun
1054 2556 1165 2603 exem·
1296 2595 1301 2603 .

66 2638 144 2716 plum
164 2642 320 2706 rersiouis
343 2638 565 2715 Pcriorolson,
587 2659 649 2703 uon
671 2642 767 2705 modo
790 2641 842 2704 rel
863 2639 1089 2722 explicandum
1113 2636 1165 2699 rel

67 2740 282 2821 corrigendum
310 2760 371 2806 noo
394 2742 433 2804 ad
454 2759 488 2805 se
509 2741 685 2816 detulerit,
716 2740 773 2805 sed
794 2741 980 2818 corruperit
1009 2741 1164 2818 insuper,

68 2851 328 2924 corruptumque,
345 2844 482 2908 muliere
503 2844 685 2924 instigante,
704 2842 886 2922 vulgaverit
905 2859 961 2920 per
981 2841 1098 2916 domos,
1108 2855 1167 2919 prr

69 2951 228 3020 petrosos,
248 2962 305 3024 pcr
325 2945 528 3020 moumtcrio,
545 2963 603 3026 per
621 2942 765 3024 simpulor
785 2959 923 3024 quosque
939 2942 1088 3019 scutrum.
1105 2937 1167 3002 Ve-

70 3060 131 3106 mm
144 3047 274 3126 qusodo
296 3047 375 3110 lssec
391 3045 571 3110 Monachus
584 3047 661 3110 lecit
673 3047 735 3109 sub
755 3045 839 3106 idem
855 3055 995 3121 tempus,
1010 3058 1074 3122 qno
1094 3059 1168 3102 oon·

68 3143 156 3218 {setim
175 3165 216 3208 cx
233 3143 312 3210 orte
333 3147 513 3220 diseederet,
531 3166 570 3210 nc
588 3148 637 3209 oct
648 3145 882 3226 comprehensus
895 3143 976 3226 socii
989 3140 1042 3205 rasi
1061 3141 1168 3203 redes:

70 3255 107 3306 ret
124 3265 253 3325 masos,
280 3248 346 3329 jaus
369 3267 410 3312 ex
432 3249 503 3329 ejus
525 3257 613 3310 metu
634 3255 667 3309 et
687 3245 862 3308 diffidentis
880 3243 1029 3324 cognosci
1050 3248 1167 3321 potest,

72 3341 176 3410 dudini
198 3367 251 3414 res
273 3367 335 3414 uon
358 3359 421 3412 tam
445 3350 612 3412 inclinatss
647 3357 715 3412 tum
738 3349 836 3412 luisse
856 3343 980 3410 Romae
1003 3352 1061 3408 ant
1081 3350 1170 3406 certe

72 3445 220 3526 infractos,
244 3459 283 3513 ut
309 3450 383 3514 inde
403 3450 528 3531 digredi
549 3457 733 3529 cogeretur.

138 3547 216 3614 cdo
232 3569 312 3614 vern
329 3568 392 3614 non
407 3551 539 3613 inlestos
553 3549 677 3612 Romae
697 3546 845 3611 liuffinns
866 3553 1034 3628 pateretur
1054 3542 1170 3607 Hiero·

72 3650 145 3728 spui
165 3652 321 3727 lautores,
337 3653 393 3731 qui
413 3669 472 3714 neo
486 3651 670 3731 proiectum
691 3667 725 3712 se
747 3650 914 3730 quiescere
936 3642 1167 3724 permiserint?

74 3743 191 3814 lscnim
210 3761 324 3834 aperte
344 3753 497 3832 queritur
526 3736 585 3832 per
607 3760 704 3814 totam
727 3767 861 3830 quoque
893 3748 1019 3812 ltaliam
1039 3745 1098 3810 sibi
1127 3743 1169 3806 ab

74 3849 249 3918 adversariis
269 3855 435 3934 obstrepi,
459 3855 569 3918 turbes
590 3854 756 3933 instigari,
778 3851 977 3916 commoveri
1002 3847 1167 3922 ecclesias,

75 3964 156 4018 tures
176 3956 279 4036 pollui
300 3957 519 4032 sacerdotum,
535 3956 636 4017 emitti
658 3973 764 4029 canes,
780 3954 835 4035 qui
857 3971 891 4016 se
912 3952 1095 4033 perornes,
1111 3966 1170 4027 per

78 4051 162 4132 viros,
177 4073 235 4134 per
255 4058 319 4120 iter
332 4059 427 4120 etiam
444 4065 661 4120 transeuntem
679 4053 917 4118 calumniarum
932 4052 1103 4115 latratibus
1124 4050 1171 4111 in·

79 4165 246 4240 sectentur3
260 4165 359 4237 atque
373 4157 410 4222 in
430 4155 479 4220 liis
493 4157 639 4221 omnibns
659 4154 810 4219 modestia
830 4173 890 4218 ruo
904 4152 1004 4228 mcci,
1020 4161 1171 4234 tanquam

81 4255 265 4322 ememtes.
288 4255 378 4324 Unde
398 4261 558 4340 suspicari
578 4259 675 4334 licet,
697 4257 840 4338 eiusdem
861 4255 1065 4322 adversarios
1087 4251 1172 4316 seri·
