3186 4946
364 365 561 541 zelemus,
578 462 764 547 hujusmodi
779 469 837 528 est.
864 460 1146 539 Quemadmodum
1160 463 1343 545 aeceptmm
1359 464 1401 526 sb
1414 461 1474 544 epi·

363 568 480 648 scopis,
503 569 558 648 qui
581 584 638 630 nos
659 572 913 641 antecesserunt,
936 583 996 629 nec
1016 583 1079 628 non
1101 567 1132 628 in
1152 569 1256 647 prime
1273 565 1431 632 catechesi
1446 572 1475 629 et

363 687 438 732 cnm
460 671 680 748 acciperemus
693 668 824 731 levacrn
837 689 849 749 3
861 666 1135 747 quemadmodum
1150 667 1226 730 item
1242 685 1285 731 ex
1300 667 1416 730 divinis
1430 667 1472 728 di·

365 770 500 832 dicimus
522 767 710 847 Scripturis,
732 787 770 830 ec
791 785 866 831 cnm
888 769 918 830 in
941 767 1155 849 presbyterto,
1179 774 1248 830 lum
1269 769 1393 849 inipso
1414 767 1475 847 epi·
1553 829 1554 844 ,

362 879 496 950 scopatn
518 869 713 959 credidimus
735 877 767 932 et
788 869 958 932 docuimus
969 886 982 946 3
1004 869 1050 931 sic
1071 869 1167 931 ctiam
1189 885 1275 932 nunc
1296 871 1471 941 credentes,

366 971 459 1036 tidem
482 979 624 1034 nostrum
646 971 736 1034 vobis
756 970 936 1043 oderimus,
958 985 1044 1049 qnee
1063 969 1110 1032 sic
1129 987 1163 1032 se
1186 970 1292 1032 babel.

445 1095 461 1132 u
475 1071 644 1137 Credimus
659 1072 689 1133 in
702 1089 803 1134 unum
816 1068 919 1134 Deum
932 1069 1060 1133 Patrem
1072 1071 1322 1151 omnipotentem
1334 1070 1472 1133 omnium

368 1173 541 1236 visibilium
564 1180 596 1236 et
617 1171 827 1235 invisibilium
849 1171 1047 1246 ellectorem,
1070 1179 1101 1234 et
1123 1175 1154 1237 in
1177 1191 1277 1235 nnnm
1299 1171 1469 1237 Dominum

364 1273 478 1338 lesum
498 1272 677 1348 Cbristum,
694 1271 751 1335 llei
775 1269 931 1346 Verbum,
949 1271 1053 1336 Deum
1074 1291 1115 1334 er
1137 1271 1218 1345 Deo,
1235 1273 1345 1337 lumen
1366 1293 1410 1336 ex
1423 1273 1470 1336 ln·

363 1374 469 1452 mine,
492 1376 591 1437 vitam
613 1393 655 1436 ex
676 1373 762 1448 rite,
786 1370 906 1436 Filium
929 1373 1421 1453 unigenitum,primogenilnm
1441 1393 1473 1438 o·

362 1475 443 1537 mnis
464 1482 652 1548 creaturae,
685 1480 759 1536 onte
780 1475 885 1536 omnia
903 1472 1034 1537 saecula
1057 1491 1098 1534 ex
1121 1470 1217 1536 Putre
1239 1475 1395 1552 genitum,
1418 1491 1473 1554 per

361 1593 458 1654 quem
480 1582 511 1636 et
533 1575 639 1637 omnio
663 1573 745 1637 lecte
766 1583 841 1638 sunl
857 1617 1072 1636 .........
1096 1571 1265 1636 Credimus
1288 1592 1422 1654 quoque
1442 1575 1470 1636 in
1555 1577 1556 1580 ’

360 1693 462 1739 unnm
484 1673 640 1753 Spiritum
661 1673 834 1750 Sanctum,
858 1675 1042 1754 horumque
1065 1674 1243 1754 quemlibet
1263 1693 1333 1738 esse
1351 1683 1385 1739 et
1406 1679 1471 1740 exi·

361 1785 447 1840 stere
471 1777 632 1840 credimus
650 1773 778 1839 Patrem
796 1793 872 1838 rere
887 1774 1028 1850 Patrem,
1052 1784 1085 1840 et
1109 1775 1228 1839 Filium
1247 1793 1324 1839 rere
1339 1775 1470 1854 Filium,

361 1886 394 1942 ct
416 1876 571 1957 Spiritum
585 1875 751 1952 Senctnm,
770 1895 846 1940 vere
861 1875 1017 1957 Spiritum
1033 1877 1199 1954 Sannum,
1216 1886 1248 1940 ut
1263 1885 1301 1942 nt
1317 1876 1471 1943 Dominus

359 1985 471 2043 noster
492 1996 566 2041 cum
586 1995 663 2041 suos
685 1977 860 2058 discipulos
881 1977 921 2041 ad
944 1977 1195 2058 praedicandum
1225 1978 1381 2054 midissel,
1404 1982 1469 2042 aits
1556 2018 1557 2056 ,

359 2089 466 2144 euntes
487 2081 588 2142 docete
609 2097 712 2141 omnes
733 2091 847 2159 pentes,
872 2079 1065 2158 baptizantes
1085 2094 1136 2141 eos
1155 2077 1192 2141 iss
1212 2078 1338 2141 nomiae
1362 2078 1473 2144 Putria

361 2189 392 2243 et
408 2178 491 2244 Filii
511 2191 540 2244 et
561 2177 701 2260 Spiritus
716 2177 834 2243 Sancti.
857 2177 905 2244 De
923 2179 1042 2260 quibus
1063 2180 1158 2243 etiam
1174 2196 1399 2244 asseveramus
1417 2197 1470 2244 nos

359 2281 403 2344 itu
420 2283 537 2344 sentire
559 2299 597 2344 uc
611 2291 704 2345 antee
726 2285 872 2358 sensisse,
889 2289 922 2344 et
941 2299 1044 2361 nsque
1061 2281 1100 2342 nd
1117 2287 1253 2344 mortem
1269 2280 1363 2344 tidem
1380 2283 1470 2346 istem

360 2390 633 2462 propugnaturos.
657 2382 871 2445 Anathemate
895 2383 1027 2461 insuper
1040 2383 1240 2460 percutimus
1262 2399 1391 2445 omnem
1414 2384 1469 2444 tm·

358 2481 444 2562 piem
468 2482 637 2546 baeresim.
654 2481 742 2546 llaec
764 2502 805 2546 ex
826 2481 925 2544 corde
946 2493 979 2544 et
999 2483 1105 2544 enimn
1125 2498 1253 2560 semper
1266 2482 1415 2558 sensisse,
1430 2499 1470 2544 er
1557 2479 1558 2500 ³

358 2599 426 2663 quo
442 2585 650 2663 nosmetipsos
672 2585 907 2663 cognoscimus,
924 2591 1023 2662 etque
1040 2600 1125 2644 nnnc
1141 2601 1182 2644 er
1198 2583 1335 2645 veritate
1350 2583 1469 2645 sentire

358 2691 393 2748 et
403 2684 511 2747 dicere
524 2701 635 2746 coram
649 2683 717 2747 lieo
732 2685 949 2764 omnipotente
964 2691 995 2744 et
1011 2681 1148 2744 Domino
1163 2690 1273 2745 nostro
1284 2681 1364 2746 lesu
1378 2683 1470 2748 Chri·

357 2792 408 2850 sto
430 2791 613 2860 testemur,
637 2803 874 2865 possumusque
903 2784 1100 2863 argumentis
1130 2783 1220 2845 robis
1246 2783 1418 2847 ostendere
1438 2791 1469 2846 et

357 2886 558 2966 persuadere
573 2904 630 2950 nos
645 2887 740 2949 eliam
763 2885 946 2967 praeteritis
962 2883 1160 2963 temporibus
1179 2884 1222 2946 tto
1244 2883 1420 2948 credidisse
1440 2889 1470 2949 et

354 2986 515 3052 docuisse.

439 3107 456 3146 a
479 3086 548 3151 llac
565 3104 582 3149 e
598 3086 688 3150 nobis
709 3085 855 3166 exposita
877 3085 951 3160 lide,
973 3084 1054 3147 nnlli
1077 3090 1147 3148 eret
1166 3086 1407 3149 contradicendi
1421 3087 1469 3151 lo·

357 3203 427 3262 ens,
449 3186 503 3250 sed
526 3188 650 3268 primns
681 3189 747 3267 ipse
768 3186 928 3266 piissimus
950 3193 1060 3249 noster
1089 3185 1271 3266 imperetur
1291 3187 1467 3250 rectissima

357 3303 439 3361 esse,
462 3303 546 3366 quae
567 3286 622 3348 illa
646 3286 849 3361 continebat,
887 3291 1020 3348 testatus
1041 3295 1110 3349 est:
1146 3287 1257 3366 sicque
1277 3305 1312 3350 se
1333 3305 1468 3368 qnoque

357 3389 476 3451 sentire
498 3387 662 3451 confessus
684 3395 753 3463 est,
784 3396 882 3467 etque
902 3403 1013 3450 omnes
1034 3395 1082 3449 est
1103 3387 1305 3464 cohortatus,
1327 3397 1365 3451 ut
1387 3389 1467 3452 benc

356 3489 634 3567 amplecterentur
647 3488 756 3564 fidem,
776 3489 890 3568 hisque
904 3487 1144 3551 subscriberent
1159 3496 1191 3551 et
1208 3489 1469 3554 assentirenttlu-

354 3588 476 3662 ctrinis,
500 3606 562 3651 nna
585 3595 709 3652 tantum
731 3587 855 3669 edjecle
880 3583 1158 3680 vocc¹5plooriutou
1182 3590 1464 3664 consubstantiale,

355 3704 452 3767 quam
475 3689 619 3753 eamdem
635 3690 702 3771 ipse
723 3698 770 3753 est
792 3691 1023 3768 interpretatus
1033 3707 1045 3764 3
1068 3705 1182 3768 nempe
1203 3708 1265 3753 non
1285 3691 1464 3755 secundum

355 3805 532 3867 corporum
551 3790 735 3854 ellectiones
757 3792 838 3854 benc
860 3809 971 3854 rocem
993 3790 1259 3854 consubstantiale
1283 3811 1351 3856 esse
1372 3792 1467 3855 intel·

352 3887 512 3967 ligendam
524 3909 536 3968 3
570 3909 676 3970 neque
701 3892 802 3972 igitur
836 3891 991 3954 divisione
1012 3892 1121 3972 aliqua
1143 3909 1248 3970 neque
1268 3892 1461 3956 abscissione

353 3984 472 4051 Filium
494 4007 535 4052 ex
557 3986 654 4054 Putre
674 3995 814 4055 existere
825 4011 837 4071 3
870 4009 928 4054 nec
959 3993 1042 4053 enim
1065 3990 1135 4055 lieri
1157 4009 1261 4072 posse,
1285 3999 1322 4056 ut
1341 4000 1458 4058 nutura

352 4088 532 4170 intelligens
553 4101 585 4154 et
606 4093 810 4173 incorporea,
826 4101 859 4155 et
874 4095 1028 4156 materiae
1049 4111 1178 4173 expers,
1200 4111 1379 4174 corporeae
1399 4093 1459 4156 ali·

352 4191 405 4252 cni
426 4192 586 4257 affectioni
607 4195 823 4276 subjicietur,
845 4195 899 4257 sed
923 4211 974 4258 res
1008 4195 1166 4276 ejusmodi
1200 4197 1323 4259 nonnisi
1347 4195 1462 4262 dirinls

350 4297 450 4370 atque
471 4295 749 4377 inexplicabilibus
772 4297 950 4361 rationibus
975 4311 1043 4362 esse
1064 4296 1298 4378 concipiendas.
1315 4315 1331 4352 o
