3048 4946
333 415 396 486 aba

334 520 417 586 otios
434 520 650 594 ,communione
670 541 763 590 sacra
776 521 933 606 depositus
947 531 992 588 ast
1002 541 1064 605 pra
1077 542 1138 588 saa
1154 520 1325 604 munitm.
1342 519 1448 599 Quam

281 683 285 694 ,
334 625 704 690 excommunicationem
729 629 760 691 ia
783 625 936 707 praelatis
969 626 1114 706 genuinis
1141 613 1298 707 epistolis,
1326 623 1384 687 abi
1413 623 1451 684 ds

335 724 449 789 eadem
483 744 541 802 re,
564 726 632 790 sive
663 726 703 791 de
735 726 840 791 tribas
860 724 1019 806 Capitulis
1039 729 1171 807 agitur,
1193 725 1301 806 deque
1326 723 1451 788 llastiel

334 834 368 891 et
388 825 565 890 Sebastiam
590 827 762 904 scandalis,
784 846 966 909 eorumque
987 828 1195 909 suspensione
1215 845 1232 889 a
1250 826 1452 892 communio·

335 945 375 992 ae
394 945 501 1002 sacra,
523 927 653 992 silentio
683 930 829 1009 transigit
851 923 1000 1010 vigilias,
1031 927 1252 1004 Quamobrem
1274 927 1301 990 si
1324 924 1451 1006 praela·

195 1091 200 1102 ,
337 1035 389 1090 tae
411 1028 568 1109 epistolae
600 1047 662 1093 uaa
688 1047 764 1094 cnm
786 1027 958 1113 Eacpclica
990 1047 1029 1093 ac
1058 1028 1274 1093 anathematis
1302 1027 1451 1102 decreto,

337 1131 494 1211 genuinae
510 1131 748 1212 acciperentur,
770 1129 857 1212 Papa
871 1131 985 1196 eodem
1002 1138 1158 1213 tempore,
1173 1132 1242 1194 siae
1258 1130 1378 1194 eodem
1398 1145 1451 1190 aa·

335 1251 378 1296 no
391 1229 442 1298 25.
460 1232 585 1314 imperii
605 1232 792 1310 tastiataat,
809 1241 1053 1312 repracsentare
1071 1232 1237 1296 videretur
1251 1231 1453 1295 contrariam

332 1335 536 1411 sententiam,
567 1335 647 1398 alias
678 1337 872 1414 negativam,
893 1334 974 1399 alias
995 1333 1233 1398 affirmativam.
1258 1330 1451 1396 Theodorus

334 1455 476 1518 namque
501 1435 679 1504 Caesareas
699 1437 864 1519 depositas
886 1436 999 1503 luisset
1012 1456 1052 1502 eo
1073 1436 1160 1519 quod
1182 1435 1369 1498 damnasset
1392 1435 1450 1498 tria

336 1537 506 1620 Capitala3
540 1536 746 1602 Sebastianus
767 1546 799 1602 et
820 1536 975 1604 Rusticus
1002 1558 1046 1604 ex
1066 1538 1204 1602 adverso
1224 1539 1449 1616 excommnni-

336 1642 412 1718 cati,
429 1639 519 1720 qaod
543 1642 604 1704 tria
626 1639 842 1708 defendissent
862 1639 1025 1722 Capitale,
1040 1649 1073 1706 et
1093 1648 1205 1706 contra
1227 1640 1370 1720 egissent
1391 1638 1448 1702 Ja-

337 1743 493 1808 dlcatam.
519 1741 654 1823 lasaper
674 1744 706 1807 in
725 1743 845 1819 litteris
875 1740 917 1804 ad
932 1740 1104 1806 llustlcam
1126 1740 1340 1804 nominantur
1352 1737 1450 1804 dosa-

338 1863 394 1910 nes
416 1846 627 1921 marsicanus,
643 1843 796 1910 latisana
820 1842 1024 1924 cingulanae,
1046 1840 1231 1906 Zacchaeus
1254 1841 1450 1906 scillaoeaas

336 1946 455 2010 iratres
476 1951 509 2011 et
532 1945 714 2027 coepiscopi
735 1943 857 2030 aliique
878 1962 953 2009 cam
970 1942 1088 2025 Vigilio
1109 1951 1180 2008 acta
1201 1943 1451 2021 comprobantes

336 2048 494 2112 adsersus
523 2046 651 2113 eosdem
684 2046 856 2112 Rusticum
877 2055 910 2112 et
929 2047 1192 2113 Sebastianuma
1223 2047 1450 2111 commuuione
1518 2055 1519 2060 ’

338 2168 523 2231 suspensos,
545 2149 632 2230 quod
654 2148 844 2214 iudicatum
866 2149 934 2229 (abi
955 2167 993 2212 ea
1015 2148 1269 2229 proscribuntur
1288 2147 1450 2228 Capitalal

340 2253 605 2333 contempserint,
622 2253 702 2318 haec
717 2251 932 2318 defendentes.
951 2249 986 2314 ln
1003 2250 1175 2337 Eacpelica
1192 2269 1274 2315 raro
1294 2250 1392 2314 tidem
1407 2249 1450 2312 la·

337 2364 461 2438 gantur
489 2354 630 2421 ioannes
662 2356 875 2432 marsicanus,
904 2356 1089 2420 zacchaeus
1115 2353 1329 2429 scillaceaass
1350 2350 1451 2417 lalia-

337 2459 613 2540 nuseiagalanas
641 2457 759 2524 iratres
788 2467 823 2524 et
851 2457 1046 2538 coepiscopi,
1073 2453 1192 2537 vigilia
1214 2454 1401 2518 adhaesisse
1420 2454 1449 2516 ta

339 2561 676 2627 excommunicatione
697 2558 860 2626 Theodori
881 2557 1073 2634 Caesareae,
1104 2557 1192 2640 qaod
1216 2558 1280 2623 tria
1302 2555 1450 2636 Capitale

339 2661 534 2741 damnasset,
556 2663 626 2743 ipso
646 2660 766 2744 vigilio
796 2662 980 2728 obsistente.
1003 2659 1099 2738 Quod
1130 2659 1263 2742 quidem
1292 2659 1378 2724 adea
1397 2657 1451 2722 mi·

340 2781 416 2830 rata
437 2773 498 2841 est,
521 2773 558 2830 nt
578 2763 767 2830 incredibile
789 2771 972 2844 reputatur.
1090 2787 1105 2826 r

421 2865 610 2944 Undecimo,
638 2865 787 2947 Pelagius
809 2864 850 2928 ll.
871 2867 904 2930 la
926 2865 1041 2931 litteris
1062 2864 1101 2928 ad
1126 2863 1230 2930 liliam
1252 2865 1403 2946 aliosque
1423 2859 1448 2924 l·

339 2969 441 3034 striae
462 2973 642 3052 episcopos,
660 2967 768 3050 Vigilii
789 2979 861 3035 acta
876 2978 1051 3034 contexens
1072 2971 1104 3032 ia
1124 2969 1315 3048 quaestione
1338 2968 1449 3031 horam

342 3069 572 3151 Capitulorum
592 3088 631 3134 ac
651 3070 834 3136 summatim
855 3059 1014 3148 accipiens
1029 3070 1276 3150 redargutiones
1296 3071 1358 3136 sibi
1379 3087 1448 3150 pra-

341 3172 462 3253 positas
482 3171 524 3234 ab
545 3188 583 3234 ea
605 3168 755 3250 Capitale
784 3170 1040 3248 defendentibus,
1066 3179 1156 3236 notat
1184 3190 1261 3236 sane
1284 3170 1392 3254 Viguit
1412 3169 1448 3232 ab
1518 3229 1519 3232 ,

341 3273 433 3340 initio
450 3275 662 3340 resistentiam
678 3273 761 3338 iniis
777 3273 977 3350 damnandis,
991 3275 1112 3356 qnippe
1128 3275 1213 3338 baad
1229 3275 1308 3338 satis
1323 3276 1352 3338 ei
1368 3283 1448 3354 pata·

342 3383 415 3441 reat
428 3377 625 3458 quaestionis
647 3376 787 3451 termint,
807 3376 908 3440 velati
923 3375 1038 3440 deludo
1053 3377 1150 3441 rebas
1165 3377 1378 3456 investigatis,
1399 3395 1448 3438 nn·

343 3483 389 3542 tat
404 3475 692 3558 promptitudinem
708 3475 867 3540 adsersus
881 3494 918 3541 ea
940 3477 1175 3542 manilestatam
1192 3494 1252 3557 per
1265 3475 1447 3542 dedicatum

343 3575 482 3644 bleranae
503 3577 637 3642 datamr
659 3586 784 3642 ceteras
801 3595 879 3642 vero
894 3594 1119 3660 quascumque
1139 3581 1298 3659 praeterit
1319 3579 1448 3644 cimam·

342 3679 477 3744 stantias
492 3678 531 3742 de
545 3678 717 3744 tasttntant
732 3685 766 3744 et
787 3677 924 3742 bleranae
944 3679 1077 3745 dissidio
1097 3699 1171 3745 cum
1194 3680 1316 3763 vigilio
1337 3681 1375 3746 de
1392 3681 1446 3742 ha·

341 3780 396 3860 jas
417 3777 523 3859 Papae
541 3779 766 3854 inconstantia,
788 3787 821 3844 et
841 3782 1084 3854 retractatione,
1108 3781 1148 3845 de
1165 3780 1447 3856 connuncupata

341 3879 506 3945 violentiis
521 3880 553 3942 in
567 3879 730 3954 eamdem,
747 3879 787 3944 de
801 3880 899 3962 hnjas
915 3881 1195 3960 obtestationibus,
1211 3883 1252 3948 da
1272 3885 1446 3949 anathema·

346 3989 390 4055 te,
417 3980 457 4044 de
479 3982 688 4062 suspensione
719 3983 948 4062 episcoporum
968 3983 1190 4062 orientalium,
1218 3986 1307 4066 qaod
1338 4004 1372 4048 ea
1390 3981 1445 4046 ee

345 4081 448 4163 pitala
471 4080 663 4146 damnarint.
694 4081 787 4175 Quae
807 4087 835 4148 sl
851 4101 927 4148 uera
951 4085 1096 4160 luissent,
1113 4103 1172 4150 nec
1191 4105 1210 4150 a
1231 4083 1443 4150 daleasoribas

345 4185 630 4262 praetermittenda
651 4191 758 4262 orant,
780 4188 902 4268 qnippe
924 4195 1002 4250 tanc
1023 4205 1132 4251 caram
1156 4185 1287 4268 Pelagio
1310 4181 1443 4248 liraldo
1518 4209 1519 4252 t

343 4277 575 4364 proiecissent,
606 4303 712 4368 aeque
743 4285 784 4352 ab
806 4288 875 4368 ipsa
898 4283 1030 4370 Pelagio
1051 4286 1240 4369 omittenda,
1262 4287 1318 4372 qui
1339 4285 1367 4350 ia
1386 4279 1439 4346 ha'c
1518 4285 1519 4340 ὲ
