3042 4940
317 493 404 578 dgml
429 494 549 559 sertem
581 500 612 558 et
633 494 773 559 dissitam
795 496 1000 576 praeseferre
1033 497 1195 561 aetateme
1216 491 1367 559 necoda
1387 507 1428 556 ra·

317 595 403 657 tione
417 611 486 658 esse
507 594 732 660 eonlnndenda
750 599 911 678 cujusque
933 595 1067 662 Couellii
1087 606 1171 662 acta.
1190 596 1233 661 lit
1247 595 1430 675 quidemia·

318 693 418 760 dubie
447 704 571 761 constet
600 699 641 760 eb
661 715 744 762 euno
774 697 845 765 536.
869 699 899 763 in
921 697 1066 766 Concilio
1094 697 1429 778 constantinopolitam

320 796 485 862 damnatos
508 800 605 864 luisse
626 801 818 882 ecepbalos,
841 819 983 882 quorum
1005 802 1174 865 enntbema
1195 799 1431 880 subsignarerrt

317 899 484 981 Agupetus
506 900 612 984 Papus
645 911 677 966 et
698 905 754 969 ubl
775 905 854 968 nibil
884 911 994 968 uotum
1015 911 1065 967 est
1084 903 1124 967 de
1157 902 1260 966 tribus
1280 898 1430 981 Capitulis

318 1019 378 1065 nec
399 1001 440 1066 de
459 1000 610 1082 Origene.
634 1002 755 1069 Deinde
777 1006 862 1070 circa
883 1022 1003 1070 aunum
1018 1001 1089 1070 538.
1105 1004 1137 1068 iu
1158 1002 1362 1066 monasteriis
1384 999 1432 1063 l’r-
1512 1051 1513 1056 ,

317 1102 474 1168 laestinue
494 1106 644 1171 innovata
666 1114 714 1171 est
745 1109 892 1188 quaestio
914 1108 954 1171 de
983 1105 1136 1188 Origene,
1159 1102 1359 1186 quibusdam
1380 1117 1430 1181 pro

320 1223 361 1269 eo
382 1207 551 1283 stantibus,
574 1209 644 1274 aliis
670 1209 975 1284 contradicentibus,
990 1215 1028 1272 ut
1047 1207 1131 1270 iutra
1152 1206 1318 1270 dicemus:
1342 1219 1431 1284 quae·

318 1323 384 1388 que
405 1308 535 1371 ridetur
563 1327 669 1390 usque
689 1310 729 1374 od
751 1327 848 1374 aures
874 1308 1045 1374 iustiniani
1069 1307 1187 1372 delata.
1222 1303 1312 1370 Rrec
1333 1311 1431 1367 tanen

320 1411 480 1489 quaestio,
498 1410 631 1474 testibus
652 1409 804 1475 liberato
818 1417 850 1475 et
866 1409 1033 1486 Facundo,
1055 1427 1114 1472 uec
1128 1423 1204 1472 cum
1221 1404 1350 1470 beeresi
1371 1421 1432 1468 acc·

322 1508 495 1589 pbelorum
518 1511 651 1575 contuse
673 1521 733 1590 est,
756 1529 815 1577 nee
835 1529 910 1575 cum
932 1512 1036 1575 tribus
1057 1509 1226 1590 Capitulis.

402 1607 505 1674 Paulo
524 1621 607 1692 post,
623 1619 737 1678 exerta
755 1613 853 1678 trium
869 1611 1095 1694 Capitulorum
1111 1618 1221 1685 cause,
1243 1609 1380 1674 sennim
1397 1606 1432 1670 rb

321 1711 384 1775 elia
397 1714 628 1794 acephalorum
640 1722 671 1779 et
682 1715 944 1796 origenistarum,
961 1719 1157 1796 pertractata
1170 1719 1203 1775 et
1214 1711 1369 1792 expedita
1380 1707 1432 1774 leit

322 1817 355 1877 ln
376 1811 505 1896 Synodo
526 1817 730 1880 oecumenica
755 1813 793 1880 V.
817 1817 902 1878 eirea
924 1831 1043 1879 annum
1065 1809 1134 1883 55t.
1154 1815 1201 1877 uti
1223 1810 1432 1876 manifestissi-

326 1917 385 1978 mis
406 1919 605 1997 argumentis
624 1917 775 1998 superius
797 1917 998 1982 deciaratum
1015 1924 1072 1980 est.
1087 1913 1254 1991 Similiter,
1276 1913 1379 1978 veluti
1397 1929 1432 1974 er
1514 1935 1515 1944 ¹

324 2015 509 2078 testimonio
522 2015 685 2080 Eustetbli
705 2018 738 2080 in
755 2018 819 2080 ritu
840 2017 992 2102 Eutpcbil
1009 2015 1225 2097 patriarchae,
1241 2020 1273 2077 et
1287 2031 1328 2078 ea
1344 2012 1435 2079 Clue-
1514 2059 1515 2088 ,

322 2117 395 2179 uico
418 2111 558 2180 Victoris
580 2118 778 2196 tununensis,
801 2118 971 2182 duodecim
987 2119 1119 2182 circiter
1136 2132 1235 2180 aunon
1256 2121 1329 2195 post
1344 2113 1435 2199 Speo-

324 2217 401 2282 dum
418 2216 456 2281 V.
481 2220 565 2283 inter
585 2221 760 2283 menecbos
781 2211 1029 2301 palaestinensis
1050 2227 1209 2285 commota
1226 2224 1275 2281 est
1294 2217 1432 2297 quaestio
1514 2249 1515 2254 κ

324 2318 365 2380 de
386 2320 692 2400 incorruptibilitate
723 2325 871 2402 corporis
902 2321 1022 2386 Christi
1043 2327 1117 2385 aute
1146 2319 1433 2383 resurrectionen:

324 2419 377 2480 eui
400 2422 581 2500 quaestioni
612 2425 770 2489 associata
791 2429 840 2486 est
866 2424 970 2487 altera
1002 2423 1042 2486 de
1062 2421 1217 2502 Origene,
1249 2417 1391 2502 Evagrio
1407 2423 1435 2481 et

326 2517 475 2604 llidyme,
497 2521 537 2584 do
558 2539 621 2602 qua
645 2523 726 2588 iutra
747 2523 985 2604 disputabiture
1012 2523 1138 2588 «duno
1157 2519 1207 2588 39.
1229 2521 1357 2603 imperii
1376 2517 1431 2594 sni,

321 2620 523 2686 lastinianus
546 2621 743 2706 Eutyebium
775 2625 1154 2706 constantinopolitanum
1176 2625 1365 2704 episcopum
1385 2620 1432 2682 da·

322 2734 505 2788 mentorem
531 2727 629 2789 trium
660 2726 888 2808 Capitulornm
910 2737 942 2792 et
965 2727 1096 2809 Evagrii
1129 2724 1286 2789 eremitae
1306 2721 1434 2795 diaconi,

327 2835 360 2890 et
382 2823 509 2911 Digdmi
531 2829 677 2891 monachi
699 2836 732 2892 et
758 2819 950 2894 contessoris
973 2829 1186 2904 alexandrini,
1209 2845 1351 2907 quorum
1371 2825 1435 2888 lra-

326 2927 382 2991 das
402 2945 503 3008 supra
524 2929 701 3004 illustrium
724 2932 870 2994 virorum
892 2951 934 2995 ex
955 2932 1150 2995 auctoritate
1179 2927 1389 3011 protulimus,
1405 2943 1434 2989 e-

328 3029 410 3093 xilio
424 3029 532 3109 dirigit
542 3049 555 3110 ;
571 3039 601 3095 et
623 3049 683 3113 pro
704 3051 744 3096 eo
764 3031 921 3098 loannem
946 3032 1091 3116 ejusdem
1106 3030 1229 3096 erroris
1244 3028 1433 3094 consimilem

328 3130 515 3212 episcopum
532 3131 648 3195 lecit.»
663 3131 758 3211 Quod
781 3133 864 3198 idem
888 3143 1026 3200 testatur
1043 3133 1228 3215 praedictus
1251 3129 1432 3196 Eustrtbius

330 3249 360 3296 c.
385 3230 439 3295 lv.
461 3253 491 3297 n.
517 3232 811 3312 auennensem,
836 3243 869 3301 et
899 3253 1014 3302 eorum
1045 3236 1144 3313 testis,
1171 3251 1259 3314 quoe
1287 3231 1328 3296 ob
1357 3229 1433 3294 bruc

329 3338 549 3415 quaestionem
571 3347 749 3402 creuerunt
768 3340 801 3402 iu
818 3335 906 3404 Urbe
926 3340 1028 3420 regie.

405 3439 462 3503 llis
484 3441 596 3520 ltaque
617 3442 705 3505 clare
727 3439 875 3520 expensis
899 3440 938 3504 de
961 3438 1113 3519 temporis
1136 3435 1307 3512 varietate,
1327 3429 1432 3514 quoi·

325 3547 393 3602 stae
415 3549 519 3603 motae
537 3549 613 3604 suut
627 3543 842 3622 quaestiones,
864 3539 950 3605 etde
966 3540 1121 3621 perso'nis,
1137 3554 1223 3619 quae
1245 3537 1302 3600 bus
1321 3533 1434 3598 exeita-

328 3646 418 3718 runt,
433 3640 588 3704 distinctis
608 3643 702 3718 adeo,
719 3648 756 3706 ut
777 3642 956 3706 nullimode
978 3639 1222 3706 contundendae
1243 3638 1284 3700 sb
1303 3634 1431 3698 invicem

329 3743 405 3818 aiut,
423 3742 462 3804 ed
485 3743 558 3806 illos
571 3743 739 3807 relerenda
759 3749 808 3808 est
831 3744 990 3818 conlusio,
1007 3743 1062 3824 qui
1077 3743 1119 3805 ab
1142 3739 1289 3806 Ecclesia
1308 3736 1432 3799 ruatbe-

326 3843 481 3918 malleati,
498 3842 528 3905 iu
547 3843 658 3906 odium
680 3853 713 3908 et
733 3845 888 3908 ultionem
909 3843 1170 3907 ortliodeaorum
1193 3841 1432 3904 insurrexerunt
1514 3907 1515 3928 1

273 3991 277 4000 .
325 3949 397 4006 eota
419 3941 549 4026 Synodt,
562 3943 600 4009 V.
622 3960 757 4028 quoquo
778 3946 875 4009 modo
894 3946 1118 4026 depravantes.
1150 3942 1216 4008 Alii
1237 3941 1317 4006 enim
1337 3937 1431 3999 iutro
1514 3931 1515 4010 l

325 4043 505 4119 duxeruut,
522 4045 602 4121 disi,
617 4045 649 4107 iu
667 4043 796 4128 Spuodo
815 4043 982 4108 damnatos
1003 4042 1188 4124 Origeuem,
1212 4037 1382 4119 Evagriuru
1401 4041 1431 4098 et

324 4144 512 4228 llidymum,
534 4147 671 4222 omissis,
692 4145 748 4226 qni
772 4162 884 4226 reapse
906 4146 1074 4210 anathema
1095 4145 1237 4217 subtere,
1261 4141 1353 4204 trium
1375 4133 1430 4200 Cu-
1514 4139 1515 4200 t

309 4246 507 4329 ›pitulorum
529 4246 843 4315 ceremonensem
865 4255 999 4314 cunctos
1019 4247 1115 4314 simul
1131 4246 1163 4310 iu
1185 4242 1293 4310 eedem
1306 4236 1429 4323 §mode
