3138 4950
1194 363 1256 462 ies

144 487 246 554 ctione
273 495 417 568 testntnr,
446 487 602 554 stultitius
627 509 703 556 suna
725 507 857 556 cunum
884 511 981 574 agens
1004 495 1209 576 [uribundus.
1236 517 1253 556 n

1 637 16 669 ,ἶ
146 589 276 654 Ceruite
301 610 377 655 nunt
400 593 480 654 baec
498 592 575 672 jure
596 591 729 672 Origcni
756 592 957 658 inscribenda
979 597 1053 674 sint,
1084 616 1124 659 an
1147 599 1255 679 potius

1 743 15 765 ,.
148 691 350 774 'lbaopbiloc
379 695 434 774 uni
466 693 638 757 immodico
670 694 742 756 zelo
782 704 904 772 motus,
937 697 1151 772 inconsultus,
1177 719 1257 779 pru·

0 843 17 867 ‚
147 795 292 860 dentium
307 795 448 858 consiliis
463 795 632 874 despectis,
648 797 846 875 argumentis
868 815 947 860 usus
963 799 1255 878 irrationabilibus,

149 915 229 959 usne
252 897 402 960 inductus
431 897 705 977 praesumptione,
728 896 802 960 odio
823 904 854 960 et
876 898 1001 963 ultione
1022 901 1193 978 insaniens,
1216 919 1256 966 ac

142 998 301 1062 stultitiae
331 1015 410 1060 snae
430 1014 565 1062 currum
587 1014 683 1077 ageos
705 997 912 1073 furibundus,
942 999 972 1062 in
999 1001 1106 1064 virum
1135 1003 1258 1083 irrupit

2 1142 18 1196 ὲ,
143 1099 266 1162 nullius
289 1099 472 1176 haereseos,
488 1117 545 1161 nec
568 1098 709 1163 criminis
730 1117 836 1162 reum:
854 1117 892 1162 ac
912 1117 976 1198 una
999 1110 1187 1166 sauctorum
1210 1106 1257 1170 ri-

3 1261 12 1283 „
142 1218 259 1264 rorum
279 1201 410 1276 choros,
426 1201 519 1281 quasi
540 1199 609 1262 iera
625 1201 743 1264 deserti
764 1210 882 1263 cuncta
903 1200 1090 1282 depascens,
1107 1223 1125 1266 e
1147 1223 1258 1270 mona·

12 1360 18 1383 ¹
141 1303 248 1366 storiis
262 1304 329 1364 suis
349 1302 511 1382 dispersit3
534 1302 590 1382 qui
611 1321 651 1364 eo
673 1319 777 1381 usqne
797 1301 939 1366 Orientis
953 1310 986 1368 et
1005 1301 1189 1370 Occidentis
1203 1324 1258 1370 ac·

142 1404 289 1468 niterent
308 1404 553 1466 admirationem
575 1403 617 1466 ob
638 1401 852 1466 excellentem
876 1404 1012 1468 illorum
1034 1405 1198 1486 pietatem,
1221 1406 1257 1470 u-

3 1498 17 1571 ’.
141 1506 261 1586 deique
279 1507 492 1570 sanctitatem.

224 1606 410 1686 Quaerere
432 1607 603 1688 bucusque
613 1605 790 1687 sapientiae
812 1613 938 1672 vertrae
950 1607 1076 1690 judicio
1091 1609 1195 1674 obtuli
1216 1607 1258 1672 de

142 1712 284 1792 Origene
306 1710 550 1786 consideranda,
566 1709 762 1773 cumulanda
782 1712 912 1773 veniunt
927 1728 969 1773 ex
991 1723 1151 1793 perpetuo
1168 1709 1256 1790 apud

138 1815 241 1902 tyrios
262 1814 478 1878 invalescente
499 1812 694 1887 testimonio,
717 1814 748 1876 in
769 1831 912 1893 quorum
935 1815 1017 1877 urbe
1032 1814 1187 1878 diuturne
1209 1813 1256 1876 ri·

5 1907 13 1991 2
140 1921 192 1982 xit
207 1937 244 1983 nc
266 1925 417 1983 mortuus
432 1924 499 1996 est;
520 1923 554 1978 et
575 1916 660 1996 apnd
677 1934 760 1997 qnos
776 1916 964 1980 traditiones
986 1923 1074 1980 tauto
1096 1918 1168 1980 riro
1183 1933 1258 1995 pro·

136 2023 235 2102 pitiae
249 2039 414 2100 nunqnam
429 2027 597 2082 cessarunt
618 2021 648 2083 io
671 2021 826 2098 propositi
842 2020 942 2089 nostri
964 2018 1255 2084 confirmationem.

139 2123 258 2188 Petrus
272 2121 457 2186 Halloixins
470 2119 638 2184 societatis
649 2119 741 2195 iesu,
755 2123 811 2202 qni
831 2122 954 2186 cunctis
970 2139 1072 2200 usque
1088 2120 1184 2186 modo
1201 2140 1259 2184 ex·

139 2226 255 2289 coltoit
268 2227 299 2286 iu
310 2223 459 2303 Origonis
474 2221 642 2304 apologiae
653 2239 753 2301 opere
766 2222 923 2298 oarauda,
934 2221 1033 2286 Libro
1048 2223 1202 2302 inscripto
1215 2220 1258 2286 0-

139 2327 265 2408 riyenes
286 2327 440 2407 defensus,
463 2326 502 2386 de
523 2325 700 2407 sepulchro
722 2324 811 2389 illius
834 2325 913 2389 baec
933 2325 965 2387 in
986 2326 1069 2390 notis
1084 2345 1113 2388 c«
1134 2323 1255 2390 xxllt.

143 2429 262 2494 tradit:
280 2449 296 2488 a
312 2427 508 2492 Guilielmua
532 2429 648 2511 tyrius,
666 2427 793 2506 insignis
813 2428 966 2508 scriptor,
988 2429 1043 2506 qui
1058 2427 1158 2508 ipsius
1178 2427 1258 2492 civi·

143 2531 217 2594 tatis
231 2527 309 2613 Tyri
327 2529 387 2592 init
399 2529 665 2609 archiepiscopus
686 2547 790 2610 eaque
804 2528 944 2609 scripsit,
962 2547 1046 2610 qnae
1061 2530 1166 2592 oculis
1187 2531 1255 2594 suis

5 2620 11 2629 ’
142 2634 235 2707 vidit,
258 2632 425 2695 historiam
448 2631 576 2710 scripsit
600 2629 643 2694 Dr
662 2631 741 2694 batto
760 2649 851 2696 sucro
880 2632 973 2696 libris
997 2633 1105 2713 viginti
1128 2631 1231 2696 tribus
1244 2651 1256 2713 ·‚

0 2729 2 2740 '
139 2735 329 2814 inquorum
345 2731 469 2796 decimo
493 2734 588 2795 tertio
611 2732 681 2796 inse
703 2721 856 2796 describit
877 2752 969 2798 sunm
986 2733 1190 2818 Tyrum5ac
1210 2735 1257 2799 in·
1327 2731 1331 2739 ’

138 2835 291 2900 toralias
312 2835 383 2916 ejus
404 2834 530 2910 laudes,
555 2835 637 2896 banc
657 2834 842 2898 interscritc
866 2833 953 2898 anc
972 2837 1077 2898 eudem
1097 2843 1125 2899 ct
1149 2835 1259 2916 Origo·

139 2935 196 3000 nis
216 2955 330 3016 corpus
350 2936 499 3011 occultat,
520 2931 605 2998 sicut
624 2934 750 2996 oculato
763 2935 825 3015 fide
844 2935 945 2998 etiarn.
957 2928 1138 3000 tocie'ttcn
1157 2935 1259 3017 inspi-

139 3057 217 3102 cere.
234 3059 251 3096 n
269 3037 310 3101 Et
324 3039 388 3102 buc
411 3045 544 3101 revocat
558 3055 584 3099 s.
604 3033 792 3119 Hieronymi
809 3037 1037 3110 testimoninm,
1054 3040 1112 3118 qni
1125 3039 1170 3101 ait
1185 3039 1260 3103 Ori·

140 3157 254 3218 genem
276 3137 354 3223 Tyri
385 3146 563 3202 mortuum.
590 3137 757 3202 Scribebat
778 3146 902 3214 sutem,
922 3140 1032 3202 subdit
1053 3137 1256 3216 Halioixius,

141 3238 339 3304 Gnilielmus
354 3258 436 3302 anno
459 3237 579 3303 Cbristi
601 3240 733 3303 circiter
748 3233 839 3305 11811.
857 3258 922 3319 quo
940 3248 1085 3319 tempore
1105 3241 1258 3305 oculatus

141 3343 204 3405 luit
227 3345 314 3406 tostis
335 3343 501 3422 sepulchri
523 3341 682 3422 Origenis.
699 3341 745 3405 De
766 3361 833 3422 quo
850 3342 1028 3422 sepulchro
1050 3351 1180 3406 centnm
1202 3361 1259 3406 an·

141 3447 190 3509 nis
212 3454 283 3524 post
303 3445 417 3507 similia
439 3446 567 3527 scripsit
588 3443 769 3509 Jacobusa
794 3443 936 3507 Vitriaco
957 3444 1129 3508 cardinalis
1150 3445 1182 3507 in
1201 3443 1259 3507 Hi·

139 3549 241 3610 storio
257 3566 315 3610 soa
339 3547 639 3629 hierosolymitana,
655 3554 687 3610 et
707 3547 762 3611 alii
778 3555 850 3628 post
865 3563 940 3609 enm
960 3546 1121 3611 similiter.
1138 3545 1182 3610 Et
1201 3563 1260 3610 no·

144 3650 289 3712 minutim
311 3648 521 3713 Borcbardns
544 3647 675 3712 Ordinis
697 3667 721 3711 s.
746 3647 903 3710 Dominici
928 3648 1113 3724 religiosus,
1136 3650 1193 3727 qni
1216 3649 1262 3710 vi·

142 3752 192 3815 sit
213 3755 299 3816 circa
321 3768 441 3814 aunum
462 3749 591 3813 Domini
604 3747 695 3815 1283.
712 3752 745 3812 in
766 3746 978 3828 descriptione
994 3747 1108 3812 Terror
1129 3746 1262 3814 Sanctae

141 3872 171 3917 c.
197 3852 238 3919 ll.
261 3873 292 3916 n.
313 3851 344 3918 5.
362 3854 439 3917 dum
461 3853 526 3933 agit
547 3853 587 3914 do
610 3852 691 3914 urbe
713 3849 813 3930 Tyro,
836 3851 880 3912 itu
902 3857 1015 3914 notat:
1041 3847 1202 3931 Origenes,
1224 3850 1261 3914 in

144 3952 228 4036 Tyro
242 3954 277 4018 in
294 3953 401 4018 suncti
414 3951 580 4034 Sepnicbri
600 3949 729 4014 ecclesia
750 3950 838 4032 jacet
853 3949 975 4031 pariete
994 3951 1185 4016 concinens:
1208 3969 1263 4014 cn·

138 4055 196 4136 jus
216 4054 346 4118 titulum
368 4063 397 4118 et
417 4054 486 4118 nidi
507 4063 534 4116 et
556 4051 628 4133 legi.
643 4072 660 4110 n

227 4155 410 4219 barnardus
438 4157 477 4219 de
507 4154 729 4219 Bredembacb
756 4153 964 4232 moguntinae
987 4149 1152 4215 Ecclesiae
1170 4150 1263 4214 decr·

143 4277 203 4323 rsus
230 4260 259 4320 in
282 4259 389 4340 Opere
411 4255 648 4336 transmarinae
665 4254 945 4337 peregrinationis,
968 4255 1007 4318 de
1028 4251 1106 4337 Tyri
1132 4255 1261 4338 civitate
