3066 4950
103 525 228 596 notor,
250 521 367 601 quibos
390 519 525 603 vigilios
546 521 588 586 ab
607 521 698 587 initio
723 519 848 586 dicitnr
870 520 1098 602 capitularem
1120 525 1213 586 resti-

104 623 176 687 tisse
197 623 413 702 damnationi;
434 643 472 688 nc
493 624 620 700 deinde,
634 622 736 687 semel
757 640 816 704 per
835 622 1002 688 decretum
1027 623 1211 704 pontilcata

101 723 267 803 obsignato
286 726 502 798 anathemato,
521 724 700 790 nullimode
721 734 831 807 postea
852 741 890 788 ac
921 742 1088 804 nunqnam
1109 725 1151 786 ab
1170 743 1211 788 ao

100 826 276 890 recessisse.
291 823 374 892 Cum
388 835 496 891 antem
512 827 715 908 suppositum
730 826 896 892 decretum
910 824 1072 908 Entpcbio
1082 827 1207 902 datum,

100 931 204 990 teneat
224 928 333 990 locum
356 936 428 1007 post
449 928 529 991 illud
550 929 694 992 solemne
715 927 957 1006 Constitutum3
980 946 1020 991 ac
1040 927 1113 992 inde
1133 945 1209 992 con·

97 1033 160 1091 stet
175 1025 283 1107 vigilii
305 1029 414 1094 illusio
435 1048 473 1092 uc
485 1030 674 1094 instabilitas
695 1049 736 1094 ex
757 1048 817 1094 sua
838 1031 971 1109 propria
993 1029 1205 1105 confessione,

98 1128 194 1192 ntodo
214 1129 406 1204 defensioni,
428 1149 512 1196 nnnc
533 1132 761 1196 subscribentis
783 1132 882 1194 trium
904 1131 1130 1210 Capitnlornrn
1151 1131 1207 1191 da·

97 1232 274 1308 montinni;
297 1249 338 1294 ex
363 1232 413 1296 his
427 1249 559 1312 qunque
572 1233 737 1298 stabilitur
759 1231 976 1324 commentitia
1001 1231 1137 1312 epistole
1152 1231 1206 1294 de·

98 1331 228 1395 cretatis
249 1331 393 1412 ejusdem
415 1333 521 1413 Papae
542 1331 582 1396 ad
605 1333 814 1417 Eutycbium.

172 1431 216 1496 Et
237 1451 314 1497 sane
336 1434 435 1515 tquin
455 1440 488 1498 et
509 1435 563 1498 bic
584 1434 690 1498 obiter
710 1434 828 1509 dicam,
844 1451 903 1498 nac
923 1435 955 1496 in
977 1434 1038 1498 bac
1058 1431 1206 1514 supposi-

97 1533 286 1618 taepistoln
307 1535 485 1615 quidquam
516 1538 653 1616 reperiri
679 1537 719 1602 dn
742 1537 891 1616 Origenis
912 1535 1134 1612 damnatione)
1157 1551 1208 1598 sa·

97 1655 135 1700 ne
155 1646 231 1717 post
258 1638 354 1708 talern
381 1637 557 1702 solemnem
579 1640 610 1702 in
631 1639 815 1704 Constituto
844 1639 991 1702 emissam
1013 1637 1203 1702 declaratio·

97 1754 180 1813 nem,
209 1737 392 1802 absurdum
414 1739 601 1816 videretur,
625 1737 800 1819 vigilium,
823 1739 879 1803 rix
900 1757 1016 1802 novena
1046 1738 1206 1802 mensibus

96 1841 278 1918 transactis,
295 1859 480 1916 renovasse,
496 1841 673 1923 etquidem
687 1843 866 1905 sinecansa
881 1841 1022 1918 notoria,
1038 1843 1205 1905 decretum

96 1941 134 2004 de
149 1940 257 2004 tribus
271 1940 442 2021 Capitulis,
459 1950 492 2006 et
505 1943 761 2008 circumstantias
783 1942 990 2022 designando,
1005 1960 1088 2023 quas
1108 1943 1139 2005 in
1153 1961 1209 2006 ans

96 2039 254 2104 tecedenti
281 2041 384 2119 siluit,
413 2042 613 2122 potissimum
636 2044 798 2109 nonnullis
819 2046 1099 2120 matutinorum,
1121 2059 1206 2124 qnae

15 2195 16 2200 ,
94 2140 125 2202 in
144 2138 332 2206 Constituto
346 2143 484 2222 genuino
498 2143 594 2208 aliter
613 2143 770 2224 leguntur
790 2152 822 2208 et
834 2144 1074 2225 intelliguntur.
1092 2144 1127 2207 ln
1145 2145 1207 2208 boc

95 2260 238 2325 namque
258 2243 441 2310 Constituto
462 2262 564 2327 prope
594 2245 687 2310 finem
709 2246 853 2326 legitur:
882 2267 899 2306 a
920 2245 984 2310 Eos
1005 2254 1127 2321 autem,
1148 2247 1206 2326 qni

94 2355 325 2412 conservantes
339 2355 462 2412 rectam
476 2347 571 2412 fldem
585 2364 604 2411 a
619 2349 791 2428 praedictis
804 2355 949 2429 quatuor
962 2346 1098 2430 Synodis
1114 2364 1205 2429 pron·

15 2507 16 2536 ἶ
93 2447 246 2525 dicatam,
269 2454 447 2514 memorata
470 2449 533 2512 tria
554 2448 704 2528 Capitnla
725 2449 938 2525 damnorunt,
963 2449 1015 2512 vol
1036 2439 1202 2524 damnant,

94 2547 212 2614 iratres
234 2557 267 2614 et
287 2551 534 2616 consacerdotes
564 2550 731 2616 babemus.
756 2549 993 2633 anccnrnque
1025 2567 1116 2624 rsro,
1137 2550 1206 2614 sis·

94 2669 164 2715 nroo
181 2652 323 2727 nornine,
337 2653 407 2718 sire
422 2653 647 2734 quorumlibet
667 2673 727 2735 pro
747 2653 932 2719 detensionn
946 2661 1205 2718 memoratorum

94 2754 191 2816 trium
215 2752 444 2835 capitulorum
467 2756 594 2835 prolata
616 2756 748 2832 inerint,
766 2757 819 2821 rel
840 2757 1038 2837 ubicumque
1060 2765 1203 2836 reperta,-

91 2857 252 2938 praesenti
268 2865 376 2920 nostra
389 2857 562 2938 plenissimi
572 2855 744 2924 Constituti
755 2858 952 2922 anctoritate
963 2873 1203 2922 evacuamus.»

92 2953 127 3020 ln
147 2958 284 3038 epistola
304 2976 403 3037 porro
423 2957 579 3022 decretali
594 2966 704 3038 postea
726 2957 811 3022 edita
832 2958 953 3023 dieitur
966 2981 974 3022 a
988 2979 1004 3019 c
1020 2957 1204 3034 Quotcnnt·

91 3077 153 3139 qne
166 3077 261 3134 vero,
277 3061 332 3140 qni
349 3065 470 3124 rectum
487 3057 581 3122 fldem
595 3065 812 3124 serraverunt
824 3075 843 3121 a
857 3057 949 3123 dictis
961 3056 1097 3144 Synodis
1111 3073 1204 3137 praa·

93 3161 246 3236 dicatam,
264 3168 442 3226 memorata
465 3162 525 3224 tria
547 3159 695 3241 Capitnla
711 3159 917 3232 damnarunt,
937 3159 988 3222 rel
1010 3160 1106 3222 etiarn
1128 3177 1205 3224 con·

92 3259 256 3338 temnant,
279 3261 397 3326 iratres
416 3269 450 3325 et
470 3260 716 3326 consacerdotes
736 3274 805 3324 osse
826 3259 1006 3324 delinimus.
1024 3258 1112 3336 Quos
1130 3277 1204 3323 asro

90 3369 145 3424 cut
161 3383 183 3426 n
197 3381 246 3426 mc
265 3372 322 3425 out
342 3361 380 3426 nb
401 3361 477 3426 otiis
498 3362 538 3426 ad
553 3362 770 3426 defensionem
792 3361 891 3426 trintn
914 3351 1204 3440 Capitulorntn'la·

91 3469 140 3526 cta
161 3469 251 3540 sant,
274 3464 450 3543 praesentis
470 3463 570 3545 bnjns
596 3465 710 3544 scripti
738 3464 839 3526 nostri
862 3461 1045 3528 delinitione
1064 3479 1205 3527 ovacua-

91 3581 210 3630 rans.»

167 3663 298 3730 flororn
330 3666 441 3747 itaque
463 3665 546 3730 iacta
577 3666 751 3730 collatione
784 3665 973 3738 verborum,
996 3661 1205 3728 frandulenta

91 3781 205 3831 manns
228 3767 285 3828 tibi
307 3765 449 3845 patefiet,
466 3785 550 3846 quoe
573 3766 731 3830 vocabula
753 3765 877 3829 sincera
899 3781 1114 3844 quoecumque
1131 3779 1205 3832 nm

91 3866 154 3928 sine
169 3884 239 3928 meo
260 3866 597 3943 nominandorum
620 3867 747 3931 distulit
766 3864 955 3940 turmulam,
977 3865 1113 3939 scilicet,
1128 3881 1211 3944 pune

89 3981 159 4028 nero
173 3974 233 4029 not
246 3985 267 4028 n
282 3984 329 4028 ms
350 3973 411 4052 etc.
428 3965 520 4042 Quae
541 3967 640 4032 lectio
660 3966 904 4031 substantialem
921 3971 1011 4029 notat
1025 3965 1209 4044 discrepan-

91 4069 167 4132 tiam
189 4086 209 4132 α
231 4067 466 4147 prima.·dliud
489 4068 572 4130 enirn
595 4073 644 4130 est
663 4067 773 4130 dicere
793 4063 858 4128 sice
877 4082 943 4127 meo
963 4061 1103 4136 nominc,
1118 4070 1151 4127 et
1170 4079 1205 4126 a·

94 4170 162 4234 lind
184 4179 243 4234 not
261 4189 282 4233 a
302 4189 359 4232 me.
376 4169 411 4232 ln
433 4170 536 4251 prima
559 4168 698 4234 dictione
718 4168 855 4232 alterato
874 4183 892 4230 n
908 4165 1063 4230 Pontidce
1086 4181 1206 4248 boppo-

92 4273 137 4338 nit
156 4271 299 4354 scriptor
319 4289 510 4352 personam:
542 4287 627 4350 quae
647 4267 770 4351 aliquid
792 4275 910 4350 putans
931 4276 964 4330 et
987 4266 1138 4348 probans,
1160 4265 1208 4328 al·
