3066 4950
327 388 390 466 lidi

330 493 450 558 tissime
470 491 663 588 contutatur
683 489 724 552 an
741 487 911 554 Eustatlsio
935 491 1012 551 tuuc
1026 469 1303 566 Constantinopoli
1325 485 1360 546 sd
1374 482 1428 548 iln-

330 593 429 678 tyctrii
451 593 537 658 latus
558 593 697 674 degenti.
720 589 785 666 Qui
808 589 928 675 synodi
956 595 1047 670 gesta
1068 588 1111 665 pb
1137 587 1250 651 oculos
1275 585 1427 648 bamaria

179 717 187 739 ·
328 693 478 776 ejusdem
501 691 655 777 Eutychii
685 693 751 757 rita
772 711 803 756 a.
827 689 878 758 28.
904 685 956 756 ai.
988 689 1113 765 scribit,
1141 694 1285 770 quatuor
1310 687 1428 768 patriar·

328 797 421 870 onas,
436 797 466 862 in
482 794 601 877 quibus
622 793 789 876 ligitium,
804 790 965 858 dissolutis
985 788 1291 866 contraeundum
1308 807 1360 868 per
1376 789 1428 852 nie·

327 897 471 971 lentium,
503 914 560 960 nec
587 895 732 976 portium
760 893 904 962 studium
932 891 997 957 triu
1023 888 1172 972 Cupitnlu
1192 891 1355 954 densam
1371 905 1429 952 run
1507 915 1508 954 i

327 997 486 1062 eorditcrs
508 1015 547 1062 nc
562 998 674 1062 deinde
692 1014 809 1077 mupno
824 1015 896 1060 curn
909 993 1029 1078 puudio
1047 989 1193 1076 stapulas
1212 991 1381 1057 diremisse
1395 991 1429 1054 ud

329 1118 408 1166 suus
427 1097 571 1164 meliotis
592 1099 790 1179 cirpopuics.
1379 1179 1390 1188 ἐ

414 1200 572 1276 Quamvis
588 1211 711 1276 auteur,
728 1209 764 1268 nt
779 1200 864 1265 inira
878 1199 1019 1275 dicetur,
1036 1195 1228 1262 Eustatlrlns
1241 1199 1275 1262 iu
1289 1197 1349 1260 noc
1360 1193 1429 1261 Scri·

328 1309 385 1384 pto
410 1298 564 1386 Eutychii
585 1301 724 1368 cutcilat
759 1300 940 1366 doctrinam
961 1309 993 1364 et
1019 1300 1184 1380 pietatem;
1205 1303 1239 1363 ct
1259 1295 1429 1378 disputatio
1507 1327 1508 1370 p

328 1419 402 1466 uem
424 1400 463 1466 de
485 1401 725 1468 resurrectione
756 1401 863 1466 carnis
883 1418 958 1466 cnm
988 1417 1015 1463 s.
1037 1397 1198 1480 Gregorio
1219 1395 1308 1479 l'apa
1327 1395 1430 1461 duode-
1507 1413 1508 1416 ¹

331 1504 393 1566 cim
419 1504 487 1568 iere
508 1504 597 1566 anuis
619 1509 693 1586 post
714 1502 801 1568 celet
826 1505 835 1581 t
847 1505 879 1567 in
900 1520 964 1583 qna
988 1518 1103 1566 revera
1124 1519 1188 1566 nou
1208 1519 1252 1564 cx
1272 1499 1373 1564 auimo
1390 1515 1430 1561 er·

330 1607 417 1670 ravit
438 1593 646 1687 Eutychiusi3
674 1611 816 1672 attamen
835 1605 918 1670 liaeo
942 1605 1092 1684 quaestio
1105 1602 1146 1666 de
1162 1601 1265 1666 imbus
1286 1601 1365 1666 uotis
1383 1597 1429 1662 Ca·

332 1707 443 1788 pitulis
465 1707 592 1774 unitum
627 1707 730 1772 eidem
755 1705 1128 1772 Eustathiotaccssebat
1152 1703 1317 1785 negotium
1338 1699 1429 1767 occul·
1507 1687 1508 1704 ³

329 1807 431 1882 tandi,
450 1808 503 1870 val
521 1807 729 1888 pervertendi
749 1809 909 1872 sincerans
931 1806 1051 1892 Synodi
1075 1802 1114 1869 v.
1138 1805 1308 1870 historiam
1328 1805 1389 1868 sire
1404 1802 1428 1863 ia

331 1909 382 1984 ilis
408 1923 494 1988 tinae
514 1908 555 1972 ad
578 1906 797 1975 iustissimum
820 1909 1034 1989 pertinebant,
1059 1909 1128 1972 sive
1149 1906 1188 1970 ad
1214 1905 1365 1988 Vissiiineu
1383 1901 1429 1968 l’a·

331 2027 427 2092 pam:
446 2010 520 2077 cnm
542 2011 653 2077 omnia
677 2011 765 2076 testis
785 2011 853 2090 ipse
877 2010 966 2086 sidit,
992 2009 1296 2090 commendavitque
1317 2005 1431 2088 posteri·

332 2112 400 2178 icti.
421 2109 564 2191 ideoque
584 2128 626 2175 ex
648 2111 707 2176 iris*
721 2131 781 2194 pro
805 2111 938 2193 vigilio,
961 2121 993 2178 et
1015 2112 1156 2177 aliorum
1178 2112 1430 2176 documentorum

330 2213 528 2283 auctoritate
548 2211 709 2289 adauctis,
733 2215 903 2295 perspicue
925 2215 1025 2288 lucet,
1047 2213 1192 2279 iaisitate
1208 2231 1341 2294 quoqne
1357 2211 1430 2273 lain

331 2329 421 2391 rare,
448 2331 534 2394 quae
564 2313 722 2380 advorsus
747 2313 915 2397 Pelagium
942 2316 1148 2380 commentati
1168 2321 1247 2380 sunt
1275 2315 1368 2378 trium
1386 2307 1432 2374 ca·

331 2416 518 2500 pitulornm
540 2417 680 2497 patroni.

421 2517 592 2584 Praeterea
610 2517 646 2584 iu
667 2517 791 2583 cunctis
811 2516 932 2598 Pelagii
953 2516 1110 2598 epistolis,
1128 2535 1209 2599 quas
1230 2517 1264 2580 iu
1286 2516 1368 2584 Petri
1384 2513 1430 2579 tit·

341 2618 455 2686 thedra
476 2619 629 2697 assidens,
651 2620 793 2702 scripsit,
810 2621 939 2701 saepius
960 2621 1000 2684 dc
1022 2619 1082 2685 hac
1102 2623 1169 2702 agit
1189 2621 1391 2702 quaestioue3
1408 2615 1431 2678 in

329 2739 408 2803 ‚qua
425 2721 606 2794 firmissime
623 2729 722 2798 tenet,
738 2723 797 2788 etsi
812 2723 949 2787 admissa
965 2723 1064 2788 trium
1080 2721 1309 2803 Cupiinlnrum
1323 2721 1432 2784 damna·

217 2895 230 2920 ⁶
345 2827 443 2900 tione,
466 2826 686 2889 inconcussam
716 2842 908 2903 permanere
935 2824 1071 2890 Patruus
1091 2824 1386 2890 chalcedonensium
1405 2817 1431 2880 n·

333 2923 429 2992 dem:
447 2942 505 2988 nec
520 2923 626 2996 nilum
646 2924 773 3004 proteri
788 2925 953 3003 iudicium,
969 2944 1004 2992 sc
1018 2927 1215 3008 qunudoqnc
1227 2945 1304 2990 cum
1324 2931 1396 2988 essm
1407 2937 1432 2978 a·
1507 2923 1508 2964 ³

333 3026 565 3110 porretanus,
584 3034 644 3090 nui
658 3044 695 3092 ea
711 3025 889 3092 defendisse
904 3027 1066 3108 Capitnla,
1085 3037 1142 3091 aut
1157 3029 1332 3100 dubitasse,
1347 3023 1433 3104 proin·

341 3125 448 3210 deque
470 3133 674 3205 retractasse,
698 3147 782 3207 qnae
804 3139 897 3194 antea
919 3129 1105 3194 admiserat.
1126 3129 1162 3193 io
1187 3123 1432 3210 epistolatim

336 3232 511 3311 ‘episcopos
536 3227 675 3295 insciae
695 3231 762 3294 uit:
780 3252 796 3292 u
812 3233 895 3298 satis
917 3232 1025 3294 mirati
1045 3250 1159 3296 snmus
1181 3234 1223 3293 ita
1249 3249 1308 3294 ros
1326 3237 1433 3308 aposto
1507 3231 1508 3236 ’

342 3331 428 3400 linae
454 3333 659 3403 auctoritatis
679 3333 810 3410 oblitus,
833 3341 871 3398 nt
891 3333 1078 3400 divisionem
1103 3342 1241 3398 vestram
1264 3333 1305 3396 ab
1325 3332 1432 3395 unirer·
1507 3309 1508 3346 ³

343 3435 404 3502 sali
425 3434 572 3502 Ecclesia
594 3455 667 3501 mco
687 3436 786 3500 eiiam
803 3435 972 3502 volueritis
992 3437 1094 3517 (quod
1116 3437 1209 3510 absit)
1231 3427 1432 3500 conrecondi-

345 3535 635 3608 mart.ss....1t0c
654 3538 739 3602 enim
760 3537 938 3603 secundnm
961 3538 1172 3616 apostolicam
1192 3536 1373 3601 seutentiam
1391 3547 1432 3611 pa·

344 3638 406 3706 ruti
424 3656 538 3704 snmus
559 3637 598 3702 ad
619 3638 869 3704 satistactioucm
890 3641 977 3704 omni
1000 3641 1214 3719 pescenninus
1236 3639 1383 3702 rationem
1401 3631 1431 3690 dc
1507 3661 1508 3664 ¹

343 3757 394 3814 ea,
410 3758 495 3821 quae
510 3742 539 3803 in
555 3739 646 3804 nobis
661 3748 723 3814 cst,
743 3740 827 3804 tides
850 3740 926 3823 qnia
942 3741 974 3804 iu
994 3741 1088 3803 unito
1108 3759 1196 3803 aosa
1218 3739 1332 3804 sanetis
1349 3731 1432 3800 Petri

345 3844 418 3920 iius,
435 3843 636 3908 custodiente
658 3861 715 3906 nos
731 3841 837 3906 diviua
851 3845 967 3923 gratia,
979 3846 1191 3924 cognorimus
1205 3842 1345 3907 deviasse
1357 3845 1430 3901 etr.»

343 3944 426 4012 Gnru
449 3945 549 4025 igitur
564 3951 629 4008 tans
650 3944 805 4010 alacriter
820 3945 903 4010 naec
922 3944 1104 4010 obtestetur
1118 3944 1280 4024 Pelagius,
1300 3957 1360 4006 uon
1378 3947 1431 4000 tau·

345 4055 415 4112 turn
437 4063 454 4110 s
477 4065 511 4112 ss
532 4063 777 4128 quamcumque
795 4055 928 4114 amovet
957 4047 1172 4126 suspicionem
1194 4045 1234 4108 de
1260 4059 1317 4110 rua
1336 4043 1365 4107 in
1383 4039 1429 4100 lii

345 4147 535 4230 quamtinne
555 4149 767 4220 inconstantia
778 4169 791 4231 3
820 4165 935 4216 serum
956 4148 1053 4212 etism
1081 4147 1279 4230 putidorum
1301 4145 1330 4207 in
1349 4137 1429 4214 rnipo

343 4247 518 4316 artidcium
540 4248 710 4318 contundit
729 4247 889 4320 adsersus
913 4251 1067 4334 seipsum,
1089 4248 1182 4334 quasi
1204 4247 1270 4332 ipra
1289 4237 1429 4326 capitale
