3028 4942
329 507 400 554 mos
422 489 621 554 haereticum
642 497 674 554 et
694 492 829 555 adversa
856 489 929 554 ildei
951 490 1181 556 adstruentem.
1204 471 1344 556 Litterae
1365 509 1425 554 ver·

327 590 365 653 ba
389 591 521 654 tradunt
536 600 568 654 ct
587 609 721 672 scnsos;
743 597 768 656 si
786 603 914 672 possent
928 599 961 656 et
982 593 1078 656 iacies
1092 593 1294 672 loquentium
1309 593 1426 656 demon·

328 698 446 767 strare,
461 709 608 754 errorem
626 694 736 758 nullus
751 703 877 774 poterat
890 695 930 756 de
944 711 1079 774 persona
1098 693 1238 756 doctoris
1259 695 1426 757 incurrere.

330 789 412 855 Nam
429 799 460 854 ct
481 791 562 854 illud
582 794 761 856 cavendum
776 803 836 870 est,
853 794 941 874 quod
958 795 1196 874 (praesumpsit)
1212 794 1429 874 Ampulliaous

328 892 459 973 quidam
481 894 722 958 haeresiarches
738 894 919 978 Bithynius,
942 896 999 976 qui
1020 895 1157 959 docebat
1177 904 1249 974 post
1266 895 1429 975 Origeoem

330 992 509 1059 Ecclesiam
532 994 600 1060 liei.

411 1095 499 1162 «llic
512 1099 651 1162 incurrit
668 1099 763 1162 talem
780 1098 958 1174 haeresem,
972 1105 1008 1162 ut
1022 1097 1146 1163 diceret
1163 1115 1273 1162 omnes
1289 1099 1431 1161 crimino·

331 1215 383 1262 sos
403 1217 477 1262 unm
499 1199 630 1263 diabolo
650 1208 683 1263 et
703 1200 879 1263 daemoniis
899 1217 1046 1279 eousque
1070 1200 1103 1261 in
1124 1199 1266 1278 gehenna
1288 1199 1432 1278 decoqui,

333 1318 506 1381 usquequo
526 1303 601 1382 puri
624 1301 753 1375 redditi,
776 1302 896 1381 possint
916 1300 989 1364 inde
1009 1299 1121 1364 muudi
1136 1308 1168 1363 ct
1188 1300 1388 1364 immaculati
1406 1317 1433 1362 e·

330 1400 433 1481 gredi,
450 1401 490 1463 ad
513 1403 575 1464 hoo
595 1401 681 1482 qnod
700 1411 793 1465 antea
816 1402 945 1466 inerant
965 1401 1060 1464 alieni
1076 1419 1093 1462 a
1110 1401 1221 1482 culpa,
1239 1419 1301 1464 sno
1322 1403 1434 1465 iterum

331 1500 479 1564 Creatori
502 1503 639 1568 restitui.
669 1500 730 1566 llic
751 1504 828 1566 dum
850 1511 1047 1583 argueretur
1067 1502 1109 1564 ab
1130 1502 1305 1565 universali
1327 1500 1436 1566 Eccle-

331 1605 392 1676 sia,
414 1604 522 1682 eoepit
542 1604 691 1683 prolerre
712 1604 812 1668 libros
832 1602 994 1685 Origenis,
1017 1623 1100 1686 quos
1121 1605 1187 1684 ipse
1210 1605 1396 1678 vitiaverat,
1411 1613 1438 1666 et

333 1705 463 1768 dicere:
486 1725 551 1769 ecce
568 1707 647 1788 puio
664 1707 812 1788 Origenes
830 1706 879 1771 ito
890 1706 1003 1782 sensit,
1016 1716 1049 1771 at
1061 1708 1235 1788 praecipue
1252 1707 1283 1768 in
1298 1718 1437 1786 quatuor

334 1805 529 1872 Pericrcbon
550 1809 650 1872 libris.
673 1809 734 1876 Sed
754 1811 811 1890 qui
831 1812 899 1873 sani
920 1827 1031 1873 sensus
1052 1816 1112 1883 est,
1134 1816 1167 1871 et
1188 1808 1283 1871 babet
1303 1809 1438 1886 splendi-

333 1909 391 1972 dos
411 1910 537 1984 oeulos,
559 1911 605 1973 sic
620 1910 707 1973 videt
727 1911 834 1974 addita
855 1911 886 1973 in
901 1909 1048 1990 Origenis
1069 1909 1235 1990 opusculis
1257 1912 1341 1972 male
1364 1913 1436 1986 ista;

307 2067 309 2072 ,
334 2014 434 2090 atque
456 2011 619 2088 cognoscit
639 2012 734 2073 sicuti
755 2011 781 2072 si
805 2012 835 2072 in
855 2009 1001 2090 stragulo
1026 2011 1176 2074 coccineo
1196 2025 1318 2087 pannos
1339 2009 1438 2082 albos,

334 2117 393 2172 ant
414 2109 575 2190 cujusque
595 2108 731 2172 alterius
752 2109 871 2173 eoloris
891 2119 1002 2172 cernat
1022 2109 1165 2172 adiutos.
1193 2107 1288 2183 Quod
1311 2112 1357 2172 ita
1379 2127 1441 2173 esse

334 2228 360 2271 s.
385 2217 511 2292 martyr
534 2210 721 2293 Pamphilus
742 2212 859 2286 docet,
885 2213 942 2291 qui
964 2221 1137 2292 antequam
1160 2211 1199 2272 ad
1223 2214 1374 2294 martyrii
1394 2231 1442 2274 co·
1511 2223 1512 2254 ³

338 2327 449 2374 ronam
472 2312 664 2392 adtingeret,
688 2311 1016 2392 irreprehensibiliter
1030 2311 1217 2376 cathedram
1240 2313 1445 2393 episcopatus

337 2412 489 2489 obtinuit,
512 2423 545 2476 et
564 2431 673 2478 sanam
696 2416 875 2478 doctrinam
892 2412 949 2476 llei
964 2414 1093 2494 populis
1114 2413 1317 2478 ministravit.
1341 2413 1404 2478 llic
1417 2433 1445 2477 e·
1512 2464 1513 2524 y

341 2512 423 2576 didit
444 2513 706 2595 Apologcticum,
728 2523 760 2578 et
781 2516 900 2590 omnia,
923 2534 1007 2594 quae
1027 2516 1066 2578 de
1087 2513 1228 2594 Origene
1250 2516 1404 2578 catholici
1423 2515 1444 2576 i·
1512 2529 1513 2578 t

338 2625 510 2696 gnorantes
524 2618 736 2692 mentiuntur,
752 2617 904 2691 exclusit,
920 2615 1150 2688 ostendensea,
1170 2630 1254 2694 quae
1270 2616 1445 2696 reprehen-

336 2717 442 2780 sibilia
465 2717 715 2781 inveniunturin
736 2719 807 2799 ejus
828 2718 1007 2797 opusculis,
1029 2714 1179 2795 Origenis
1201 2732 1262 2778 oon
1278 2733 1371 2795 essey
1393 2715 1444 2779 sed

337 2837 465 2894 eorum,
482 2835 564 2898 quos
579 2822 645 2899 ipsa
666 2828 901 2899 superaverat:
918 2820 980 2882 ulia
1006 2835 1095 2892 vero,
1111 2835 1195 2896 quae
1211 2825 1277 2880 tota
1293 2834 1444 2896 perversa

335 2927 423 2992 aunt,
446 2919 585 2982 aliorum
609 2921 749 2984 duorum
773 2921 1013 2984 baereticorum
1035 2937 1122 2997 essc3
1144 2919 1201 2998 qui
1222 2915 1374 2998 Origenis
1397 2937 1448 2980 no-

339 3035 424 3092 men,
447 3037 509 3080 non
531 3017 639 3094 fldem,
662 3037 720 3082 nec
742 3021 968 3082 conscientiam
992 3019 1216 3082 babuerunt.»
1233 3015 1285 3081 Ex
1307 3019 1370 3082 bac
1394 3021 1448 3080 ita·

337 3137 402 3198 qne
425 3119 584 3202 Anonymi
599 3123 817 3198 enarratione,
840 3123 896 3201 qui
917 3139 959 3182 ex
979 3121 1112 3182 uetustis
1135 3119 1370 3182 historicorum
1385 3138 1449 3181 mo·

337 3223 497 3286 comantis
519 3223 704 3304 hujusmodi
726 3225 888 3302 compegit
910 3223 1081 3284 haeresum
1102 3220 1288 3310 Epitomen,
1310 3239 1382 3284 mea
1406 3223 1450 3282 in·

337 3322 477 3384 valescat
497 3326 650 3386 sententia
667 3309 706 3386 de
727 3343 766 3386 eo
780 3341 933 3388 errorum
954 3325 1174 3407 syntagmate,
1190 3321 1278 3402 quod
1299 3321 1363 3385 aab
1377 3321 1451 3385 Ori·

336 3423 424 3500 genis
445 3426 572 3486 nonvine
593 3425 787 3504 simplicium
809 3424 982 3488 invadebat
1000 3441 1108 3488 sures.

419 3523 592 3586 Praeterea
607 3529 774 3605 proposito
793 3545 927 3606 quoquc
950 3525 1037 3596 iacit,
1058 3527 1145 3606 qood
1166 3533 1241 3589 tnnc
1261 3523 1449 3588 Vincentius

335 3621 507 3688 Lirinensis
522 3625 711 3704 significavit
725 3629 755 3688 in
774 3625 1014 3688 Commonitorio
1029 3645 1057 3688 c.
1076 3624 1196 3690 ttttttt.
1215 3623 1244 3688 ls
1261 3625 1345 3688 enim
1363 3630 1450 3703 post·

332 3743 431 3804 quam
446 3725 640 3802 amplissima
659 3728 799 3790 texuerit
813 3725 962 3806 Origenis
976 3727 1121 3789 encomia
1136 3725 1178 3789 oh
1193 3724 1264 3805 ejus
1275 3726 1449 3805 pietatem,

334 3833 367 3888 et
381 3826 531 3888 eximiam
557 3827 747 3902 doctrinam,
768 3828 888 3904 subdit,
907 3831 1010 3907 ipsum
1026 3828 1152 3901 deinde,
1169 3824 1340 3890 Ecclesiae
1353 3824 1451 3886 tradi-

334 3925 475 3988 tionibus
489 3934 521 3988 et
538 3935 684 3989 tatarum
708 3930 898 4008 magisteriis
913 3928 1116 4006 contemptis,
1135 3943 1154 3990 a
1170 3927 1274 4005 prisce
1296 3925 1452 4002 religione

333 4023 374 4084 ad
396 4043 513 4088 novam
536 4027 765 4104 profanitatem
789 4029 960 4090 transiisse.
984 4026 1202 4092 Nihilominus
1219 4025 1304 4088 baud
1325 4024 1453 4086 nescius

334 4126 444 4202 iilius,
467 4145 553 4208 quae
577 4135 652 4192 tunc
676 4129 867 4192 versabatur
888 4133 1037 4210 quaestio
1058 4130 1098 4196 de
1118 4129 1281 4192 librorum
1303 4125 1453 4205 Origenis

262 4242 270 4257 ·
334 4228 558 4308 corruptione,
575 4231 678 4309 iuquit
691 4250 700 4290 s
715 4250 730 4288 v
746 4227 807 4294 Sed
823 4231 908 4296 dicat
932 4233 1064 4312 aliquis,
1080 4237 1256 4310 corruptos
1277 4245 1347 4292 asse
1367 4226 1454 4305 eius·
