3028 4942
68 481 180 562 ubique
201 481 362 561 protessus
383 489 442 556 est,
465 499 503 544 uo
526 479 646 561 ubique
667 480 884 545 indesinenter
903 480 1058 552 servavit,
1083 479 1166 542 idem

67 586 206 658 sentiens,
234 581 316 646 idem
336 582 493 659 scribens,
515 591 548 646 et
568 590 806 662 cousequenter
835 591 987 662 upcratus
1009 590 1067 644 est.
1095 578 1166 644 Hoc

68 693 166 746 autern
188 691 321 747 totuma
345 703 402 747 me
422 685 574 763 superius
595 702 697 762 prope
718 686 847 746 criticas
866 683 953 764 leges
974 682 1170 762 amplissime

66 794 95 846 ct
113 784 362 847 luculentissime
383 786 582 865 explicatum
604 795 672 847 est:
691 786 722 846 in
744 785 782 848 iis
796 787 935 848 maxime
956 782 1164 854 ostendendo,

68 886 203 967 genuinis
222 883 344 949 liuttici
366 887 531 950 codicibus
553 886 767 967 adstipulatus
788 905 880 958 esse,
916 896 1167 968 tanquamyera

67 987 201 1064 dogmata
218 987 431 1066 capientibus,
446 985 557 1050 Patres
571 986 676 1053 eidem
690 985 821 1066 Origeni
837 1003 987 1058 coaevos,
1000 1003 1037 1048 ac
1051 985 1165 1048 deinde

69 1083 245 1164 Eusebium,
266 1107 309 1150 sa.
329 1086 532 1168 Pamphilum
558 1097 749 1169 martyrem,
779 1084 946 1161 Basilium,
972 1083 1166 1164 Gregorium

69 1187 303 1260 nazianzenum,
326 1187 494 1267 aliosque:
518 1188 574 1267 qui
596 1187 669 1250 inde
687 1207 728 1250 ex
750 1189 855 1250 citatis
876 1187 967 1249 libris
992 1185 1165 1248 documen-

73 1295 96 1348 ta
116 1290 345 1367 transcripsere
366 1287 523 1351 adversus
543 1289 644 1367 ipsius
657 1286 805 1367 Origenis
827 1290 1092 1359 calumniatores,
1106 1305 1164 1350 seu

71 1389 328 1464 proceritatibus
352 1397 464 1451 contra
487 1391 666 1452 haereticos
688 1391 885 1468 reparandis,
908 1393 976 1453 sive
997 1390 1036 1451 ad
1056 1387 1166 1452 Eucle-

72 1489 124 1551 siae
141 1490 408 1554 aedificationem.
432 1488 526 1566 Quae
546 1489 651 1553 omnia
676 1491 825 1554 codicum
847 1491 968 1556 liutbui
989 1489 1168 1570 suffragan·

76 1598 117 1652 tur
132 1593 307 1656 sinceritati
328 1595 423 1656 sicuti
445 1600 477 1654 et
498 1591 571 1654 tidei
594 1592 759 1656 Auctoris.

134 1693 177 1757 Eu
199 1697 355 1767 adverso,
369 1695 395 1757 si
418 1691 539 1757 Rullini
562 1693 741 1772 postabitis,
758 1691 947 1776 Hieronymi
970 1692 1096 1756 codices
1111 1708 1166 1754 au·

77 1792 172 1857 teierre
196 1796 355 1868 uolueris,
377 1796 418 1859 ab
439 1797 528 1858 initio
549 1796 589 1858 ad
612 1795 706 1858 tinem
730 1796 886 1873 usquein
908 1802 1063 1872 perpetua
1086 1793 1167 1854 auti·

73 1891 139 1972 logia
157 1900 304 1977 reperies
318 1897 512 1976 Origenem3
534 1914 572 1958 uo
586 1913 649 1959 non
669 1893 776 1958 auium
798 1912 873 1957 curu
898 1893 947 1966 iis,
964 1913 1048 1973 quae
1070 1893 1168 1973 ince-

72 1996 133 2057 teais
152 1999 346 2061 tractatibus
367 1997 600 2075 excussit3sed
621 2015 696 2060 cum
718 1996 756 2058 iis
776 2013 921 2076 quoque,
943 2014 1028 2075 quae
1049 1995 1166 2058 ibidem

72 2092 96 2154 iu
112 2098 223 2162 eisdem
245 2099 352 2173 libris,
374 2099 554 2177 eodemque
573 2107 765 2177 argumento
786 2098 927 2175 suscepit
948 2096 1168 2159 demonstran-

71 2194 111 2258 da.
125 2197 164 2263 Et
181 2201 324 2280 amplius
347 2200 424 2264 talia
444 2198 518 2262 iude
538 2218 634 2265 erues
652 2201 818 2280 peregrina
835 2199 996 2277 dogmata,
1012 2198 1166 2268 absurda,

72 2293 255 2378 blasphema,
273 2301 382 2380 impia,
397 2318 483 2380 quae
498 2300 654 2362 neminem
684 2317 826 2378 nuquam
842 2317 900 2362 nec
920 2307 1005 2371 ante,
1021 2317 1079 2362 nec
1098 2307 1168 2378 post

72 2395 203 2479 (trigenis
224 2420 344 2465 aerum
366 2402 496 2465 noveris
517 2419 576 2464 nec
595 2401 758 2475 scribere,
795 2419 899 2478 neque
920 2402 1026 2464 auimo
1048 2398 1168 2477 tingere

71 2505 220 2577 putuisse:
243 2505 342 2568 sicuti
363 2521 424 2567 suo
445 2503 519 2567 loco
541 2509 574 2564 et
593 2503 778 2582 singiliatim
802 2503 833 2562 in
855 2500 1009 2580 praelatis
1030 2502 1166 2580 egimus.

72 2597 137 2664 ideo
154 2621 216 2666 non
237 2603 349 2666 solum
377 2603 649 2681 interpolatorum
675 2603 825 2666 codicum
843 2602 1044 2664 existentiam
1073 2600 1170 2663 aliter

70 2700 176 2779 abiis,
197 2721 283 2784 quus
311 2704 389 2783 legit
421 2702 597 2778 Ruttiuus,
620 2703 674 2765 sed
703 2711 736 2766 et
764 2700 953 2786 Hieronymi
983 2699 1167 2764 illusionem

71 2817 256 2884 compertam
280 2806 429 2868 babebis:
448 2823 486 2866 ac
500 2805 595 2868 simul
612 2825 652 2867 ex
669 2805 812 2886 ejusdem
836 2803 957 2867 Ruitini
972 2805 1080 2866 codiee
1095 2802 1170 2865 Ori·

71 2907 144 2980 genis
164 2905 236 2968 tidei
261 2907 434 2984 puritatem
455 2908 487 2968 in
508 2907 569 2968 hou
592 2903 635 2968 Dc
659 2902 834 2985 Principiis
855 2904 1040 2968 adornando
1060 2903 1168 2982 Opere

71 3006 309 3086 comprehendes
330 3007 424 3070 sicuti
447 3006 476 3066 iu
498 3009 614 3070 ceteris
633 3005 733 3068 libris.

136 3105 266 3183 Quanto
288 3125 367 3170 veru
385 3107 461 3188 iure
483 3108 544 3170 huc
565 3106 709 3182 diceret,
741 3115 917 3186 ageretque
938 3103 1087 3168 liuilinns
1109 3121 1168 3182 pro

71 3203 208 3288 Origene,
225 3217 392 3288 etquanto
413 3210 510 3271 animi
532 3208 651 3270 ardore
672 3207 896 3271 obhaereseos
911 3206 1040 3268 iulamia
1062 3205 1167 3282 ipsum

73 3315 220 3387 tueretur,
243 3311 427 3389 potissimae
448 3310 539 3372 nubis
559 3309 781 3388 suffragantur
800 3326 927 3372 causae.
959 3306 1077 3386 Opinio
1098 3307 1169 3366 uni·

74 3411 205 3486 versatis,
221 3427 308 3491 quae
327 3419 401 3472 ante
423 3409 505 3472 illud
525 3418 651 3488 tempus
671 3410 711 3470 ad
733 3410 887 3471 ducentos
901 3416 933 3470 et
953 3407 1093 3486 amplius
1114 3421 1168 3464 an-

75 3523 120 3569 uus
140 3512 277 3575 invaluit
301 3511 340 3573 de
361 3519 452 3574 reolo
473 3507 623 3588 Origenis
643 3529 738 3573 sensu
763 3512 793 3570 in
814 3508 881 3570 suis
891 3505 1168 3584 institutionibus,

73 3623 104 3670 ac
121 3610 158 3672 de
177 3611 323 3692 ejusdem
345 3611 452 3674 studio
473 3609 505 3672 iu
526 3609 732 3690 profligandis
753 3609 935 3680 haereticis,
961 3615 1059 3684 atque
1079 3625 1120 3666 ea
1143 3608 1168 3664 i-

76 3710 150 3786 psius
161 3714 352 3794 saepissimis
366 3712 646 3784 obtestationibus,
661 3729 695 3773 se
712 3711 795 3774 velte
816 3711 846 3772 in
864 3709 1012 3772 omnibus
1024 3708 1118 3788 juxta
1136 3725 1169 3768 a·

77 3813 235 3886 postuliuaa
261 3815 447 3877 traditiones
467 3812 627 3876 incedere.
650 3810 812 3887 Secundo,
828 3811 927 3892 ipsius
949 3807 1066 3872 Rudini
1088 3825 1169 3870 cura

77 3914 228 3988 speciatim
250 3917 281 3978 in
306 3933 501 3996 graecorum
523 3912 656 3978 Patrurn
676 3913 814 3979 lectione
829 3914 890 3976 sub
903 3932 929 3974 s.
946 3909 1096 3990 Gregorii
1112 3928 1166 3972 na·

78 4010 204 4076 abazani
231 4016 396 4096 disciplina
408 4036 420 4093 ;
451 4016 661 4096 quiquidem
691 4021 820 4077 sanctus
841 4023 874 4076 et
894 4011 1097 4074 doctissimus
1120 4010 1169 4074 vir

78 4125 109 4172 ac
126 4113 279 4179 librorum
300 4115 450 4196 Origenis
476 4116 654 4189 studiosus,
678 4133 739 4178 non
760 4113 977 4176 abscondisset
996 4128 1013 4172 a
1038 4108 1168 4174 Rutlinu

80 4227 218 4288 iratast
245 4226 398 4282 venenata
427 4218 515 4282 illius
540 4217 714 4296 dogmata,
734 4218 760 4279 si
791 4216 822 4278 iu
847 4213 914 4277 suis
941 4213 1067 4290 scriptis
1094 4209 1170 4274 talia
