2982 4934
312 369 374 442 teo

314 479 409 544 iacile
430 478 560 560 quidem
583 478 746 544 donauero
769 493 882 542 terum
903 493 984 551 esse,
1000 474 1076 556 quia
1098 475 1243 538 chartam
1265 473 1347 536 haue
1370 491 1426 536 ea-

313 581 425 660 cepisti
434 599 446 661 3
461 590 493 644 et
509 581 638 662 qnando
652 579 784 654 eruitis,
798 597 860 643 nou
878 579 999 657 aderat,
1015 580 1072 660 qui
1093 577 1241 640 redderet
1261 573 1423 652 libellum,

313 688 352 744 ut
371 680 438 762 jann
459 681 602 745 secundo
622 685 777 762 repetitus
796 679 866 746 sit?
882 680 931 744 hd
948 682 1027 742 haee
1047 675 1265 758 Theophilus:
1286 677 1341 740 sed
1364 694 1426 738 nou

313 783 428 846 aderat
449 799 544 865 puer,
567 772 638 846 erit
657 784 814 866 siquidem
833 785 865 845 in
887 783 969 846 uari.
986 779 1163 863 Respondit
1184 780 1338 844 isidorus:
1364 797 1425 841 nou

315 884 468 948 contiuno
488 877 593 949 adluit
622 887 729 948 statim
751 903 826 948 mox
847 902 865 947 a
888 883 1089 965 nauigatione
1109 903 1129 946 o
1149 878 1325 962 episcope?
1354 879 1426 946 Nou

316 983 431 1046 aderat
451 983 599 1066 deinceps
616 985 666 1050 vel
684 982 854 1050 secundo?
870 983 943 1048 Non
960 984 1075 1048 aderat
1095 1003 1134 1047 ne
1155 983 1251 1046 tertio
1270 977 1429 1062 quidem?

317 1080 378 1147 Vel
393 1101 478 1148 nnnc
493 1086 620 1150 tandem
634 1085 722 1150 adest
735 1084 752 1150 i
765 1086 877 1151 loheto
898 1086 998 1166 igitur
1012 1087 1078 1149 sisti
1093 1085 1265 1147 hominem.
1282 1083 1329 1146 hd
1347 1083 1426 1146 haec

317 1181 516 1267 Theophilus
536 1189 729 1262 cunctatior,
747 1196 871 1268 tempus
894 1187 1037 1250 extrahit
1056 1187 1088 1248 in
1108 1185 1245 1249 alteram
1266 1185 1375 1259 diem,
1398 1191 1426 1246 et

318 1286 594 1352 adolescentulum
624 1287 796 1369 quemdem
829 1305 924 1352 orans
950 1287 1097 1352 assiduus
1127 1287 1250 1350 institit.
1282 1284 1429 1366 {leuique

318 1395 351 1450 et
376 1387 521 1453 delinivit
540 1390 651 1453 moltis
680 1388 965 1471 potitatrattoutnus
988 1387 1027 1450 ad
1054 1387 1275 1452 intendendam
1297 1404 1427 1450 accusa·

320 1490 438 1552 tionem
454 1492 609 1555 aduersus
625 1490 795 1566 isidorum,
819 1492 899 1554 datis
914 1493 942 1554 ei
965 1493 1023 1570 (ut
1037 1500 1185 1554 asserunt
1205 1489 1356 1570 quidem)
1373 1508 1429 1552 nu-

321 1590 520 1658 mismatibus
535 1594 643 1657 eureis
657 1593 852 1672 quindecim,
868 1601 906 1656 ut
919 1591 1082 1672 externplo
1105 1609 1142 1654 ea
1164 1593 1344 1670 porrigeret
1363 1609 1428 1652 rna·

322 1691 376 1754 tri.
399 1690 440 1756 lit
460 1711 574 1757 numos
594 1695 668 1757 illos
690 1703 793 1756 mater
812 1694 910 1758 oculo
932 1695 1085 1756 inretorto
1101 1692 1316 1756 contuebatur
1336 1700 1427 1771 purte

322 1809 410 1872 nua3
438 1793 573 1858 alterius
601 1813 680 1858 uero
707 1796 793 1858 oculi
819 1793 1087 1874 contemplatione
1113 1811 1222 1856 secum
1251 1794 1427 1870 recogitans

325 1891 501 1956 verebatur
529 1895 638 1975 legum
659 1897 858 1958 eversionem
867 1915 879 1974 ;
909 1895 1081 1958 netimeas
1112 1913 1151 1956 nu
1180 1893 1264 1956 iorte
1290 1891 1428 1954 isidorus

322 1991 482 2055 calumnia
505 2011 676 2074 oppressus
692 1996 898 2060 incusaretur
910 1993 995 2074 apud
1011 1993 1199 2075 principem,
1215 2003 1248 2056 et
1261 1993 1301 2054 ad
1318 1991 1426 2074 populi

324 2095 507 2171 perueniret
528 2097 685 2157 notitiam.
702 2093 838 2159 Fatetur
858 2098 923 2175 ipsa
947 2093 1070 2157 isidoro
1085 2095 1333 2157 commentitiam
1347 2093 1427 2156 hanc

326 2191 481 2257 iahricam
502 2197 750 2259 demolitionem
772 2197 873 2259 modis
886 2195 1035 2259 omuibus
1056 2195 1310 2275 improbandam,
1325 2203 1426 2257 osten·

324 2292 368 2356 sis
390 2293 492 2356 eidem
515 2297 645 2372 aureis,
675 2314 756 2376 qnos
777 2295 957 2358 anrmrhat
984 2313 1019 2358 se
1038 2297 1198 2376 accepisse
1218 2313 1237 2358 a
1259 2292 1425 2374 Theophili

292 2401 295 2410 '
325 2411 454 2471 sorore,
476 2397 655 2461 mercedem
684 2397 796 2479 ntique
823 2396 979 2460 aduersus
1000 2397 1153 2460 insontem
1175 2415 1213 2460 ac
1234 2414 1366 2478 prorsus
1388 2397 1428 2457 iu·

327 2497 473 2560 noxium.

411 2595 482 2663 «Et
493 2601 622 2679 quidem
639 2601 717 2666 haec
730 2619 825 2666 soror
836 2621 938 2683 quom
950 2601 992 2665 oh
1004 2601 1159 2681 pleraque
1173 2599 1248 2674 elia,
1262 2605 1329 2662 tum
1342 2615 1428 2678 prae

331 2701 424 2779 cipue
436 2710 569 2780 propter
583 2712 688 2766 tautae
698 2705 876 2767 calumniae
892 2705 1107 2782 indignitatem
1123 2718 1257 2780 poenam
1270 2700 1330 2762 luit
1348 2715 1428 2761 mor·

332 2805 374 2875 te,
395 2804 541 2866 ‘manibus
572 2805 801 2885 chirurgorum
823 2808 908 2869 circa
939 2813 1049 2884 potres
1071 2817 1223 2866 mammas
1244 2810 1277 2864 et
1295 2800 1428 2863 saniosar

332 2912 541 2967 contrectata.
557 2904 620 2968 Per
636 2907 714 2969 haec
730 2903 872 2970 isidorus
884 2907 969 2969 domi
986 2905 1176 2968 morabatur
1188 2903 1327 2982 supplex
1340 2917 1428 2962 oram

333 3001 447 3068 ileum.
470 3004 739 3071 Adulescentulus
769 3016 878 3071 autem
903 3008 959 3070 ille
981 3006 1098 3086 partim
1118 3005 1226 3084 legum
1248 3003 1374 3084 quidem
1396 3002 1427 3062 ti·

332 3123 423 3170 more
444 3108 625 3186 perculsus,
648 3109 764 3188 partim
782 3127 860 3171 raro
882 3109 1059 3190 recogitans
1077 3105 1293 3185 Theophilum
1314 3123 1347 3168 se
1366 3119 1427 3165 asse

331 3211 557 3288 potentiorem,
580 3211 700 3273 erroris
720 3212 770 3272 sul
789 3209 1029 3273 frustrationem
1053 3207 1161 3281 uertit,
1177 3207 1373 3270 commodius
1391 3203 1427 3264 si·

334 3309 366 3374 hi
386 3311 519 3373 credens
540 3310 623 3386 iore,
643 3316 670 3375 si
691 3311 730 3373 ad
755 3314 854 3375 tutius
876 3311 1121 3386 munimentum,
1144 3323 1257 3386 nempe
1277 3307 1319 3370 ad
1338 3303 1427 3368 eecle-

331 3414 411 3474 siam
425 3411 623 3491 confugiens,
640 3412 678 3474 ad
692 3411 994 3492 apprehendendum
1009 3411 1112 3474 altare
1128 3409 1217 3472 illinc
1228 3427 1263 3472 se
1275 3409 1349 3489 iuga
1363 3421 1426 3487 pro-

334 3511 464 3591 riperet.
487 3509 548 3574 llic
569 3509 768 3592 Theophilus
798 3513 924 3576 abdicat
958 3512 1116 3576 isidorum
1147 3509 1303 3574 ecclesiae
1323 3511 1428 3588 ingres

333 3629 424 3690 sum,
452 3621 485 3676 et
505 3623 662 3695 corrupto
684 3629 816 3694 prorsus
841 3631 879 3677 ac
899 3613 1079 3678 surdo'suo
1091 3611 1215 3692 jndicio
1236 3630 1310 3677 curu
1332 3613 1426 3673 imno·

333 3713 502 3777 dlcuhilem
524 3715 630 3778 notam
645 3715 793 3777 tutamina
818 3717 847 3778 ei
869 3715 1051 3792 inussissetg
1067 3711 1272 3775 nihilominus
1285 3729 1361 3774 suae
1380 3706 1425 3768 ini·

334 3815 449 3894 patrati
469 3815 501 3876 in
522 3817 660 3895 speciem
681 3814 824 3878 ohtendit
843 3833 877 3878 so
898 3814 1062 3878 decentum
1092 3816 1311 3877 castimoniam
1330 3821 1363 3874 et
1380 3811 1425 3870 ho-

334 3923 501 3979 aestatem.
531 3913 676 3981 isidorus
696 3916 737 3978 oh
759 3917 837 3979 haee
859 3918 1006 3990 veritos,
1029 3915 1199 3995 nequando
1218 3916 1343 3978 acriore
1361 3907 1426 3973 iodi-

336 4019 483 4098 guatione
504 4019 685 4098 exagitatus
706 4014 904 4098 Theophilus
925 4017 1082 4080 inanimo
1103 4018 1315 4080 constitueret
1335 4006 1424 4074 moliri

336 4117 493 4182 aduersus
512 4133 603 4182 sunm
633 4119 773 4182 salntem
802 4119 928 4182 iusidias
950 4119 1012 4196 (eo
1033 4116 1116 4181 enim
1148 4114 1350 4198 malignitatis
1368 4111 1423 4190 jam

339 4218 551 4300 perseuerat)
572 4221 604 4282 in
620 4228 759 4284 moutern
780 4216 903 4285 Nitriae
919 4217 1040 4300 pernici
1052 4234 1090 4281 oc
1112 4215 1238 4282 teattno.
1250 4229 1345 4282 curso
1363 4225 1423 4276 cut·
