2982 4934
319 387 381 463 lbi

325 493 457 558 raoiuut
478 492 532 558 ubi
563 491 743 559 Comitatus
764 498 797 556 et
816 491 891 556 aula
913 489 1109 571 imperialis,
1140 487 1281 553 loauues
1301 502 1419 570 quoquc

325 613 386 677 pro
402 597 517 659 tbrouo
536 597 708 678 episcopali
725 597 885 661 residebat
906 596 1015 676 (ioque
1029 591 1088 656 Del
1108 593 1209 675 gratia
1224 613 1261 657 ac
1276 608 1336 673 pcr
1349 589 1421 671 pris·

326 698 435 779 cipum
452 699 697 780 providentiam)
713 710 745 762 et
758 700 857 780 ipsius
873 699 1004 778 gcuibus
1028 696 1175 762 advoluti
1187 695 1350 777 supplices
1363 707 1423 771 pre

329 798 499 876 orbantur,
523 809 559 865 ut
578 801 746 865 animabus
767 799 938 880 multiplici
960 799 1119 863 calumnia
1142 795 1302 878 oppressis
1322 811 1424 874 suppr-

331 899 389 961 lias
410 898 526 978 iarret3
541 909 575 964 et
594 903 634 962 ab
655 903 700 964 cis
722 903 921 981 potissimum
942 901 1049 977 laesis,
1066 900 1218 980 aquibus
1239 896 1421 961 benevolen-

327 1003 402 1064 liam
425 1003 532 1082 potius
549 1005 668 1067 scotirc
688 1010 867 1084 oporteret.
882 1001 931 1066 Ad
954 1003 1034 1066 baec
1053 1001 1195 1066 substitit
1214 997 1368 1073 loannes,
1389 997 1425 1058 ri·

328 1103 440 1185 alitque
455 1107 542 1170 viros
555 1106 785 1186 quinquaginta
801 1108 883 1168 stola
906 1115 1084 1187 utcumque
1097 1102 1237 1177 inclutos,
1259 1101 1376 1164 sauciis
1386 1097 1425 1159 la·

315 1195 459 1272 boribus
480 1208 622 1270 intincta.
644 1206 725 1272 Cum
747 1209 814 1270 istis
828 1209 940 1270 aderat
960 1224 1092 1288 quoque
1112 1214 1146 1269 ct
1168 1204 1323 1279 isidorus,
1347 1201 1424 1282 prior

323 1307 453 1390 quidem
475 1308 643 1389 aliquanto
673 1309 731 1388 ipsi
754 1305 934 1391 Tbeopbilo
957 1307 1176 1382 charissimus,
1198 1322 1283 1368 uuuc
1304 1301 1424 1366 demum
1486 1337 1487 1376 p

325 1409 457 1473 inrisus.
484 1409 586 1491 Atqui
606 1407 747 1474 loannes
775 1412 902 1492 peracri
923 1409 1043 1474 allecta
1078 1409 1243 1473 fraternae
1270 1403 1425 1469 charitatis

322 1509 553 1588 extimulatur,
583 1509 733 1592 exemplo
761 1509 883 1594 ioseph
903 1511 1065 1594 lacrymas
1094 1511 1259 1574 coutiucre
1287 1523 1352 1570 uou
1380 1521 1425 1582 po

326 1612 400 1675 tult.
424 1610 474 1675 Ab
495 1613 570 1691 ipsis
591 1615 690 1692 igitur
710 1614 893 1677 sciscitatur
914 1631 1055 1677 causam.
1077 1611 1284 1690 Respondent
1305 1609 1370 1670 illi:
1385 1602 1423 1667 Tr

319 1712 604 1794 potersurijrsomss
624 1713 713 1777 uobis
742 1713 957 1796 contortulis
987 1713 1167 1778 uolneratis
1191 1729 1251 1792 per
1275 1705 1427 1772 insoniam

327 1811 489 1893 Tbeopliii
509 1813 616 1895 Popoe
636 1813 861 1892 cbxundrmi,
883 1815 992 1895 utique
1008 1823 1096 1897 potas
1115 1813 1235 1876 uostris
1253 1808 1425 1874 volueribus

322 1914 452 1979 tumidis
471 1914 619 1978 obducere
639 1914 830 1980 cicatricem.
852 1913 945 1992 Quod
963 1914 992 1979 si
1012 1915 1107 1980 etism
1128 1915 1194 1994 ipre
1206 1912 1348 1994 exemplo
1365 1907 1426 1974 reli·

322 2033 458 2098 quorum
477 2016 691 2097 episcoporum
711 2015 747 2080 irs
760 2018 907 2100 fraudem
927 2035 984 2080 reos
999 2015 1212 2109 pertraxeris,
1227 2015 1292 2078 rios
1311 2011 1425 2086 veritur,

323 2116 386 2181 aim
409 2115 570 2199 Tbeopbili
589 2129 751 2199 correptus
771 2117 902 2195 timore,
931 2117 1015 2181 nibil
1029 2118 1101 2200 jum
1119 2117 1208 2180 mobis
1227 2115 1347 2200 reliqui
1364 2115 1422 2196 iet,

324 2217 389 2283 uiri
402 2229 437 2282 ssi
449 2223 492 2283 ud
505 2218 724 2300 imperatorem
735 2219 884 2304 profecti,
896 2219 992 2286 sidem
1007 2237 1201 2302 exponamus
1213 2237 1336 2284 omnem
1346 2235 1426 2300 pror·

322 2339 377 2382 aur
397 2319 634 2401 improbandum
657 2320 819 2405 Theophili
839 2321 1090 2404 muliptts'tatem,
1113 2321 1206 2404 idque
1225 2322 1263 2386 itt
1284 2331 1427 2386 eorsum

324 2419 401 2484 liam
421 2419 647 2485 ecclesiasticus
673 2421 868 2487 traditionis.
903 2420 996 2499 Ouod
1015 2421 1045 2486 ri
1063 2442 1211 2486 assensus
1229 2421 1350 2501 suerit,
1366 2437 1426 2502 per·

322 2523 472 2599 rosceto,
495 2532 531 2586 rel
550 2541 607 2586 reor
626 2522 714 2588 siout
732 2525 768 2588 iss
790 2525 927 2606 Aepppto
947 2528 1165 2600 commorari,·
1185 2521 1423 2608 quondoquidem

323 2623 408 2688 milit
427 2624 534 2688 delicti
553 2625 739 2690 admisimus
768 2629 919 2692 aduersus
941 2623 1117 2692 solareris
1136 2625 1243 2690 rostri
1271 2629 1425 2707 lepemsrt

322 2744 362 2788 sse
381 2725 484 2806 ipsum
506 2725 632 2807 quidem
655 2725 856 2809 Theophilum
877 2729 946 2792 utta
965 2727 1002 2792 iss
1023 2749 1055 2792 re
1074 2729 1268 2811 offendimus.

405 2851 422 2887 e
445 2826 533 2893 llscc
554 2839 591 2893 ut
611 2830 721 2894 didicit
743 2833 883 2910 primum
904 2830 1064 2906 loannes,
1089 2835 1164 2894 viris
1188 2833 1251 2896 illis
1273 2829 1425 2895 delerebri
1487 2844 1488 2866 t

328 2929 502 3008 bouorcm3
519 2947 576 2994 nec
597 2931 763 3010 prohibuit
783 2933 956 3011 quominus
975 2933 1144 3014 participes
1166 2931 1280 2995 llereot
1294 2931 1425 3012 publica·
1486 2917 1488 2938 ⁵

328 3045 401 3091 rum
423 3034 618 3095 orationum.
634 3030 707 3096 Nou
728 3034 803 3096 item
825 3033 953 3097 dixilso
974 3053 1028 3098 cos
1049 3035 1218 3097 similiora
1232 3035 1271 3096 ad
1294 3048 1425 3098 commu·

288 3146 290 3151 ·
329 3131 455 3193 pionem
476 3140 509 3194 et
528 3131 733 3196 collationem
754 3143 1049 3208 sacramentorum,
1072 3134 1261 3214 priusquam
1282 3127 1425 3214 ejmmeai

329 3247 459 3295 causam
481 3232 605 3313 plenius
626 3235 836 3298 internosseir
862 3235 948 3314 quod
972 3253 1028 3316 spe
1049 3235 1130 3298 bona
1153 3235 1350 3308 couliderei,
1373 3249 1426 3296 ms-

331 3335 465 3397 moriam
488 3333 682 3416 iujuriarum
706 3337 800 3400 iacile
822 3337 1027 3400 immutatum
1050 3337 1089 3400 iri
1104 3338 1188 3417 apud
1211 3337 1315 3418 ipsum
1336 3331 1427 3397 'lbeo-

331 3435 468 3514 philam.
485 3433 599 3518 ltaque
616 3440 701 3500 siros
723 3438 796 3501 illos
818 3439 969 3502 bortatur
983 3447 1014 3500 et
1029 3438 1178 3502 obscurat
1198 3448 1234 3503 ut
1250 3436 1307 3501 [iel
1326 3449 1426 3498 amors
1488 3477 1489 3498 i

333 3539 470 3616 accensi,
488 3540 570 3601 iuter
589 3539 693 3602 omniu
710 3540 741 3601 iu
755 3537 883 3603 silentio
897 3548 929 3603 ei
944 3541 1052 3621 quicto
1074 3540 1222 3621 degenies
1236 3537 1426 3621 supprimant

333 3655 462 3704 causam
486 3638 714 3706 adrentus'sui
736 3647 830 3703 sic.»

693 3931 1053 3988 u—aeofloet—
