2982 4934
47 454 214 535 pulmarum
235 459 331 520 ramis
352 455 464 532 instes,
486 465 519 521 dt
540 457 673 522 bacillos
693 457 915 537 protegebant,
938 466 975 518 ut
995 457 1056 520 sub
1079 473 1133 537 pa·

47 559 85 620 cis
103 557 269 636 insignibus
299 569 427 638 paratos
447 558 487 621 ad
515 558 647 623 caedem
676 559 797 620 animos
818 557 1069 620 dissimularent.
1094 555 1136 620 Et

47 667 78 722 ut
96 657 214 721 tirmior
232 669 314 724 esset
334 660 455 738 lactln,
490 668 523 724 et
543 660 723 742 promptior
742 677 864 723 cuneus
891 658 930 721 ad
952 658 1132 734 sudreiam,

48 759 143 822 moltis
157 760 368 840 ingenuorum
382 762 533 842 pecunias
554 759 703 836 divisere,
720 763 776 842 qui
797 769 1001 825 accesserunt
1015 777 1076 823 non
1101 767 1138 822 ut

47 860 147 924 sceleri
161 866 388 940 consentirent,
405 863 458 926 sed
482 872 518 926 ιι
532 863 622 926 nobis
643 864 848 942 providerem
860 869 993 925 conatus
1006 879 1134 937 eornm,

47 969 72 1022 ιι
85 971 205 1039 paratas
219 963 345 1026 insidias
367 964 543 1044 panderent
556 965 595 1026 ad
617 965 806 1028 cavendum.
823 961 917 1039 Quod
934 981 1007 1024 cum
1024 981 1134 1026 cerne·

48 1071 88 1124 ret
105 1062 340 1129 innumerabilis
362 1066 539 1146 frequentia
555 1066 799 1138 monachornm,
822 1072 998 1144 coeperunt
1024 1055 1134 1126 omnes

49 1163 226 1242 rocilerari,
247 1178 280 1230 et
301 1184 478 1248 paucorum
501 1168 646 1232 lurorem
669 1184 807 1229 consono
833 1167 976 1228 clamore
997 1173 1133 1238 terrere,

48 1269 77 1325 nt
91 1264 197 1328 stltem
219 1277 309 1330 metu
333 1267 508 1332 cottectam
530 1268 599 1332 Ιιιι
620 1269 784 1341 sinerent,
817 1276 849 1328 ct
878 1263 1039 1328 Ecclesiae
1057 1263 1133 1344 jura

49 1366 163 1428 serrari.
187 1365 229 1431 Et
249 1370 421 1448 uisipratia
445 1365 502 1432 Dei
518 1368 730 1433 multitudinis
752 1370 905 1448 impetum
928 1365 1135 1439 refrenasset,

50 1469 184 1530 evenisset
203 1470 341 1550 aliquid,
358 1470 445 1551 qnod
465 1471 549 1534 solet
568 1470 600 1534 in
613 1469 823 1534 seditionibus
844 1467 935 1547 fleri,
957 1467 989 1530 ιι
1011 1475 1135 1528 ιιιιιιι

53 1568 115 1630 eain
134 1569 248 1632 nelarii
270 1572 413 1634 bomines
436 1573 646 1635 temeritatem
669 1573 765 1634 immo
787 1571 938 1632 insaniam
959 1583 1136 1648 praerupe·

56 1677 117 1743 rent,
137 1679 172 1731 ut
192 1677 322 1734 sauctae
342 1689 474 1752 quoqne
495 1671 744 1735 conversationis
767 1669 935 1742 monacbi,
958 1676 990 1731 et
1010 1683 1138 1746 semper

53 1772 274 1834 mansuetissimi
296 1789 409 1836 eorum
442 1774 586 1838 lurorem
607 1774 766 1836 sustinere
797 1789 860 1834 non
882 1778 1019 1850 possent.
1041 1766 1135 1844 Quae

52 1883 94 1930 nos
110 1873 215 1934 omnia
237 1867 293 1934 Dei
315 1873 449 1937 auribus
470 1875 641 1954 patienter,
661 1883 693 1936 ct
708 1874 874 1936 humiliter
896 1871 1039 1948 tulimus,
1063 1887 1136 1951 pro·

54 1970 174 2036 ridentes
198 1973 295 2036 saluti
317 1991 444 2050 eornm,
465 1977 522 2056 qui
543 1984 655 2040 contra
677 1993 735 2038 nos
756 1975 915 2037 bostiliter
935 1971 1138 2052 pugnabantr

53 2069 85 2130 ιιι
103 2073 280 2149 dumtaxat,
298 2084 334 2136 ιι
355 2076 585 2140 ιιιΙιιιιιιιιιι
607 2077 787 2156 repuisset
808 2076 902 2139 fldem
924 2083 1043 2139 rectam
1068 2073 1142 2138 nul·

53 2167 103 2234 lint
120 2176 266 2238 amicitiis
284 2177 497 2239 donaremnss
519 2177 606 2256 qnod
622 2185 733 2257 potens
754 2186 802 2240 est
816 2175 970 2239 Dominus
983 2186 1016 2238 et
1036 2175 1138 2249 nobis,
1183 2221 1185 2234 .
1270 2167 1275 2178 '

52 2278 78 2330 ιι
94 2276 235 2338 omnibns
255 2279 356 2339 serris
370 2279 437 2340 suis
459 2278 490 2340 in
512 2295 681 2342 commune
699 2277 887 2354 concedere,
912 2287 947 2340 nt
968 2279 1139 2339 necessitu-

52 2371 105 2433 dini
126 2375 287 2440 bomlnnm
311 2379 531 2458 praeferamus
553 2379 625 2442 ildoi
648 2381 814 2443 unitatem.
837 2378 1006 2459 Simulque
1029 2387 1061 2442 et
1084 2396 1140 2441 ros

54 2475 187 2554 petimus,
210 2489 247 2542 nt
266 2480 383 2560 singoli
404 2499 478 2544 cunt
500 2481 627 2562 populis
641 2481 697 2562 qni
720 2481 808 2544 robis
829 2481 941 2543 crediti
962 2489 1048 2554 sont,
1070 2498 1143 2543 nra-

54 2573 261 2655 tlssttentins,
283 2589 315 2644 ιι
336 2579 439 2646 [lenm
462 2581 714 2646 misericordiam
735 2581 960 2660 deprecemini,
983 2599 1049 2660 qno
1071 2599 1143 2662 pos·

53 2675 138 2740 simns
158 2680 395 2746 baereticorum
424 2684 543 2746 insidiis
565 2684 758 2758 resistentes,
787 2683 905 2746 babere
936 2699 1045 2762 pacem
1068 2701 1142 2744 cnm

54 2773 104 2850 bis,
124 2780 177 2860 qni
197 2799 325 2862 semper
345 2801 405 2861 pro
427 2785 561 2846 veritate
582 2792 825 2864 pugnaverunt,
847 2801 1023 2862 omnesque
1043 2784 1141 2846 simul

53 2893 187 2944 coronam
206 2881 351 2962 justitiae
372 2886 619 2964 praestolemur.
646 2882 774 2946 Fratres
789 2886 845 2964 qni
868 2885 1033 2946 vobiscum
1052 2893 1141 2960 sunt,

56 2973 132 3053 plebs
151 2997 235 3060 quae
257 2999 383 3044 mecum
404 2993 464 3057 est,
487 2984 518 3045 io
540 2983 675 3046 llominn
697 2985 864 3046 salutat.»

122 3075 183 3142 lam
205 3081 236 3140 in
257 3082 457 3160 praemtsstr,
479 3083 685 3163 singillatim,
707 3084 914 3163 studioseque
934 3083 1142 3164 probavimus

56 3175 165 3241 nnllnrn
189 3181 333 3244 veritatis
365 3182 552 3262 vestigium,
585 3192 622 3247 nt
639 3184 715 3265 jure
737 3186 916 3264 meritoque
936 3183 1145 3247 damnaretur

56 3273 205 3359 Origenes,
230 3283 261 3344 in
284 3284 344 3346 bac
364 3282 509 3364 Epistola
522 3285 672 3370 synodica
696 3287 829 3365 reperiri
851 3287 945 3348 sicuti
961 3295 993 3348 ιι
1014 3287 1044 3348 ιι
1065 3285 1145 3347 ιιι·

57 3373 105 3440 bus
120 3377 323 3446 paschalibus
337 3385 463 3448 easdem
482 3385 732 3449 instaurantibus
747 3386 975 3449 accusationes:
992 3402 1076 3464 quae
1092 3403 1146 3464 po·

59 3477 109 3541 tius
129 3491 191 3545 tres
213 3482 312 3545 libelli
334 3484 447 3550 inmosi
469 3486 700 3566 nuncupandas
723 3487 828 3550 lorent
848 3486 890 3548 ob
911 3503 947 3548 ιι
970 3501 1055 3564 quae
1069 3485 1145 3547 dicit

59 3575 90 3638 dc
107 3579 240 3662 Origene
269 3593 301 3647 et
327 3587 517 3665 origenistis.
539 3586 747 3669 Quapropter
774 3589 821 3650 bis
847 3595 1081 3666 consequenter
1107 3602 1145 3647 ac

61 3684 221 3748 nesorio
242 3686 467 3764 inferendum,
489 3705 547 3752 nec
567 3691 598 3750 in
620 3691 791 3752 monachos
812 3688 964 3769 quidem,
988 3705 1092 3766 neque
1114 3687 1145 3748 in

61 3789 168 3846 ceteros
186 3783 334 3865 origenis
355 3787 537 3852 defensores
559 3790 621 3851 boc
653 3791 834 3868 pertingere
853 3789 1047 3864 anathema,
1070 3786 1146 3848 dnm

63 3893 110 3940 nec
128 3879 249 3947 ductor
269 3890 523 3968 orationeque
543 3890 690 3952 similiter
711 3889 856 3952 monachi
878 3887 1027 3968 culpandi
1041 3894 1146 3961 erant,

62 3981 133 4056 itti!
153 3985 236 4052 bunc
266 3989 307 4052 ab
328 3991 494 4053 erroribus
525 3991 700 4054 immunem
723 3998 865 4054 tenerent
885 4006 994 4052 coram
1019 3987 1147 4068 Synndo

64 4077 264 4245 aiezandrina.
282 4089 330 4156 Ac
351 4091 423 4155 ideo
448 4108 505 4155 nec
520 4091 586 4168 lile,
612 4109 668 4156 nec
693 4092 743 4155 isti
765 4092 848 4152 inter
869 4090 1047 4152 haereticos
1075 4105 1147 4151 oen-

65 4195 109 4244 teu
129 4184 137 4246 i
156 4200 258 4254 erunt.
