3186 4946
315 389 363 442 xu

426 489 491 570 ilis
515 496 642 594 positis
675 493 885 596 Hieronymi
922 490 1029 574 dietis
1055 496 1100 572 dc
1128 495 1306 572 intentata
1335 493 1404 571 sibi

319 637 440 701 morto
481 647 547 723 per
578 625 791 712 Rudinum,
827 626 896 700 uisi
938 621 997 700 ills
1027 625 1203 712 tacuerit,
1231 645 1303 700 non
1335 624 1405 698 erit

318 752 474 848 amplius
493 753 698 828 mirandum
718 754 762 839 si,
782 777 874 852 quae
893 753 985 827 dixit
1002 752 1243 851 Hieronymus
1270 767 1334 828 eut
1352 752 1405 826 in·

318 892 542 978 terpretatus
574 896 631 957 est
659 883 703 957 de
734 881 892 968 Ruffino,
919 883 996 956 sive
1014 881 1059 956 de
1079 881 1271 956 Anastasio
1294 877 1406 978 Papa,

317 1022 382 1083 aut
411 1008 456 1083 de
489 1010 668 1108 episcopis
694 1003 999 1097 occidentalibus,
1030 1010 1191 1084 sincerae
1219 1009 1314 1084 haud
1347 1029 1406 1082 rc·

319 1136 520 1234 spondeant
542 1137 728 1224 historiae,
758 1161 824 1214 nec
848 1137 929 1214 ideo
958 1136 1178 1235 acceptanda
1204 1137 1406 1212 rideantur:

319 1279 359 1340 et
381 1265 594 1363 praesertim
623 1266 728 1352 illud,
748 1267 844 1365 quod
863 1279 969 1365 putat
986 1281 1091 1342 extra
1119 1263 1318 1342 Ecclesiam
1339 1287 1407 1364 pu·

318 1392 411 1468 blico
440 1409 478 1468 ct
509 1394 675 1470 absolute
722 1393 834 1472 luisse
872 1396 1034 1489 deiectos
1067 1393 1232 1491 Origenis
1268 1390 1406 1476 libros,

320 1522 482 1615 ejusdem
502 1545 694 1620 personam
719 1536 757 1599 et
781 1545 864 1598 cum
887 1546 931 1599 co
956 1523 1154 1598 Rudinum.
1179 1518 1283 1611 Quod
1301 1542 1405 1596 reve·

318 1672 360 1723 ra
391 1648 605 1726 Anastasius
634 1649 733 1750 Papa
760 1674 828 1726 nec
856 1649 1016 1737 admisit,
1044 1671 1111 1727 noc
1137 1647 1325 1736 delinivit,
1350 1648 1405 1723 uti

320 1801 387 1853 suo
418 1777 498 1854 loco
531 1779 693 1878 patefiet.

426 1903 518 1981 Huic
544 1907 697 2005 denique
716 1907 850 1983 arduae
868 1904 1076 2005 Hieronymi
1098 1901 1307 1991 conditioni,
1320 1903 1406 1978 hinc

321 2053 343 2107 a
362 2030 563 2132 Theophilo
582 2035 705 2122 obsiti,
730 2035 764 2110 in
785 2059 858 2134 quo
887 2057 954 2111 nec
972 2033 1211 2134 ignorantiam
1224 2081 1235 2119 ,
1249 2055 1316 2107 nec
1334 2031 1404 2108 do-

320 2158 411 2246 lum,
436 2183 504 2237 nec
524 2161 744 2260 pravitatem
773 2163 978 2261 suspicatus
1007 2178 1077 2250 est,
1096 2161 1178 2236 inde
1206 2159 1405 2236 chemicis

322 2287 530 2366 Occidentis
551 2291 660 2377 illusi,
689 2291 873 2366 addendae
892 2314 958 2390 pro
977 2313 1021 2366 eo
1048 2313 1191 2390 quoque
1211 2302 1298 2364 suot
1318 2287 1407 2364 mul·

321 2418 466 2518 tiplices
485 2420 646 2515 eiusdem
666 2442 774 2497 curae
793 2420 829 2494 in
857 2422 970 2497 sacris
991 2420 1203 2519 praesertim
1223 2439 1408 2517 exponen·

321 2545 379 2622 dis
405 2548 614 2648 seripturis,
642 2550 736 2626 unde
755 2549 909 2626 lortesse
936 2551 1106 2626 detentos
1133 2561 1204 2637 cst,
1231 2572 1278 2624 ne
1305 2568 1406 2623 com·

321 2674 565 2771 prehenderet
592 2675 809 2764 illusionem,
828 2677 863 2750 in
888 2697 997 2775 quam
1025 2675 1151 2752 nolens
1177 2687 1306 2773 captus
1332 2687 1404 2748 εει.

323 2799 378 2876 Αε
404 2803 550 2879 interim
578 2803 682 2880 valde
709 2805 954 2903 suffragantur
980 2804 1101 2891 nobis,
1128 2823 1221 2902 quae
1249 2801 1406 2878 Severus

323 2940 412 3006 tunc
438 2931 596 3031 regionis
622 2933 810 3008 orientalis
837 2932 1057 3010 monasteria
1084 2931 1232 3016 visens,
1258 2930 1303 3007 de
1327 2929 1407 3028 ipso

324 3068 452 3133 namet
478 3059 515 3132 in
543 3058 692 3158 Dialogo
722 3055 759 3134 l.
787 3082 820 3134 c.
849 3057 912 3134 lX.

434 3207 452 3258 a
471 3185 561 3285 Ego,
581 3187 711 3286 inquit,
730 3201 772 3264 ut
791 3186 911 3264 dicere
940 3187 1184 3274 institueram,
1203 3185 1299 3285 apud
1322 3182 1408 3261 Hie·

321 3334 517 3411 ronymum
545 3337 610 3390 sex
637 3314 824 3390 mensibus
848 3314 915 3403 iui,
933 3316 990 3390 cui
1015 3315 1112 3413 jugis
1131 3314 1304 3389 adversus
1327 3333 1407 3387 mn-

319 3440 376 3517 los
412 3463 562 3542 pugne3
597 3458 886 3544 perpetuumque
924 3453 1108 3519 certamen
1137 3443 1293 3518 concivit
1325 3439 1408 3518 odia

319 3571 558 3669 perditorum.
585 3572 749 3649 Oderunt
776 3595 859 3650 eum
883 3573 1070 3660 haeretici,
1095 3575 1178 3671 quia
1202 3595 1266 3647 eos
1290 3571 1410 3670 impu·

314 3707 432 3797 ¹gnare
463 3724 534 3776 nou
563 3702 718 3778 desinit:
746 3702 902 3779 oderunt
933 3701 1069 3788 clerici,
1096 3702 1180 3800 quia
1214 3701 1326 3775 vitam
1345 3719 1411 3772 eo-

319 3849 402 3902 rum
435 3828 657 3917 insectatur,
689 3843 727 3906 ct
765 3831 928 3905 crimina.
962 3829 1031 3903 Sed
1061 3827 1168 3927 plane
1204 3849 1288 3902 eum
1322 3825 1410 3900 boui

320 3977 449 4032 omnes
481 3955 705 4033 admirantur
733 3971 772 4034 et
798 3958 966 4056 diligunt.
993 3955 1084 4031 llam
1112 3955 1174 4055 qui
1202 3976 1286 4030 cum
1316 3953 1410 4030 hae·

319 4083 476 4160 roticum
503 4107 585 4160 esse
614 4085 850 4173 arbitrentur,
888 4084 1084 4161 insaniunt.
1117 4081 1210 4159 Vere
1238 4079 1409 4166 dixerim,

319 4212 499 4290 catholica
529 4213 687 4291 hominis
714 4213 866 4292 scientia
895 4235 982 4296 sana
1010 4210 1173 4290 doctrina
1197 4222 1270 4288 est,
1293 4206 1410 4284 'lotus
