2994 4938
1135 401 1176 471 33

60 509 136 576 cilio
156 511 401 589 annectionem
423 511 546 591 ubique
566 507 649 572 idem
672 506 857 590 reperitur3
874 524 990 572 rernm
1012 505 1179 571 additionis

60 614 120 677 isus
141 623 175 678 et
195 613 444 679 circumstantiis
466 623 652 687 connexus,
683 627 768 690 quen
788 609 951 674 contenire
973 617 1178 688 mentemque

59 712 224 778 Pontidcis
243 715 401 778 sincerum
435 723 562 777 mutere
585 712 743 774 videntur.
776 708 934 789 Quaeque
956 709 1122 773 muniieste
1143 727 1179 778 u·

58 816 213 878 stendnnt
235 815 394 878 furtivum
411 813 572 876 calumum
582 830 593 890 3
609 813 665 892 qui
679 810 804 873 studuit
825 807 1046 874 Justinienum
1063 816 1095 873 et
1120 808 1179 872 Pe·

59 931 132 996 pem
156 925 190 980 et
210 919 377 997 episeopus
408 922 651 996 repraesentare
680 915 765 976 inter
785 929 819 974 sc
840 909 1002 975 discordes
1032 912 1064 973 in
1084 909 1179 991 Gepi-

59 1017 209 1081 tuiornm
230 1019 435 1098 quaestione:
454 1014 541 1096 quod
558 1031 692 1094 prorsus
716 1013 833 1076 ielsdm
855 1017 913 1076 esi.
930 1011 1015 1092 Pepe
1037 1030 1178 1093 nemque

58 1125 96 1182 nt
116 1119 149 1180 in
171 1117 305 1200 epistole
326 1117 367 1180 ed
388 1115 586 1200 Eutychinm
608 1116 748 1194 iegitur,
779 1114 818 1176 de
852 1113 1078 1194 episcoporum
1099 1131 1178 1178 cou-

1 1233 2 1236 ’
60 1227 163 1282 ventu
181 1219 322 1283 leetntus
343 1227 405 1294 est,
427 1218 523 1281 sicuti
544 1227 575 1280 et
589 1216 777 1280 discussioni
793 1215 905 1278 sonuit
924 1212 1176 1295 capitulornms

59 1320 117 1384 nisi
138 1319 229 1400 qued
251 1336 270 1381 e
291 1315 420 1401 synodo
441 1316 566 1392 niseus,
583 1318 730 1397 promisit
765 1325 870 1378 temon
892 1315 1177 1395 persemetipsum

59 1420 98 1484 de
112 1421 165 1484 his
179 1418 327 1502 proierre
345 1417 517 1500 judicium,
533 1415 806 1498 quemadmodum
835 1415 949 1480 deinde
971 1416 1035 1495 epit
1050 1418 1081 1479 in
1096 1415 1178 1483 Gon·

59 1523 198 1597 stitutu,
221 1520 350 1584 demens
373 1518 506 1582 Petrum
537 1519 667 1582 decretu
688 1518 845 1581 adversus
877 1517 937 1579 trie
960 1515 1121 1596 capitote,
1144 1521 1177 1586 ui

59 1621 203 1702 emplius
215 1617 416 1698 iudicatum,
431 1619 518 1699 quod
534 1619 625 1700 prius
645 1619 795 1682 emiserat
808 1616 1116 1698 Constantinopolim
1132 1620 1178 1682 in·

59 1737 199 1802 precem

138 1819 218 1886 Dixi
238 1827 347 1886 entem
378 1820 510 1904 repen,
527 1821 744 1902 Conciliopro
759 1820 957 1885 discussione
971 1823 1069 1885 trium
1085 1820 1178 1902 Cepi·
1312 1815 1317 1828 “

62 1925 213 1988 tutorum
232 1924 388 2000 eduneto,
412 1943 513 1989 nuum
534 1934 567 1988 et
581 1925 718 1988 elterem
737 1913 982 2003 opprobentem,
1005 1941 1067 1987 non
1082 1925 1179 1987 edeti-

61 2029 135 2090 time
160 2035 281 2088 tumens
303 2027 357 2089 sed
380 2042 439 2106 per
457 2045 492 2089 se
514 2026 697 2106 promisisse
714 2024 872 2105 judicium
895 2022 934 2086 de
955 2041 992 2086 eu
1013 2025 1177 2105 qaeestio·

61 2142 99 2190 ne
118 2125 281 2207 preferre.
305 2125 340 2188 in
368 2143 431 2207 que
454 2143 490 2190 re
511 2143 569 2189 uec
589 2124 607 2190 J
613 2126 784 2202 nstinieno,
805 2141 864 2187 nec
895 2121 1024 2209 synodo
1045 2127 1177 2204 nocuit,

62 2245 119 2291 nec
133 2227 305 2291 consitium
315 2221 616 2307 'mutesitVipiiiuse
631 2245 745 2291 verum
762 2226 915 2290 citissime
929 2229 1083 2306 sepientis
1099 2247 1178 2292 enn-

61 2339 110 2394 ctn
132 2330 326 2410 disponens,
348 2329 451 2393 decui'
466 2337 499 2392 et
519 2327 704 2408 dignitatem
732 2327 867 2391 Romani
889 2327 1098 2395 Pontificatus
1120 2349 1177 2395 eu·

63 2430 207 2507 stodirit,
228 2448 269 2493 ne
290 2431 321 2492 in
342 2429 390 2493 his
411 2430 570 2493 similibus
583 2430 824 2510 quaestionibus
845 2432 929 2493 inter
949 2433 1175 2496 contendentes

63 2531 259 2612 disceptetur
279 2529 566 2610 nubereturPnpe,
588 2529 642 2592 sed
663 2530 775 2610 juder.
796 2529 934 2610 ideoque
948 2532 1106 2596 stantibus
1127 2533 1175 2596 di·

64 2631 279 2696 ecussienibus
298 2649 332 2694 se
353 2630 530 2708 abstinuit,
553 2632 594 2694 ob
619 2630 733 2695 oeulos
754 2636 964 2696 antecessoris
985 2636 1035 2698 sui
1057 2632 1171 2697 Coede-

63 2732 133 2794 sti'ni
148 2731 255 2810 Pepee
282 2729 412 2810 restiqie
443 2730 584 2809 hebens3
601 2732 656 2811 qni
681 2734 713 2794 iu
742 2729 981 2795 commonitorio
1009 2735 1095 2814 quod
1116 2735 1175 2796 dm

65 2833 111 2897 dit
122 2831 281 2913 episcopis
301 2831 452 2895 euntibus
465 2835 495 2894 in
508 2831 674 2896 Orientem
696 2850 780 2896 enno
794 2829 863 2900 itt.
883 2853 945 2914 pro
964 2835 1093 2921 Synodo
1115 2838 1173 2900 nd·

65 2952 176 2998 versus
193 2931 393 3009 Nestorium,
410 2931 589 2996 mendaciis
607 2933 730 3009 «Cum,
749 2931 816 2996 Deo
834 2944 956 3009 nostro,
972 2937 1057 3000 sicut
1070 2938 1174 3002 credi·

65 3053 135 3098 mns
154 3043 188 3098 et
207 3051 388 3116 speremus,
410 3041 566 3108 uectore,
590 3035 628 3096 ed
651 3033 805 3098 destincte
826 3035 898 3099 loce
922 3037 1046 3101 venerit
1069 3045 1175 3103 vestre

65 3132 207 3215 (inritus,
228 3134 267 3196 ed
291 3134 479 3199 iretrem'et
499 3135 725 3215 coepiscopum
747 3124 893 3198 nostrum
916 3135 1077 3221 Cyriilum
1100 3157 1176 3204 cen·
1252 3144 1260 3160 ‘

65 3235 170 3300 silium
193 3246 338 3300 restrum
360 3255 454 3300 omne
475 3238 675 3316 convertite3
709 3237 866 3316 quidquid
889 3238 920 3298 in
940 3238 1010 3318 ejus
1033 3240 1176 3304 videritis

65 3336 209 3413 arbitrio,
233 3337 354 3401 iacietis
365 3357 377 3415 3
407 3345 441 3400 et
460 3337 653 3400 auctoritate
673 3336 762 3400 Sedis
784 3336 990 3414 Apostolicee
1011 3341 1176 3404 custodire

66 3435 182 3502 debere
202 3438 401 3502 mandemus.
418 3436 581 3518 Siquidem
596 3445 629 3501 et
649 3438 885 3513 instructiones,
901 3457 991 3519 quee¹
1008 3440 1097 3503 robis
1114 3448 1178 3504 tre-

67 3537 148 3602 ditee
166 3548 253 3615 snut,
275 3539 338 3602 hoc
358 3539 549 3618 loquentur,
575 3547 612 3604 ut
635 3539 789 3602 interesse
809 3540 982 3603 couventui
1008 3541 1172 3606 debeatisr

66 3639 105 3702 ed
124 3640 385 3720 disceptetionem
405 3641 433 3703 si
454 3640 552 3704 inerit
574 3649 719 3720 ventum,
747 3659 803 3704 ros
818 3642 858 3703 de
877 3659 992 3705 eorum
1012 3645 1174 3708 sententiis

66 3739 209 3820 indicere
230 3735 386 3816 debeatis,
409 3758 471 3803 non
491 3741 602 3833 subire
624 3747 787 3805 certamen
809 3749 900 3804 etc.»

142 3841 223 3907 Cum
244 3859 323 3922 ergo
338 3841 540 3906 Goeiestinns
559 3843 672 3922 legetis
688 3843 719 3904 in
733 3841 898 3906 Orientem
921 3843 1073 3924 proiectis
1098 3845 1173 3908 telin

67 3944 215 4021 previdit,
236 3942 299 4007 hoc
314 3944 388 4008 item
405 3942 541 4023 vigilius
558 3961 618 4024 pro
643 3961 702 4008 eun
725 3944 945 4008 consestentis
968 3954 1044 4008 tunc
1064 3963 1174 4007 serun-

68 4045 133 4120 rit,
162 4064 196 4109 se
216 4059 280 4108 non
311 4052 432 4109 tentum
454 4045 651 4109 discussione
672 4043 855 4123 abstinens,
877 4047 932 4110 sed
958 4055 990 4110 et
1012 4047 1044 4108 in
1066 4063 1176 4122 perso·

68 4161 106 4206 nr
125 4151 331 4212 ecertnmine
351 4166 425 4211 enm
447 4147 603 4226 episcopis
624 4145 906 4214 incanescente
924 4147 995 4210 ideo
1017 4148 1093 4212 hnic
1113 4149 1176 4212 sin-

70 4259 157 4316 ueree
170 4249 352 4416 poeltifisse
373 4251 530 4315 locutioni
551 4249 657 4314 addite
679 4251 711 4316 in
726 4251 804 4317 eutis
826 4250 924 4332 nujus
945 4248 1076 4416 synnai,
1093 4249 1175 4313 idest

209 4370 251 4416 o.
323 4397 330 4413 .
