2982 4934
137 494 229 561 Patet
252 499 347 574 enlm,
369 515 444 562 cnm
466 495 663 579 Theophilus
683 501 716 562 in
729 496 857 562 Litteris
870 496 1028 583 synodicis
1050 513 1159 559 moun·

58 598 191 662 cbornm
220 601 428 663 temeritatem
447 601 569 679 arguit,
587 599 744 664 Severum
765 617 807 663 ex
828 601 965 662 adverso
987 600 1157 662 monachos

56 709 85 760 et
97 701 263 780 episcopos
275 718 335 763 nna
352 703 600 780 reprehendere,
613 701 731 780 quippe
746 719 779 763 se
790 719 824 764 se
837 703 957 764 mutuis
970 701 1157 762 incessentes

57 801 1159 882 ffimm3memmmsmmmmemmmememewmm

56 900 262 982 Theophilus.
292 901 426 982 insuper
453 905 560 982 (quod
594 923 649 966 uos
680 903 853 966 admodum
882 903 997 984 juvet)
1020 899 1158 966 ilistori-

59 1021 110 1064 cus
132 1005 221 1066 testis
236 1003 384 1068 oculatos
399 1004 439 1066 de
460 1002 584 1067 Nitriae
598 1005 798 1066 monosteriis
819 1004 961 1078 locutus,
985 1003 1106 1082 ubique
1122 1001 1157 1062 ii·

57 1103 133 1178 dem,
149 1104 275 1184 ubique
291 1105 453 1185 pietatem,
471 1107 591 1187 nbiqnn
611 1107 697 1186 leges
719 1108 907 1169 monasticas
922 1115 1035 1166 cxnctc
1050 1111 1157 1167 custo·

57 1203 1151 1289 mmmwffl3mfflrmmmmsmpmmmswmmmmffim

58 1315 157 1368 eontra
180 1307 376 1388 apostolicas
398 1311 633 1389 institutioucs3
663 1329 767 1391 neque
788 1310 855 1372 uile
879 1310 1002 1373 haeresi
1026 1307 1159 1370 inlectos

60 1407 139 1488 dicit3
160 1409 245 1473 adeo
266 1419 316 1487 nt,
337 1411 366 1474 si
386 1412 405 1473 ii
428 1419 549 1474 tuntum
568 1413 713 1493 Aegypto
734 1411 870 1476 exulare
891 1409 1061 1491 compulsi,
1083 1409 1158 1474 bae·

59 1509 137 1571 retici
152 1511 311 1592 impiique
323 1512 456 1576 habendi
472 1515 544 1586 sint,
557 1515 700 1594 ipsorum
717 1513 872 1592 pnteiactn
885 1511 946 1575 lide
961 1510 1157 1583 orthodoxa,

62 1611 226 1676 meniiestis
248 1613 511 1676 obtestationibus
533 1632 641 1677 coram
666 1613 806 1677 Ecclesia
831 1613 993 1686 roborata,
1018 1629 1160 1676 necessa·

63 1713 103 1774 rio
116 1713 323 1777 statuentium
345 1717 385 1776 sit
403 1717 434 1776 io
456 1717 654 1778 monasteriis
668 1714 793 1780 Nitriae
808 1733 866 1778 neo
886 1715 1033 1793 Origenis
1049 1715 1161 1776 hoere-

61 1814 109 1873 sim
123 1832 181 1875 nnc
202 1816 377 1877 monachos
392 1817 578 1893 origenistas
593 1817 772 1879 haereticos
788 1816 934 1894 reperiri,
951 1816 1009 1878 nisi
1024 1817 1055 1875 in
1070 1831 1157 1876 meu·

61 1905 89 1975 ¹tc
106 1913 287 1994 Theophili.
306 1915 368 1993 Qui
386 1918 543 1980 haeresim
559 1917 703 1980 conludit
729 1935 802 1980 cum
818 1935 943 1990 errore,
969 1925 1025 1979 aut
1040 1917 1159 1996 disqui-

61 2017 194 2080 sitionem
218 2019 363 2082 criticum
383 2019 423 2080 de
443 2019 642 2096 interpolatis
656 2017 803 2099 Origenis
824 2018 999 2091 codicibus,
1016 2017 1070 2080 ubi
1085 2017 1160 2080 cui-

62 2135 116 2193 que
135 2119 331 2181 contendere
351 2119 479 2192 licebat,
499 2121 595 2182 vertit
608 2120 639 2181 iu
653 2127 879 2199 argumentum
900 2118 1099 2198 theologicae
1114 2118 1162 2182 di·

64 2222 258 2294 epulationis,
282 2221 494 2284 condemnans
517 2224 562 2284 nti
585 2221 775 2296 bnereticos,
796 2223 852 2302 qui
875 2238 937 2283 non
958 2220 1161 2300 disputabunt

64 2335 114 2395 pro
134 2321 260 2384 hnercsi
282 2340 339 2385 nec
361 2341 420 2402 pru
437 2322 609 2386 haeretico.
625 2322 685 2387 Sed
706 2323 937 2386 contendebant
953 2340 1028 2386 num
1045 2339 1103 2386 nec
1122 2340 1162 2386 nc

63 2416 207 2500 Origenes
220 2425 399 2504 scripsisset
414 2433 445 2486 et
467 2424 630 2504 professus
650 2435 743 2496 esset,
761 2425 935 2505 dequibus
957 2424 1162 2487 insimulabu-

65 2529 129 2598 tur,
161 2541 305 2599 errores,
328 2525 522 2603 argumentis
543 2526 776 2606 multiplicibus
798 2528 954 2606 persuasi,
977 2525 1159 2588 Adamoutii

64 2625 168 2702 scripta
182 2625 282 2688 luisse
293 2635 460 2704 corrupto,
474 2643 531 2688 nec
542 2624 664 2688 idcirco
676 2626 852 2690 Auctorem
863 2627 1064 2708 anathemate
1077 2625 1160 2688 mni·

64 2725 203 2789 cundum
224 2745 306 2800 esse,
325 2727 425 2790 ueluti
441 2729 674 2806 'sapientissime
696 2728 818 2788 notarit
838 2725 997 2798 Severus,
1013 2728 1158 2808 apprimo

65 2826 172 2889 callens
187 2829 385 2908 quaestionis
401 2828 498 2910 h'ujos
514 2829 676 2894 terminos.
695 2828 729 2891 ln
744 2847 808 2910 qna
825 2847 860 2891 re
876 2827 1062 2912 liicrongtui
1079 2847 1161 2908 qno·

66 2943 121 3005 qne
135 2937 258 2992 constat
279 2929 388 2991 illusio
404 2930 567 3008 probantis
587 2946 671 3010 quae
692 2931 847 2992 adversus
862 2931 1035 2992 monachos
1051 2929 1162 2993 decre·

68 3037 148 3091 verat
167 3027 379 3110 Theophilus.

136 3129 173 3193 Et
194 3131 272 3211 qnid
293 3131 422 3196 demum
444 3150 485 3195 ex
506 3133 553 3196 his
571 3131 632 3195 lide
652 3132 753 3213 dignis
771 3135 994 3208 monumentis,
1012 3132 1160 3212 pluribus

69 3231 268 3310 scriptoribus
279 3239 310 3294 et
322 3231 451 3311 quidem
467 3233 594 3295 coaevis
608 3233 869 3313 suffragantibus,
885 3233 1065 3297 eruendum
1077 3231 1162 3296 erit?

69 3327 141 3404 Quid
162 3332 303 3412 prudeus
322 3333 439 3409 lector,
455 3335 682 3398 animadversis
702 3343 749 3397 tot
770 3335 986 3414 undequaque
1008 3335 1161 3420 tortuosis

67 3426 224 3512 Theophili
245 3435 419 3498 incessibus
433 3437 473 3497 ab
495 3436 630 3499 exordio
650 3435 689 3499 ad
712 3436 805 3498 linem
827 3453 930 3516 nsque
952 3438 982 3497 in
1004 3454 1099 3499 causo
1115 3434 1159 3499 0-

70 3530 171 3609 rigenis
190 3537 328 3616 ejusque
350 3536 527 3613 lentorum,
546 3538 626 3601 adeo
648 3548 685 3602 nt
705 3538 832 3600 nulium
847 3538 905 3600 sibi
927 3539 1066 3617 supersit
1080 3536 1161 3599 edn-

72 3633 150 3708 glum
168 3636 379 3714 improbitatis
400 3654 478 3700 snae
499 3639 529 3700 in
552 3639 612 3702 hoc
633 3641 760 3719 negotio
773 3681 783 3713 ,
798 3639 874 3716 qnid
896 3637 1036 3718 prudens
1056 3636 1161 3697 lcctor

71 3729 221 3798 deducet?
245 3733 446 3815 Ubicumque
466 3740 551 3822 euius¹
572 3740 795 3802 manifestatur
815 3739 955 3819 injuria,
979 3754 1076 3817 qnam
1097 3736 1157 3798 sibi

70 3825 253 3915 Theophilus
273 3837 381 3900 intulit
402 3845 434 3900 et
453 3842 641 3919 praesertim
662 3841 787 3904 muneri
807 3857 869 3903 suo
887 3857 994 3913 sucro,
1017 3855 1075 3900 occ
1095 3854 1158 3900 non

72 3929 203 4012 Origenis
217 3935 289 3998 iidei
304 3939 458 4014 sincerae,
481 3956 520 4002 ac
539 3941 667 4012 ceteris,
688 3942 743 4020 qni
769 3947 878 4020 pques
904 3941 1001 4024 hujus
1022 3940 1158 4019 ingenue

73 4039 99 4094 et
118 4033 250 4102 fideliter
273 4048 493 4121 suscoperunt.
520 4040 609 4106 Nihil
633 4042 771 4123 amplius
792 4042 864 4105 inde
889 4051 1033 4119 constat,
1058 4057 1157 4120 quom

74 4125 208 4209 lervu'rsn
230 4146 328 4226 ipsius
348 4141 517 4223 Theophili
538 4143 748 4219 couscientia,
771 4150 803 4205 et
824 4144 1022 4222 potissimum
1047 4141 1089 4205 ob
1110 4148 1158 4205 tul

74 4247 244 4325 aerumnas,
278 4247 308 4309 io
331 4262 412 4326 quas
433 4244 501 4326 pios
529 4251 561 4310 et
588 4253 714 4309 sanctos
737 4245 821 4308 viros
842 4244 1007 4326 iniecerit,
1037 4243 1158 4307 nullius
