3138 4950
133 467 343 551 Quapropter
356 487 432 536 cnm
453 471 479 536 is
499 471 606 538 edicio
620 459 792 539 iustiniani
816 475 856 539 do
872 474 934 541 buc
965 480 1157 557 quaestione
1179 497 1253 561 par·

132 568 281 649 ticipsssu
302 570 434 648 dieitur,
452 589 557 652 mono
577 575 711 648 sentire,
728 591 813 655 quas
833 575 947 640 docuit
967 577 1036 654 illc,
1054 578 1120 642 dou
1143 597 1254 646 neccs-

128 672 219 738 sario
240 672 450 754 inleruotnr;
481 693 541 740 nec
563 677 669 756 ipsum
695 675 906 757 drogonum,
939 699 997 744 neu
1030 680 1251 748 lusiioiaoom

129 775 292 840 bseresim
306 776 472 842 admisisse
486 777 703 859 caianitarum
717 788 751 843 ct
767 779 1024 863 julianistarum
1051 784 1253 866 proindeque

127 878 249 942 burnrn
270 877 476 944 sdversarius
489 881 552 943 sub
573 879 655 946 irlau
678 881 900 948 orthodoxiae
921 885 994 949 celo
1016 885 1101 950 inter
1120 887 1251 968 ignaros

128 979 371 1060 amrodandm3
397 981 454 1061 qui
484 990 644 1059 errantes,
678 982 873 1049 orthodoxis
900 986 977 1050 siris
1005 985 1251 1068 adscripserunt

127 1096 274 1148 errores.

209 1181 293 1250 Gom
314 1190 424 1250 sutum
446 1185 478 1248 in
500 1184 560 1248 bau
580 1194 673 1266 partu
694 1185 868 1252 Iustiniani
889 1188 967 1253 tides
988 1189 1030 1254 ab
1050 1189 1249 1254 obtrectato-

128 1302 206 1349 rom
235 1284 347 1365 lingna
371 1284 530 1350 vindicata
561 1289 616 1365 sit,
638 1289 734 1352 sicuti
756 1289 788 1351 in
816 1291 946 1364 ceteris,
968 1307 1053 1371 quau
1083 1289 1126 1354 ob
1147 1292 1248 1354 trinus

129 1385 361 1466 Capitolorum
383 1389 604 1468 quaestionem
633 1389 675 1470 ab
695 1409 735 1455 eu
757 1398 883 1471 patruis
913 1392 1069 1456 dicuutur
1092 1391 1249 1455 adsersus

131 1485 286 1567 vigilium
308 1486 441 1570 Papam,
458 1498 652 1572 ceterosque
672 1494 855 1574 episeopus,
873 1502 910 1557 ut
930 1493 1082 1573 superios
1103 1493 1248 1574 dispota-

129 1595 202 1652 tum
224 1595 294 1668 ειη
317 1588 371 1652 obi
396 1590 447 1653 rsl
477 1591 674 1667 haereticus,
696 1603 755 1657 ant
779 1595 1021 1658 baereticorum
1043 1593 1157 1658 iuutur
1177 1593 1248 1658 cui·

127 1697 232 1769 patos
263 1688 416 1771 Princeps
436 1699 471 1756 ci
500 1693 632 1773 quidem
655 1694 839 1758 immerito:
872 1694 950 1758 nolu
971 1694 1045 1760 ideo
1066 1695 1247 1776 prastcrirs

132 1789 309 1870 quamdam
342 1788 458 1855 Nicutii
483 1793 626 1873 episcopi
657 1794 845 1858 trevirensis
875 1794 915 1857 ad
947 1795 1099 1860 cumdem
1129 1797 1249 1874 episto-

129 1891 212 1971 lam3
228 1892 283 1956 ubi
306 1891 401 1957 valde
424 1893 519 1958 raldo
540 1894 719 1974 surripitur
742 1904 780 1958 nt
801 1897 918 1974 impios
939 1903 974 1960 et
987 1902 1179 1976 persecutor
1192 1914 1248 1959 ur·

128 1993 294 2058 tboduxae
315 1991 401 2058 lidei.
425 1992 514 2070 Quas
541 1996 668 2060 litteras
687 1996 903 2074 sirmondins,
926 1995 1108 2075 Lebissos,
1124 1998 1247 2079 aliique

127 2097 323 2161 summisere
334 2105 518 2177 postremas
532 2097 678 2180 ejusdcm
692 2099 818 2179 imperii
833 2100 931 2164 aetsti
946 2099 988 2164 ob
1003 2110 1245 2182 praesumptum

127 2197 422 2280 incorruptibilium
436 2200 608 2276 baeresim,
623 2199 655 2262 in
670 2217 768 2280 quam
789 2199 901 2280 lapsus
914 2199 1036 2266 dicitur
1051 2199 1244 2281 imperator.

210 2301 362 2366 Attamen
382 2302 540 2381 epistotae
562 2309 657 2366 tenor
673 2302 746 2365 talis
764 2321 835 2366 esse
855 2303 1069 2383 comperitur,
1086 2309 1123 2367 ui
1139 2301 1246 2366 ridea-

127 2411 187 2468 tur
205 2402 339 2467 excludi
355 2403 578 2484 praelatorum
601 2405 748 2467 uirorum
769 2403 891 2484 opinio.
909 2401 944 2468 ln
965 2404 1015 2468 bis
1032 2421 1174 2484 namquo
1193 2403 1246 2468 tit·

131 2506 211 2569 iuris
232 2502 378 2569 Nicetins
400 2506 517 2585 iuquit,
536 2503 756 2569 lastinianum
786 2507 818 2569 io
841 2504 1036 2570 horrendam
1056 2513 1178 2570 sectam
1198 2505 1247 2568 la»

128 2623 238 2688 psum,
261 2603 403 2671 Nestorii
424 2613 458 2670 et
477 2603 669 2688 Eutycbetis
690 2607 880 2692 amplexum
903 2607 1114 2687 impietatem,
1137 2607 1181 2670 ita
1208 2615 1246 2672 ut

126 2709 274 2784 doceret,
298 2705 457 2773 Christum
473 2725 594 2786 purum
614 2707 770 2772 bominem
788 2708 907 2790 fuisses
930 2725 967 2773 ac
988 2708 1061 2776 ideo
1081 2707 1246 2774 absoluo·

125 2807 218 2872 bilsm
235 2809 480 2889 perscuulioorm
500 2807 674 2873 morasse:
707 2808 823 2872 mullus
841 2808 975 2890 periuds
999 2811 1106 2889 lupsrs
1122 2807 1242 2892 [scissa.

129 2908 227 2986 Quis,
247 2910 337 2975 uddit
355 2907 514 2984 Nicetium,
536 2919 573 2974 ul
604 2909 730 2986 Pulrcs,
751 2929 831 2992 quus
849 2909 999 2974 osusruri
1021 2911 1181 2986 debueras,
1202 2911 1246 2974 ud

124 3012 247 3085 cordus,
267 3013 310 3075 od
340 3010 481 3075 diuersus
501 3029 610 3074 cruccs
629 3011 775 3086 millcrus,
804 3007 1020 3092 prouocauit?
1041 3009 1135 3077 liuns
1158 3009 1245 3092 Erue

124 3112 243 3179 lilleris
254 3112 472 3193 promentibus
487 3110 587 3176 ileum
600 3122 742 3178 uuslrum
756 3110 1010 3195 coniurauimus,
1028 3111 1160 3194 iusuper
1173 3129 1246 3175 cuu-

125 3226 283 3280 lcslomur
296 3225 371 3280 ulsl
384 3225 420 3280 lu
440 3213 622 3280 rsocrloris.
644 3215 687 3280 Ill
699 3221 838 3295 quantos
849 3212 958 3295 purirs
970 3212 1104 3279 suusirli
1120 3213 1157 3276 io
1171 3213 1245 3278 dor·

124 3317 229 3382 rcudu
235 3315 462 3397 perocculiuos,
473 3324 625 3378 rsucrlcrc
633 3333 793 3397 pruouccr.
804 3313 887 3380 Nom
901 3326 1010 3381 nutum
1025 3315 1084 3378 libi
1095 3314 1149 3391 sil,
1161 3314 1246 3398 quud

122 3428 191 3483 lnlu
211 3415 325 3495 Italic,
338 3416 463 3500 iutspru
484 3418 609 3500 Africo,
627 3415 798 3500 Πειραιέα,
814 3417 862 3482 ocl
879 3414 989 3484 Golliu
1003 3427 1117 3480 cuuctu
1131 3433 1244 3482 sumes

123 3529 232 3594 suum,
251 3537 325 3582 eum
345 3521 383 3584 ds
397 3519 576 3600 perditione
597 3529 654 3584 tuo
670 3521 819 3599 pluruul,
839 3517 1113 3582 uootbsmutiuool
1133 3526 1195 3582 ctu.
1233 3555 1235 3560 ,

206 3616 362 3694 Ceteram
382 3619 514 3701 qnando
536 3619 704 3684 babbaens
725 3627 757 3684 ci
778 3619 979 3685 sirmondius
1000 3627 1127 3700 potant,
1149 3614 1244 3682 Nice·

126 3721 316 3786 til'iiiicras
339 3721 493 3787 vellicare
520 3721 740 3787 torristonam
762 3721 804 3786 ob
835 3717 1132 3802 incorruptibilium
1153 3735 1245 3786 erru-

122 3842 209 3898 rsm,
230 3833 363 3903 practer
381 3824 478 3899 iilud,
501 3822 588 3906 qoud
612 3826 784 3904 bucusque
804 3823 927 3887 diotom
948 3830 997 3889 est
1015 3821 1055 3886 de
1076 3821 1175 3904 boios
1195 3819 1244 3884 in·

124 3925 343 3990 simulationis
365 3925 518 4002 frisionis,
548 3934 579 3988 et
603 3926 664 3988 boc
684 3925 868 3988 addendum
890 3932 951 3999 esi,
973 3924 1079 4005 posilu
1100 3922 1163 3988 buc
1183 3918 1244 3987 lo·

124 4027 254 4093 stioiaoi
270 4045 399 4105 erroro,
414 4045 478 4092 nuo
500 4027 620 4092 Cbristi
641 4026 856 4102 divinitatem,
871 4033 907 4089 ut
926 4025 1049 4106 legitor
1064 4027 1096 4088 in
1116 4041 1156 4089 ιι
1175 4023 1244 4102 cpi·

121 4129 223 4206 stola,
248 4146 309 4210 per
328 4129 413 4195 banc
426 4125 720 4208 incorruptibilium
735 4129 894 4192 baeresim
918 4127 1041 4207 nugari,
1057 4127 1112 4190 sed
1136 4127 1244 4205 potius

121 4231 372 4312 humanitatem,
391 4233 462 4300 rire
482 4231 644 4297 homones
672 4228 819 4312 sinodum
848 4237 986 4298 noturus
1014 4228 1242 4311 proprietatos·
