3138 4950
1152 403 1215 472 38³

180 503 328 570 Attamen
343 505 399 585 qui
419 505 667 582 supertucsunt,
690 505 812 583 quique
826 512 1065 577 successerunt,
1089 508 1212 585 opinio-

106 623 173 668 nem
200 606 416 671 universelem
440 606 623 685 etquidem
645 608 802 668 sinceram
824 621 900 684 erga
916 605 1134 668 iustiniannnn
1156 627 1213 670 ex·

105 708 272 786 primeutes
293 725 333 770 ss.
355 705 534 786 Gregorius
557 705 693 786 Magnus
708 713 740 768 et
757 707 884 785 Agatho
906 705 1088 781 Pontifices,
1111 709 1213 770 omui·

103 807 191 870 mode
209 807 284 871 huie
305 808 473 870 assertioni
488 808 688 870 contrarium
705 809 874 870 contestati
896 815 971 868 sunt
980 827 992 885 ;
1014 816 1045 868 ct
1061 825 1211 886 praescr·

102 907 154 970 tim
175 909 303 988 Agatho
325 911 356 970 in
377 908 522 988 praelata
545 909 680 988 epistole
703 909 742 970 ed
766 905 955 970 llereclium
978 917 1010 970 et
1027 907 1210 972 Tiberium

105 1009 154 1069 ubi
175 1008 213 1071 de
234 1009 348 1071 eodum
370 1009 488 1088 ioquin
511 1007 710 1084 «Quantum
733 1009 758 1071 is
781 1024 840 1086 pro
861 1009 986 1069 sincere
1008 1007 1208 1073 confessione

101 1103 163 1170 lieo
177 1109 313 1188 placuit,
331 1116 455 1172 tentum
472 1106 708 1188 rempublicam
725 1108 934 1171 christianam
951 1109 1176 1189 magnificavit.
1194 1129 1211 1168 s

101 1205 316 1285 Detumuere,
338 1213 647 1291 praestantissimam
677 1211 784 1290 megui
805 1209 978 1275 lustiuieni
1003 1212 1156 1273 virtutem
1178 1219 1211 1273 et

99 1311 244 1388 pietatem
276 1314 381 1374 omnia
403 1313 434 1373 iu
458 1312 626 1375 meliorem
659 1311 808 1375 ordinem
840 1314 1047 1374 instaurasse.
1074 1309 1117 1372 Et
1139 1312 1212 1375 biuc

94 1408 164 1489 pino
181 1412 350 1476 memoriae
379 1412 464 1476 bunc
493 1413 636 1476 nominet
660 1421 704 1488 et,
730 1420 767 1475 ut
788 1412 930 1476 alterum
952 1411 1210 1485 Constantinum,

98 1514 223 1578 unitatis
240 1511 404 1577 Ecclesiae
419 1513 700 1577 studiosissimum.
716 1511 797 1576 ltem
814 1512 926 1577 Patres
948 1515 978 1575 in
994 1511 1124 1593 Synodo
1139 1533 1210 1577 ser·

98 1619 126 1674 te
157 1623 347 1678 reverenter
376 1631 459 1686 enne,
486 1613 543 1696 poi
570 1611 607 1676 ln
627 1613 748 1677 eunctis
776 1623 832 1689 est,
859 1623 1088 1694 nuncuparunt
1109 1613 1211 1678 lusti·

98 1715 234 1781 alanum.

171 1815 269 1893 Quod
291 1825 399 1882 eutem
431 1818 471 1882 de
491 1817 666 1883 Justinieui
687 1819 806 1897 pietate
826 1819 998 1900 bucusque
1029 1819 1151 1894 uolani,
1174 1817 1208 1879 il·

99 1917 150 1980 lud
172 1919 256 1983 idem
279 1918 488 1983 asserendum
517 1930 565 1982 est
587 1920 626 1982 de
648 1916 819 1983 Theodora
841 1929 998 2000 augusta;
1027 1920 1123 2000 cujus
1146 1937 1211 1982 me·

100 2021 197 2082 morie
219 2037 238 2082 a
257 2018 418 2101 Procopio
433 2021 464 2084 iu
484 2021 577 2084 libris
593 2018 638 2083 Dc
658 2019 820 2099 Aedificiis
835 2039 908 2083 cum
930 2021 1029 2084 laude
1051 2024 1162 2097 citata,
1179 2021 1211 2081 in

94 2119 258 2184 decedatis
271 2123 489 2201 vituperatur.
505 2119 596 2186 Hauc
613 2122 785 2186 mulierem
797 2139 861 2183 non
873 2122 1044 2202 ignoratur
1059 2122 1208 2202 eliquen-

96 2220 135 2282 do
155 2230 263 2302 parter
283 2223 462 2302 suscepisse
490 2221 724 2301 acephalorum
746 2229 778 2284 et
799 2225 989 2299 praesertim
1013 2223 1165 2286 Antblmi·
1178 2226 1210 2285 in

96 2322 314 2401 episcopetum
336 2323 719 2402 constantinopolitanum
742 2323 869 2386 intrusi.
891 2320 1104 2385 Tentumdem
1129 2339 1208 2385 vero

97 2437 154 2484 non
175 2423 276 2486 lateat
298 2423 443 2484 eamdem
468 2424 651 2502 resipuisse.
676 2421 717 2486 Et
738 2423 837 2503 hujus
858 2424 1098 2503 resipiscentiae
1121 2425 1209 2485 testis

98 2531 142 2586 eet
163 2521 301 2603 vigilius
333 2522 418 2601 Pnpe
440 2525 471 2586 in
502 2525 638 2603 epistola
661 2523 690 2586 i.
713 2523 752 2585 ed
777 2526 964 2587 duranium
995 2525 1209 2587 arelatensem

95 2639 144 2684 au.
158 2622 228 2694 545.
247 2625 302 2688 ubi
324 2625 390 2686 ait:
409 2625 578 2705 «Oportet
595 2641 673 2704 ergo
688 2623 925 2687 lreternitatem
947 2633 1086 2687 vestram
1109 2626 1209 2689 inces-

97 2727 237 2790 santibus
257 2727 547 2806 supplicationibus
562 2724 630 2788 Deo
651 2735 762 2789 nostro
778 2744 890 2808 preces
904 2725 1084 2802 eliundere,
1101 2735 1136 2790 ut
1151 2727 1206 2790 do·

98 2841 182 2889 mnus
203 2826 288 2888 lilios
309 2835 437 2890 nostros
458 2827 722 2890 clementissimus
747 2829 907 2909 principes
923 2826 1140 2893 lastinianum
1162 2837 1210 2890 et·

96 2945 157 3005 que
176 2925 383 2990 Theodoram
404 2945 463 2991 sue
484 2945 614 3008 semper
635 2929 838 3008 protectione
858 2931 1040 2992 custodiet:
1068 2932 1124 3010 qui
1147 2949 1207 3009 pro

95 3026 140 3088 his
158 3039 218 3091 etc.
237 3027 418 3092 »Secundo
432 3029 608 3102 admodum
624 3029 701 3091 huic
722 3030 864 3108 opinioni
878 3027 1079 3109 suffragatur
1095 3027 1208 3092 Victor

98 3131 283 3193 tununensis
304 3130 336 3190 iu
364 3127 542 3207 Chronic05
567 3129 620 3190 ubi
641 3130 852 3208 quantumvis
881 3131 1051 3191 ostendere
1072 3137 1210 3192 conetur

100 3222 205 3307 vigilii
228 3230 441 3292 intrusionem
457 3231 487 3291 in
512 3226 814 3292 reret-cathedram
830 3247 870 3290 ex
894 3228 992 3307 ipsius
1014 3225 1207 3294 Theodoree

94 3329 212 3404 studio,
235 3347 299 3392 uou
320 3331 420 3392 audet
435 3340 540 3393 tamen
562 3331 644 3392 hauc
660 3347 850 3408 nuncupere
872 3329 977 3408 pelam
994 3330 1204 3407 haereticam;

93 3427 145 3488 sed
168 3430 393 3493 tautummodo
414 3429 492 3492 dieii
523 3448 594 3493 cem
616 3427 792 3492 inocculto
824 3429 1057 3509 acephalorum
1087 3438 1208 3492 sectam

93 3545 310 3608 propugnare.
335 3528 372 3592 lu
392 3548 461 3610 quo
484 3531 574 3592 nubis
604 3532 699 3608 (cum
724 3529 791 3592 Deo
811 3529 872 3593 soli
904 3529 1033 3593 occulte
1057 3532 1207 3609 pateant)

93 3627 188 3693 liceat
218 3633 426 3710 interpretari
457 3631 675 3694 orthodoxam
698 3632 796 3710 ipsius
818 3631 925 3707 tidem,
950 3630 1080 3709 publice
1101 3649 1209 3696 emen·

95 3731 168 3794 dato
189 3749 318 3808 errore,
344 3732 462 3812 pinque
482 3731 666 3795 deiunctae.

172 3829 244 3894 Hoc
265 3840 374 3896 eutem
407 3833 585 3913 plurimum
609 3833 786 3898 roboretur
816 3851 833 3894 e
858 3831 988 3911 Pelagio
1020 3830 1104 3914 Papa
1128 3829 1208 3897 isin

96 3933 231 4013 epistula
245 3930 285 3994 11.
302 3932 341 3994 ad
363 3933 608 3999 childebertum
629 3952 759 4015 regem:
785 3936 838 3998 ubi
861 3935 921 3998 sub
936 3933 1028 3996 dieue
1042 3935 1209 3998 memoriae

96 4033 190 4097 titulo
212 4040 374 4096 mortuam
390 4031 595 4097 Theodoram
618 4037 827 4116 nuncupavit.
854 4034 894 4098 Et
915 4036 946 4097 iu
969 4035 1104 4099 Actione
1121 4035 1205 4099 xlv.

94 4130 229 4198 Concilii
250 4135 449 4198 oecumenici
472 4133 527 4197 Vl.
548 4134 722 4201 iustiniani
745 4144 777 4200 et
797 4135 990 4201 Theodorae
1010 4137 1137 4201 uomina
1162 4139 1209 4202 bis

95 4236 156 4299 sub
187 4234 247 4316 τῆς
269 4233 361 4316 θείας
383 4234 501 4319 λήξαις
534 4235 625 4302 dieue
645 4236 808 4302 memorius
838 4239 934 4303 titulo
966 4247 1208 4319 praenotentur.
