3186 4946
111 485 149 530 ex
169 463 303 532 Eusehii
322 465 405 532 tides
426 469 523 534 sicuti
544 469 683 550 amplius
704 477 778 534 ante
794 467 929 534 Concitti
954 467 1077 532 nicaeni
1101 487 1219 532 serum

113 567 281 645 probatur,
296 568 407 633 Patres
427 571 668 651 scriptoresque
683 571 917 634 ecclesiasticos
931 570 962 632 in
977 572 1095 650 quibus
1110 570 1224 650 Orige-

112 685 193 744 oem,
215 670 279 734 hoc
300 670 493 752 praetulisse
516 671 725 746 vocabulum,
743 671 785 734 itu
803 678 839 735 ut
858 670 999 736 Socratis
1015 670 1165 736 firmetur
1181 680 1226 735 te·

112 768 304 832 stimonium.

185 869 313 937 Verum
335 872 433 954 hujus
455 875 502 938 rei
520 882 747 954 argumentum
768 875 909 940 validum
924 874 964 938 ah
981 877 1047 954 ipss
1063 873 1137 937 fidei
1152 891 1226 953 pro·

116 973 244 1036 lessioue
266 975 447 1038 eruendum
469 986 536 1050 est,
558 993 656 1056 qnam
680 973 858 1040 Caesareae
880 975 1058 1056 Episcopus
1081 976 1165 1038 misit
1185 975 1224 1036 ad

115 1076 280 1152 paroeciae
299 1095 379 1140 snae
402 1079 558 1152 homines,
575 1084 607 1140 et
622 1078 663 1140 ab
683 1079 796 1140 eodem
821 1076 996 1140 Athanasio
1017 1079 1146 1140 citatam
1173 1077 1228 1138 sd·

117 1193 222 1240 sersus
245 1178 348 1255 ipsius
371 1175 500 1242 Eusebii
522 1187 739 1242 accusatores.
763 1177 810 1241 lta
832 1197 972 1257 namque
992 1197 1017 1242 s.
1035 1177 1229 1242 Athanasius

116 1273 157 1336 lis
174 1277 306 1341 derretir
326 1276 402 1356 fidei
421 1277 573 1342 nicaenae
593 1297 624 1342 n.
646 1277 676 1344 3.
693 1280 737 1341 sit
753 1301 769 1338 s
787 1277 889 1342 immo
910 1279 997 1359 quod
1020 1281 1139 1342 mirum
1161 1288 1227 1353 est,

118 1377 178 1456 ipse
199 1377 365 1443 Eusebius
387 1379 564 1444 Caesareae
586 1380 617 1441 in
640 1378 819 1442 Palaestina
842 1379 1024 1459 episcopus,
1047 1381 1103 1459 qui
1127 1379 1229 1460 pridie

117 1479 287 1551 restiterat,
311 1489 421 1560 postea
441 1481 644 1560 subscripsit,
668 1487 701 1542 et
722 1479 805 1542 hauc
827 1477 991 1542 Ecclesiae
1013 1479 1106 1542 tidem
1123 1487 1156 1542 et
1172 1477 1229 1544 Pa·

119 1585 198 1640 trum
221 1581 427 1642 traditionem
449 1599 530 1656 esse,
554 1581 656 1644 missis
677 1579 716 1641 ad
738 1597 830 1643 suam
854 1579 1022 1643 ecclesiam
1043 1580 1172 1655 litteris,
1190 1581 1230 1644 si·

117 1678 297 1756 quiticasit,
320 1680 536 1760 omnibusque
559 1688 670 1760 aperte
692 1681 871 1744 declaravit
892 1681 967 1744 illos
988 1681 1079 1761 prins
1107 1698 1233 1744 errasse

121 1777 304 1860 trustrsqne
327 1782 483 1844 adsersus
507 1782 676 1844 veritatem
699 1782 909 1844 contendisse.
932 1780 1021 1844 Licet
1041 1784 1125 1844 enim
1157 1789 1232 1844 tunc

119 1895 186 1942 cum
206 1882 257 1944 his
283 1881 416 1946 vocibus
439 1883 486 1946 uti
508 1883 676 1963 puduerit,
699 1890 799 1961 utque
822 1888 859 1946 ul
882 1882 1007 1958 soluit,
1031 1883 1151 1962 ipsese
1174 1880 1235 1945 Ec·

119 1979 231 2042 clasiae
253 1983 463 2045 excusaverit
474 2002 486 2060 ς
511 1992 618 2046 tamen
639 2001 714 2046 cum
731 1985 763 2044 in
786 1982 922 2063 epistola
942 1983 1029 2045 vocis
1049 1977 1234 2044 homousios

119 2080 380 2146 carsubstostieie
400 2090 432 2146 el
451 2103 494 2146 ex
515 2080 610 2147 lusio
630 2082 809 2146 substantio
825 2101 888 2147 non
903 2084 1137 2164 repudiaverit,
1151 2082 1233 2147 illud

120 2189 201 2244 carte
222 2182 313 2262 qnod
336 2180 490 2257 diximus,
514 2182 620 2262 palam
645 2182 751 2246 voluit
774 2183 947 2247 vindicare.

198 2282 281 2346 «Es
302 2291 413 2346 antem
435 2285 466 2344 in
489 2301 523 2345 re
545 2301 644 2362 grase
664 2284 819 2364 quiddam
839 2285 868 2346 ei
889 2284 1016 2348 accidit.
1047 2282 1130 2348 Nam
1160 2303 1236 2349 cum

121 2400 152 2444 re
166 2382 266 2448 vetuti
283 2395 452 2464 purgaret,
470 2384 607 2448 Arianos
624 2385 754 2448 demum
767 2387 945 2462 accusarit,
962 2385 1048 2466 quod
1065 2404 1139 2450 cnm
1154 2388 1234 2450 scri·

123 2481 219 2560 beret,
243 2483 364 2548 Filium
389 2503 452 2548 uon
475 2485 571 2550 tuisse
591 2493 765 2565 antequam
787 2487 913 2565 genitus
934 2494 1037 2560 esset,
1061 2488 1154 2550 illum
1178 2505 1236 2550 nec

123 2591 293 2664 antequam
308 2586 339 2647 in
361 2604 458 2650 carne
481 2593 671 2649 nasceretur
685 2588 841 2660 extitisse,
860 2587 1033 2650 volueriut.
1051 2585 1146 2663 Quod
1162 2604 1239 2650 saus

124 2699 181 2746 non
201 2693 308 2764 potest
329 2689 480 2766 ignorare
493 2686 644 2760 hoscine,
661 2687 719 2749 nisi
734 2694 768 2748 et
784 2687 850 2766 ipse
867 2704 952 2749 nunc
969 2689 1145 2768 praesentis
1161 2695 1239 2750 tem·

124 2785 217 2860 poris,
240 2785 364 2850 iactum
387 2805 464 2866 prae
484 2794 573 2850 metu
589 2787 782 2861 dissimulet,
804 2789 1039 2866 veritatemque
1056 2797 1159 2867 neget.
1177 2785 1240 2850 lta·

124 2899 181 2962 que
200 2887 232 2950 in
254 2886 318 2950 line
337 2887 460 2968 subjeci
483 2886 614 2952 Ensehii
637 2887 819 2966 epistolam,
844 2894 880 2950 ut
901 2885 1020 2950 Christi
1046 2887 1186 2952 hostium
1202 2904 1240 2949 ac

125 2983 272 3065 insignem
295 2989 469 3068 praecipue
490 2989 599 3052 Aeacii
622 2989 652 3050 iu
673 3005 750 3051 suos
773 2989 942 3066 magistros
962 2987 1129 3067 perfidiam
1144 3005 1186 3050 ex
1200 3003 1240 3050 eo

125 3080 245 3163 liquido
267 3104 490 3166 cognoscas.»

205 3186 246 3250 Et
274 3188 335 3250 hoo
349 3188 518 3269 exemplar
533 3187 731 3262 litterarum,
748 3205 829 3267 quas
846 3190 885 3250 ad
901 3207 978 3252 snae
994 3186 1169 3250 Paroeciae
1183 3185 1240 3248 ho·

130 3289 221 3352 mines
248 3290 334 3351 misit
359 3287 518 3352 Eusebius
548 3291 754 3352 caesariensis
784 3288 823 3350 de
852 3307 911 3352 sna
935 3288 1018 3351 fide:
1043 3309 1058 3346 a
1077 3284 1169 3362 Quae
1202 3283 1241 3347 de

132 3385 187 3452 lide
207 3389 423 3452 ecclesiastica
445 3389 476 3450 iu
499 3407 612 3468 magna
628 3388 757 3470 Synodo
780 3385 920 3454 Nicaeae
944 3392 1240 3466 congregaturus

131 3497 222 3564 sunt,
248 3490 422 3554 verisimile
442 3497 490 3552 est
514 3508 592 3564 ros,
616 3490 738 3564 dilecti,
761 3489 892 3552 aliunde
915 3507 1048 3569 quoque
1071 3486 1241 3557 didicisse,

133 3607 200 3652 cum
219 3590 326 3653 soleat
347 3589 433 3651 lama
447 3598 635 3652 accuratam
651 3606 763 3651 rerum
778 3591 997 3653 narrationem
1015 3601 1241 3666 praecurrere.

132 3683 247 3752 Verum
269 3707 308 3752 ιι
329 3688 516 3768 hujusmodi
539 3707 672 3752 rumore
703 3706 755 3752 res
782 3689 879 3752 aliter
903 3688 993 3750 vobis
1026 3692 1179 3748 narretur
1207 3701 1245 3745 ac

131 3803 236 3852 resera
258 3807 292 3852 se
315 3789 422 3864 hahet,
446 3807 573 3853 necesse
595 3807 663 3852 esse
685 3789 839 3852 duximus
860 3787 899 3849 ad
925 3805 980 3848 vos
1003 3787 1144 3864 primum
1171 3785 1245 3864 qni·

132 3887 305 3954 demidiam
328 3889 401 3953 tidei
423 3890 597 3953 formulam
620 3890 768 3960 mittere,
792 3905 876 3966 quae
908 3904 926 3948 ι
957 3885 1046 3949 nohis
1079 3885 1243 3963 proposita

131 3997 183 4064 est,
203 3990 317 4054 deinde
338 3991 487 4064 altorem,
504 4007 601 4068 quam
617 3988 791 4067 (nonnullis
808 3987 923 4050 additis
939 3987 977 4048 ad
994 3989 1102 4050 nostra
1126 3985 1237 4062 verbe)

133 4089 304 4155 ediderunt.
329 4091 443 4170 ltaque
465 4098 574 4154 noster
593 4089 747 4166 libellus,
770 4090 826 4167 qui
849 4095 1015 4163 praesento
1039 4089 1240 4168 imperatore

135 4199 235 4255 nostro
255 4192 398 4272 piissimo
418 4192 536 4267 lectus,
561 4199 668 4255 rectus
689 4196 722 4253 et
733 4187 965 4267 approbatione
980 4206 1048 4252 esse
1064 4189 1177 4267 dignus
1194 4192 1243 4248 est
