3048 4946
1096 357 1158 428 aas

59 471 111 535 los
130 471 211 533 recte
241 467 344 532 Deum
366 465 556 532 colentibus.
591 463 680 530 llaec
709 463 782 528 ideo
813 462 966 538 diximus,
1000 463 1154 542 qnoniam

57 571 177 652 qnidam
196 567 337 634 Nestorii
353 569 550 648 impietatem
563 567 718 644 colentes,
735 565 900 648 sppllcare
920 582 991 629 enm
1013 563 1071 628 liei
1094 563 1155 630 llc·

58 672 164 734 ctesias
177 677 336 734 conaotor
349 687 409 751 per
421 666 631 734 Theodorum
646 673 910 750 mopsuestenam
925 674 959 732 et
971 666 1069 747 impia
1084 666 1156 747 eins
1195 681 1202 692 ·

56 773 225 850 conscripta
230 815 327 834 .....
333 817 347 840 ,.
809 811 813 818 .

127 871 246 936 lietnde
267 873 454 935 memoratis
477 872 582 937 trinos
602 870 760 954 Capitulis
781 887 964 950 coramque
984 869 1157 952 impietati·

52 972 119 1048 los,
134 991 172 1036 sc
185 971 293 1052 vigilii
315 971 467 1037 indicato
482 973 638 1036 adversos
652 970 777 1049 cadem,
793 989 812 1036 a
827 990 893 1053 qno
910 989 1055 1047 consona
1076 987 1158 1035 onn-

55 1091 144 1154 qoam
166 1084 356 1152 recesserat,
377 1074 508 1139 subdit:
531 1073 675 1138 «Postea
698 1092 777 1138 roro
797 1081 831 1138 et
850 1075 971 1153 scripta
994 1076 1078 1138 inter
1100 1089 1157 1136 ros

55 1185 85 1238 et
103 1175 195 1239 illom
221 1184 467 1255 processerunt:
486 1179 518 1240 in
539 1177 657 1256 quibos
679 1175 815 1240 invicem
830 1175 965 1240 confessi
987 1177 1062 1239 estis
1083 1191 1161 1238 coo·

56 1279 174 1354 venire,
190 1286 224 1341 ct
237 1277 389 1360 synodice
405 1277 646 1359 praedictorum
660 1275 889 1358 Gapitnlornm
912 1277 1020 1341 lacero
1040 1276 1158 1341 conde·
1289 1323 1291 1328 -

51 1382 252 1444 montionem.
274 1379 317 1444 Et
337 1390 445 1462 postea
468 1381 621 1443 invitatos
642 1385 706 1443 tom
727 1397 746 1442 a
768 1379 871 1458 nobis,
894 1396 1029 1458 qnama
1054 1385 1160 1443 restra

50 1481 197 1562 religioso
220 1480 366 1567 synodo,
388 1483 603 1545 commonitor
623 1479 754 1560 quidem
785 1473 958 1544 convenire
982 1479 1157 1544 recasavit.

50 1579 221 1646 Contraria
235 1590 344 1646 antem
362 1582 465 1646 iactas
479 1590 527 1644 cst
539 1597 617 1643 snae
634 1580 821 1657 volontatis,
836 1598 875 1644 co
888 1578 1060 1644 detestans
1074 1595 1161 1661 qnae

50 1680 190 1748 Nestorii
213 1693 246 1747 et
260 1682 422 1748 Theodori
444 1699 600 1763 sequaces
620 1685 758 1762 sopiunt.
774 1682 947 1746 Praeterea
968 1683 1037 1762 ipse
1057 1698 1159 1746 semaa

48 1783 164 1865 tipsnm
187 1785 332 1850 nlieoom
353 1786 531 1850 catholicae
546 1783 710 1850 Ecclesiae
732 1785 819 1862 lecit,
841 1783 1014 1849 defendens
1035 1783 1162 1865 praedi·

47 1893 175 1950 ciorum
199 1877 427 1966 Capitnloro'm
449 1887 658 1967 impietatem,
679 1902 831 1966 separans
852 1891 961 1948 notem
982 1884 1158 1966 scipsnma

49 1995 156 2052 restra
184 1991 424 2052 communione.
447 1985 505 2053 llis
530 1991 632 2068 igitar
654 1987 695 2051 alr
715 2006 755 2051 eo
780 1987 884 2062 iactis,
911 1985 1054 2050 aliaonrn
1077 1986 1164 2050 clari·

47 2089 159 2155 silanis
191 2091 411 2172 judicavimus
436 2107 550 2154 nomen
579 2091 677 2171 ipsios
705 2090 805 2154 sacris
832 2089 991 2174 diptychis
1015 2087 1162 2166 recitari,

46 2210 87 2255 ns
107 2211 149 2256 eo
170 2193 271 2256 modo
292 2193 496 2256 inveniamur
509 2189 707 2256 Nestoriiei
719 2189 882 2256 Theodori
902 2193 1060 2272 impietati
1076 2209 1164 2256 com·

44 2297 264 2360 manicantes.
279 2293 370 2358 Unde
392 2296 484 2375 prios
504 2295 635 2375 quidem
651 2295 718 2358 sine
738 2295 868 2375 scriptis
881 2294 943 2359 hoc
958 2292 1165 2358 manifestam

46 2395 141 2459 rolris
163 2395 328 2476 inclmns3
356 2413 442 2458 onoc
464 2413 543 2459 nero
568 2401 600 2458 et
620 2396 652 2457 io
672 2394 799 2477 scriptis
820 2401 946 2458 certam
972 2393 1063 2458 robis
1089 2394 1166 2457 laci·

42 2515 116 2561 mos
139 2515 206 2578 per
228 2505 354 2562 nostros
388 2495 614 2579 (praefectos)
638 2496 717 2578 ejus
738 2513 855 2560 nomen
884 2497 984 2560 sacris
1006 2495 1166 2581 diptychis

42 2613 106 2661 non
129 2598 309 2662 interator.
331 2595 493 2663 Unitatem
517 2614 595 2661 vero
616 2596 655 2659 ad
679 2596 898 2676 Apostolicom
919 2594 1041 2660 sedem«
1055 2601 1089 2659 et
1107 2611 1168 2658 nos

38 2716 235 2774 servamus,
257 2706 434 2763 etcertum
456 2709 515 2774 est,
537 2697 623 2778 quod
646 2704 678 2762 et
695 2717 750 2762 vos
771 2697 968 2763 custodietis.
991 2697 1060 2763 Nec
1080 2696 1166 2761 enim

40 2796 169 2879 vigilii,
195 2819 257 2864 nec
277 2800 513 2881 cujuscumque
535 2799 670 2863 alterins
684 2799 724 2862 ad
748 2797 859 2880 peiora
883 2797 1167 2862 transmutationi

36 2903 112 2978 poci
135 2901 357 2964 ecclesiarum
374 2918 490 2963 nocere
506 2907 620 2981 potest.
638 2897 793 2962 Divinitas
809 2915 866 2961 ros
879 2897 984 2961 salvet
1005 2915 1064 2978 per
1080 2897 1169 2961 mol·

41 3009 92 3062 tos
114 3019 228 3064 annos
242 3003 341 3064 sancti
365 3010 397 3065 et
410 3001 639 3082 religiosissimi
655 2999 778 3065 Patres.
794 2997 878 3062 lists
894 2998 998 3080 pridie
1019 2999 1091 3062 idas
1106 2995 1168 3063 ln·

35 3100 73 3163 lii
96 3100 328 3176 Chalcedone,
357 3098 1067 3182 imperantedominolnstinianooono2¹1.
1090 3119 1107 3158 s
1161 3143 1164 3150 ,

139 3202 201 3267 Ex
226 3203 286 3266 hac
306 3204 495 3267 narratione
518 3203 579 3283 (ad
602 3222 657 3266 eos
678 3202 799 3283 loquor
826 3221 922 3282 saepo
944 3200 1097 3282 vigiliam
1118 3218 1171 3264 ar·

37 3304 190 3368 lsitratos
208 3312 350 3368 mutasse
370 3305 410 3368 de
424 3323 462 3368 eo
484 3323 519 3367 re
535 3302 716 3380 consilium)
732 3303 871 3382 primam
894 3302 1014 3377 elucet,
1036 3317 1171 3380 oquac-

31 3407 160 3480 ,stionis
177 3409 274 3469 initio
298 3425 401 3486 nsqoo
418 3408 496 3484 hnc,
518 3405 599 3470 idest
614 3404 654 3468 ad
675 3421 794 3469 annom
813 3401 865 3468 2³1.
881 3405 1021 3484 imperii,
1036 3422 1104 3483 qno
1118 3421 1173 3468 ras

35 3509 181 3571 delinita
222 3506 295 3582 init,
319 3505 472 3587 vigilium
493 3506 638 3569 eamdem
670 3523 798 3587 semper
821 3505 960 3570 tonuisse
980 3506 1172 3570 sententiaro

32 3609 76 3673 de
101 3609 223 3674 tribus
238 3606 394 3688 Capitulis
414 3608 744 3686 anathematizandis3
762 3625 799 3670 so
820 3625 883 3671 nnn
905 3609 964 3670 nisi
986 3608 1018 3670 in
1032 3609 1095 3671 ltoc
1115 3624 1173 3670 ex*

35 3720 157 3776 tremo
184 3719 356 3774 momento
376 3718 582 3783 retractasse,
598 3708 684 3788 qnod
707 3719 780 3771 ante
802 3707 1017 3786 probaverat:
1032 3728 1049 3768 c
1064 3703 1125 3770 Sed
1143 3715 1172 3769 et

30 3820 262 3877 socr-amenta
282 3812 427 3894 (inquit)
456 3809 615 3875 terribilia
633 3810 671 3874 in
691 3807 822 3889 scriptia
841 3807 982 3889 jurarit,
1012 3816 1049 3871 ot
1068 3805 1106 3870 in
1124 3827 1176 3871 ea-

29 3917 106 3977 dem
118 3922 332 3996 permaneret
342 3913 504 3978 voluntate
517 3911 554 3976 in
569 3907 829 3974 condemnatione
840 3917 869 3972 et
878 3908 1075 3972 anathemate
1082 3927 1176 3990 prae-

29 4017 219 4082 dictorum
234 4014 330 4078 triam
348 4013 630 4096 (inclinaremur
650 4011 843 4074 nullomodo
859 4010 909 4072 oel
928 4017 1064 4089 tempore
1084 4027 1179 4074 eona
1300 4010 1302 4014 ’

30 4130 133 4182 retur
168 4113 307 4198 aliquid
326 4119 369 4180 nd
397 4117 619 4198 restrictionem
642 4111 913 4178 condemnationis
932 4109 1177 4192 'praedictorum

27 4221 234 4302 impiorum
254 4215 353 4282 triam
377 4217 594 4300 Capitulornm
597 4259 713 4280 ......
731 4213 773 4279 Ei
792 4215 866 4279 laec
887 4231 983 4295 opens
998 4209 1178 4294 permansit
