3066 4950
158 487 369 555 Nihilominus
391 487 609 565 constitutum
633 485 798 570 quoddam
818 485 990 568 reperitur
1018 488 1096 550 tuuc
1121 484 1190 550 edi·

88 595 164 666 tum,
176 590 228 655 cui
242 589 422 656 adhaesisse
438 592 596 672 leguntur
607 589 745 672 vigilius
760 591 827 670 ipse
841 595 875 654 et
892 605 967 654 cum
981 605 1021 651 eo
1038 585 1189 666 Pelagius
1212 577 1214 584 ’

87 691 243 769 diaconus,
254 692 376 773 aliique
391 693 534 774 episcopi
549 689 774 761 occidentales.
788 687 824 754 ln
839 691 902 756 hoc
917 705 996 754 rere
1006 687 1190 755 Constituto

88 789 167 870 laps
192 793 321 858 mandat
345 793 555 875 decernitque
586 794 756 861 anathema
779 791 945 872 sexaginta
969 788 1189 872 capitulorum

86 888 238 956 Theodori
253 895 484 974 mopsuesteni.¹
498 893 651 960 Attamen
670 894 712 958 ah
728 895 799 974 ipso
818 889 1025 955 anathemate
1041 887 1111 953 uult
1131 906 1190 952 ex·

84 993 139 1072 cipi
155 1011 321 1074 personam
336 995 495 1077 ejusdem:
509 1013 582 1060 casas
600 1013 671 1060 sum
685 1003 797 1060 nostro
810 1011 875 1058 sna
888 991 1039 1058 numeres
1054 991 1189 1055 domas·

84 1110 114 1154 re
132 1092 313 1168 sententio,·
334 1096 388 1159 ssd
413 1113 469 1159 uae
489 1095 528 1160 nd
545 1093 615 1160 ulio
635 1093 785 1176 quopiam
815 1088 1021 1158 condemnari
1046 1087 1190 1155 macedi-

84 1211 169 1273 πως
183 1196 280 1264 sicuti
301 1196 342 1261 ah
362 1197 565 1263 anathemate
586 1197 733 1262 excludit
756 1195 831 1261 lhaa
852 1195 1038 1274 inscriptam
1060 1191 1188 1276 Episto-

85 1293 155 1358 lana.

158 1395 214 1462 llis
234 1400 366 1464 demum
389 1405 454 1465 tam
484 1398 667 1481 disparibus
690 1397 878 1464 testimoniis
899 1394 1032 1464 accedat
1050 1393 1190 1476 praeisti

85 1494 220 1562 Facundi
237 1501 455 1564 testimonium
478 1502 654 1566 aestuantis
677 1502 776 1565 trium
793 1497 1021 1579 Captsotomm
1042 1496 1191 1562 deieuso·

86 1599 138 1675 ris,
159 1608 190 1663 ct
209 1601 391 1667 schismatis
415 1603 568 1684 principis
580 1623 593 1682 ς
615 1603 671 1684 qul
692 1603 724 1664 in
748 1600 846 1664 Libro
867 1609 979 1664 centra
1002 1597 1191 1666 hincisnum

86 1700 181 1764 omnia
205 1701 331 1766 revelat
352 1703 472 1768 callida
493 1723 553 1769 sua
575 1711 609 1768 et
627 1703 793 1768 sociorum
815 1703 961 1778 consilis,
982 1701 1101 1783 quihus
1120 1707 1190 1766 stn-

82 1799 174 1865 dnita
195 1819 331 1883 persona
347 1813 380 1869 et
394 1806 592 1870 auctoritate
608 1804 769 1885 puncturis
788 1803 945 1870 diuellere
960 1801 1190 1868 ddatassstlr·

84 1904 164 1968 culta
185 1905 257 1986 ejus
278 1904 407 1988 (vigilii
420 1906 446 1985 l,
470 1907 589 1989 inquit,
611 1915 686 1972 ante
702 1906 869 1974 Jndirium
892 1905 1125 1987 pollicitatione
1147 1912 1194 1969 te·

82 2004 223 2080 uelatur,
240 2008 272 2072 in
287 2026 351 2087 qua
364 2027 400 2073 se
413 2009 584 2090 spopondit
597 2009 709 2074 eadem
724 2008 874 2087 capitula
891 2009 1087 2072 damasso.»
1104 2007 1189 2072 Pau·

81 2102 112 2167 lo
132 2114 201 2184 post
220 2107 330 2172 addit:
347 2131 362 2168 a
380 2105 456 2172 ldeo
483 2109 580 2173 etism
601 2110 641 2174 de
662 2112 763 2190 ipsius
791 2108 941 2193 Episcopi
963 2107 1100 2174 Romani
1120 2105 1189 2172 ehi·

83 2207 258 2287 ecgraphis,
282 2210 332 2272 sel
356 2211 444 2290 priua
465 2210 647 2276 ambitionis
678 2211 836 2292 impulsu,
858 2229 933 2277 cnm
966 2210 1035 2274 deri
1056 2207 1190 2289 arderet

82 2308 256 2390 episcopus,
281 2310 332 2374 sel
353 2319 463 2392 postes
488 2312 661 2377 venalitate
681 2313 766 2394 parti
788 2313 884 2378 altari
906 2312 1023 2390 iactus,
1044 2327 1189 2377 necessa·
1260 2329 1265 2338 ’

82 2409 160 2492 mum
175 2410 330 2476 duximus
351 2431 413 2476 non
437 2422 559 2491 tacere,
574 2431 614 2481 ue
634 2415 831 2482 auctoritaie
854 2416 990 2480 nominis
1008 2413 1080 2495 ejus
1094 2430 1188 2493 prse-

81 2508 230 2589 iudicium
254 2513 332 2578 tides
355 2532 430 2578 sera
452 2515 609 2581 sullerret
621 2559 752 2581 ......
767 2514 851 2584 Nam
871 2515 982 2581 Juder
1003 2511 1184 2596 (vigilius)

81 2615 200 2689 asserit,
222 2619 311 2694 qued
334 2615 453 2679 inritus
473 2616 555 2680 illud
571 2617 746 2699 protulerit
768 2616 967 2682 iudicatum.
984 2613 1051 2678 Nos
1071 2620 1186 2678 contra

81 2714 317 2794 respondemus,
340 2719 427 2797 quod
451 2717 541 2790 ultre
562 2737 622 2800 per
642 2720 862 2796 ambitionem,
886 2718 1119 2801 pollicitatione
1141 2714 1188 2781 ia·

82 2822 139 2889 cta,
161 2819 320 2899 peccarit3
344 2836 403 2883 nec
425 2818 492 2882 ulla
506 2821 701 2886 sustinuerit
722 2828 894 2897 tormenta,
910 2819 1029 2902 quihus
1050 2820 1182 2883 cessisse

81 2914 238 2982 credatur.
254 2917 402 2999 Cumque
417 2921 478 2986 hoo
499 2922 635 2989 insitum
649 2941 684 2986 se
706 2922 818 2990 iecisse
837 2928 973 2998 asserat,
987 2936 1104 2985 rursus
1124 2917 1184 2982 ihi·

82 3013 146 3078 dam
161 3019 217 3093 ait,
233 3020 322 3100 qnod
344 3023 492 3101 ignorans
509 3024 633 3090 iecerit.
650 3023 716 3090 Nos
733 3025 1016 3108 resumebamus,
1030 3038 1094 3086 nou
1108 3038 1186 3088 eum

82 3121 216 3194 potuisse
239 3124 440 3202 ignorantem
463 3125 583 3205 iacere,
613 3126 701 3208 quod
723 3128 859 3192 invitum
880 3142 916 3190 se
937 3126 1067 3190 adserat
1088 3120 1188 3187 admi·

82 3219 162 3284 sisse.
178 3240 194 3280 a
212 3221 254 3288 lc't
273 3225 319 3288 sic
341 3225 380 3289 de
400 3228 529 3305 ceteris,
551 3246 633 3310 quas
653 3246 729 3292 cum
750 3245 790 3292 eo
811 3228 984 3292 commenti
1004 3230 1080 3290 sunt
1092 3221 1186 3288 Lihe·

81 3327 164 3384 ratus
184 3330 217 3387 et
238 3321 352 3389 Victor
380 3315 567 3393 tununensis
594 3328 832 3394 criminationes
857 3329 887 3390 in
902 3326 1074 3408 vigilium,
1098 3341 1184 3390 nnnc

83 3423 282 3502 acephalum,
297 3427 392 3490 modo
409 3428 482 3492 tidei
497 3430 759 3496 chalcedonensis
780 3430 1022 3506 subversorem,
1037 3444 1123 3492 nunc
1137 3444 1187 3492 se·
1250 3445 1253 3452 ·

83 3523 213 3589 verisuis
235 3533 268 3591 et
290 3528 505 3594 theodosianis
524 3531 718 3596 concordem
738 3537 973 3612 nuncupantes.

154 3621 351 3708 lluJ'narnodi
372 3628 480 3694 studio
495 3632 732 3696 calumniarum
754 3631 921 3696 architecti
938 3631 1037 3695 trium
1052 3628 1185 3712 Cupitu-

82 3721 183 3788 lorum
209 3728 393 3794 defensores
416 3750 574 3813 perquam
595 3733 740 3798 studiose
764 3737 796 3796 io
817 3724 914 3798 causa
936 3733 1068 3815 propria
1092 3748 1188 3812 apen·

84 3829 137 3899 tes,
154 3847 237 3892 unus
259 3831 300 3894 ah
321 3832 427 3896 altero
442 3833 633 3914 suliragium
651 3835 903 3914 perversitatum
925 3850 1058 3898 suarum
1073 3838 1185 3896 contra

89 3917 233 4006 ligitium
256 3935 444 4012 praesertim
470 3936 609 4001 mutuati
629 3943 717 4012 sunt,
739 3935 857 4016 singuli
878 3937 1076 4000 occasionem
1099 3931 1184 3997 nacti

84 4027 281 4096 insimulandi
306 4031 391 4098 Petri
412 4019 632 4100 successorem
654 4035 893 4102 etCnthedram
917 4038 1073 4110 veritalis,
1099 4034 1187 4098 talsi-

84 4133 157 4194 tatas
170 4151 247 4198 suas
266 4153 365 4217 snper
378 4137 520 4203 aliorum
543 4137 698 4202 falsitates
718 4138 923 4202 instruentes.
940 4136 1092 4210 Attamen
1107 4153 1182 4202 cum

84 4227 224 4300 delusio
248 4237 397 4306 dolosum
417 4239 524 4318 cudat,
547 4239 621 4306 hinc
649 4239 808 4306 nonsatis
829 4240 916 4306 cauti
944 4241 976 4306 in
996 4241 1105 4324 prasio
1130 4259 1185 4308 en.-
