3186 4946
1219 379 1259 454 tt

132 487 205 546 tunt
226 481 269 545 ob
290 481 398 546 setoso
421 483 452 544 io
472 481 569 545 divini
587 484 747 546 sermonis
769 477 947 544 ministerio
961 479 1043 544 utico
1057 481 1250 562 conspicuus

131 585 209 658 init,
233 593 270 648 ot
291 581 441 663 Oripenir
461 581 607 664 junioris
626 596 744 647 nornen
763 581 899 662 adeptos
918 582 960 646 sit
970 601 981 662 ;
997 602 1058 648 cur
1071 584 1162 648 nobis
1176 582 1251 648 Ori-

130 703 246 766 genem
267 687 427 750 seniorem
451 687 661 759 hoomticum,
683 693 742 749 snt
763 702 914 764 prorum.
936 699 995 748 ten
1016 687 1152 766 impin·
1172 697 1249 750 tunc

132 787 258 852 iustum
280 789 400 850 esseio
422 787 564 850 ecclesiis
585 796 702 867 poturo
722 784 861 851 licebit?
881 804 955 850 cum
977 795 1009 850 et
1030 789 1097 868 ipse
1114 787 1248 852 Pitntius

132 887 216 952 Coti.
232 885 303 955 iiii
319 889 362 952 ob
377 890 584 962 honestent,
600 895 678 950 tnnc
691 885 776 950 t'tttrr
787 885 872 950 uiros
887 885 1097 952 celeberrimos
1111 886 1252 954 itoit'tttm

132 991 237 1072 [sisu
259 987 436 1068 Oriprttrnt.

182 1091 397 1172 Quapropter
418 1092 472 1156 six
493 1090 534 1152 do
555 1107 595 1156 oc
609 1091 796 1156 conventum
811 1089 899 1169 quoti
916 1089 1038 1170 legitur
1052 1091 1083 1154 io
1100 1089 1257 1157 Trtotutn

136 1192 312 1256 iustiniani
334 1194 490 1256 adversus
510 1191 683 1273 Origenem
705 1193 745 1256 ds
768 1191 864 1256 Petro
887 1201 1030 1276 mertpre
1051 1201 1083 1254 st
1102 1194 1254 1274 episcopo

135 1294 363 1368 alexandrino,
381 1296 468 1358 ciros
487 1294 572 1356 item
588 1291 686 1356 Pierii
702 1303 839 1370 tempos,
861 1291 1011 1373 origenis
1031 1292 1255 1356 infensissimos

137 1415 305 1476 quemque
327 1395 400 1459 ideo
432 1395 538 1458 verbis
567 1401 599 1458 ct
619 1394 740 1475 scripto
768 1393 976 1458 confutasset.
1008 1395 1044 1458 in
1072 1412 1112 1458 eo
1140 1411 1254 1473 reapse

138 1495 297 1562 Trscteto
319 1499 441 1562 eitstnt·
461 1495 606 1578 ejusdem
630 1495 717 1559 Petri
734 1494 856 1572 'Sermo
887 1497 1044 1562 sirenus
1072 1500 1256 1562 enimurom

136 1599 435 1678 praeexistentiam,
458 1598 513 1660 nbi
535 1597 636 1676 punio
657 1606 729 1676 post
748 1597 878 1662 subdit:
893 1597 1009 1674 ooott
1032 1616 1133 1678 porro
1147 1599 1253 1662 dicem

139 1697 317 1762 floresium
344 1709 377 1762 ot
396 1696 598 1764 Demetrium
621 1699 731 1764 nectos
751 1697 947 1780 episcopos?
967 1699 1089 1776 Quuies
1112 1701 1259 1764 tentatio·

140 1819 196 1862 uss
217 1803 443 1863 sustinuerunt
462 1799 504 1862 eb
525 1803 635 1862 insono
655 1796 810 1880 Origene,
825 1818 899 1863 com
922 1799 990 1880 ipse
1010 1799 1138 1864 dissidio
1154 1802 1186 1863 in
1199 1798 1260 1864 Ec·

137 1901 237 1966 cissis
258 1908 395 1978 sereret,
418 1917 502 1982 quse
523 1901 562 1963 uti
585 1902 668 1966 itsuc
688 1921 793 1982 nsque
807 1902 892 1966 diem
908 1901 937 1964 oi
954 1901 1065 1966 turbet
1082 1904 1225 1968 oscitent
1238 1901 1255 1966 'i

139 2002 188 2066 An
212 2005 314 2084 tgttor
335 2011 441 2083 potest
461 2003 577 2084 uliquis
598 2005 678 2068 bens
692 2003 898 2068 sentientium
920 2003 1098 2080 advorsari,
1120 2022 1206 2085 qous
1227 2005 1258 2068 iu

136 2104 314 2185 Origenem
334 2106 420 2169 tiiottt
451 2113 527 2169 snut
547 2123 566 2168 u
587 2105 682 2170 berto
706 2111 852 2190 martyre
880 2113 913 2170 et
941 2108 1093 2188 episcopo
1122 2109 1254 2171 stenen·

136 2203 234 2269 tirino
254 2203 385 2272 Petro?
405 2205 470 2284 Qut
490 2207 657 2288 egregium
680 2223 741 2288 pro
761 2207 891 2274 Christo
904 2211 1063 2274 sustinens
1077 2217 1255 2284 certamen,

139 2325 205 2372 non
226 2307 333 2372 solum
354 2307 529 2388 origenem
550 2310 810 2391 scotsrstomqoe
828 2311 901 2392 ojus
922 2311 1104 2377 doctrinam
1129 2311 1257 2376 obiice·

143 2411 189 2472 stt
200 2429 213 2489 3
235 2409 289 2473 sed
312 2410 408 2474 etism
432 2409 633 2486 testificetur,
655 2418 796 2487 moetos,
818 2414 876 2491 noi
894 2418 968 2476 ente
989 2413 1093 2492 ipsunt
1117 2411 1258 2488 inerunt,

140 2509 278 2586 Patres,
302 2512 421 2576 multus
442 2511 630 2576 sustinuisse
653 2515 844 2578 tentationes
864 2513 905 2576 uit
926 2513 1015 2577 iiiios
1039 2512 1256 2578 dementiu?n

139 2609 337 2693 Rojosmotii
350 2613 567 2676 testimonium
583 2614 786 2678 instaurator
799 2614 832 2676 in
843 2613 932 2679 Actis
945 2613 1095 2698 Martyrii
1111 2615 1255 2695 ejusdem

144 2711 235 2776 Petri
257 2712 350 2776 etiitis
372 2729 390 2774 s
410 2711 615 2788 Concessio,
637 2713 692 2776 uiti
713 2731 739 2778 s.
763 2715 934 2796 episcopus
954 2734 1065 2779 corum
1079 2716 1207 2780 Achille
1222 2725 1257 2781 et

142 2813 335 2878 Alexandro
356 2813 575 2878 introducitur
596 2815 639 2879 ittt
666 2815 798 2880 locotus
813 2831 821 2874 t
839 2813 936 2881 «Noc
963 2836 1019 2880 vos
1042 2826 1257 2897 praeteream,

144 2915 337 2978 sanctissimi
351 2901 465 2995 putres
479 2929 517 2978 to
537 2915 664 2980 divinus
679 2917 758 2996 togis
771 2918 940 2993 antistites,
957 2915 1131 2982 Hsrsclum
1151 2925 1183 2980 et
1197 2914 1259 2982 De·

145 3017 314 3092 mettium,
330 3017 450 3097 quibus
463 3015 641 3082 inbmcttor
654 3020 799 3100 perversi
813 3019 971 3099 dogmotis
982 3017 1139 3100 Origenes
1150 3020 1260 3084 mniti-

145 3118 245 3182 tortos
269 3119 635 3198 tentationesiuonssi13
656 3121 712 3201 qui
736 3120 876 3200 coniecit
902 3122 934 3184 in
963 3119 1141 3185 Ecclesium
1172 3122 1259 3186 iete-

139 3220 430 3296 emittentium,
452 3221 541 3300 quoti
568 3237 673 3300 nsque
695 3221 790 3283 toute
812 3219 1074 3284 confunditeun.
1091 3241 1107 3280 n
1123 3219 1165 3286 Et
1181 3223 1261 3286 hooc

142 3322 183 3384 tie
199 3318 306 3383 fetro
327 3319 538 3383 otoxoourtoo
559 3329 704 3403 tnnrtpre
723 3329 911 3384 narrentur.

231 3420 392 3486 Eusebius
413 3437 493 3484 tero
514 3421 545 3484 in
575 3417 676 3485 Libro
696 3419 770 3484 Vii.
792 3419 915 3485 Histoe.
938 3419 1062 3485 Eccles.
1085 3423 1190 3502 cupite
1210 3421 1262 3484 oi·

142 3525 224 3586 tittto
247 3523 345 3604 trojus
366 3523 523 3608 Martyris
543 3525 732 3588 memorium
755 3524 912 3602 celebret,
935 3524 1012 3604 quin
1034 3523 1134 3601 (eum
1155 3523 1195 3586 ds
1209 3541 1261 3586 oc·

141 3627 222 3688 teris
245 3623 376 3688 Eusebii
397 3643 466 3690 mos
487 3633 556 3703 esti
580 3627 678 3705 ipsius
698 3625 862 3706 cuiusque
892 3625 1017 3703 generis
1036 3623 1114 3687 citet
1142 3625 1261 3704 scriptu

139 3743 183 3788 uc
206 3725 312 3787 mutto
333 3728 437 3790 minus
458 3726 614 3790 adversus
635 3725 819 3806 origenem.
836 3725 955 3790 Beatos
976 3726 1196 3810 Hieronymus
1217 3723 1261 3788 Ds

148 3823 236 3888 Viris
249 3824 447 3903 illustribus,
465 3844 523 3890 nec
540 3825 626 3890 Petri
647 3845 831 3907 porsonam,
847 3845 906 3893 nec
920 3845 978 3891 soe
1000 3829 1119 3909 scripto
1141 3844 1263 3890 rnemo·

145 3936 210 3990 ret.
235 3925 377 4008 ideoque
396 3927 608 3992 dubitandum
626 3929 757 3991 videtur
777 3929 816 3991 tie
836 3930 1085 4008 praemissorum
1102 3930 1261 3992 otrrstio·

143 4044 224 4091 unm
245 4031 441 4092 sinceritate.
464 4027 510 4092 Lo
523 4027 629 4104 Quien
650 4027 683 4093 in
702 4027 811 4108 Opere
829 4027 943 4091 Oriens
967 4027 1181 4105 cirisacum,
1204 4027 1267 4092 To·

145 4145 202 4190 mo
235 4127 277 4191 11.
307 4147 339 4210 p.
360 4127 431 4195 3ttt.
460 4129 501 4192 ds
528 4130 591 4193 hoc
618 4129 769 4209 episeopo
789 4117 987 4213 et'murtyrc
1016 4131 1140 4210 inquit:
1165 4127 1266 4192 «An-

146 4249 190 4294 no
211 4225 242 4296 4.
265 4232 498 4312 persecutionis
518 4231 663 4298 Gunones
684 4229 930 4312 poeniteottetss
950 4232 1105 4306 sancivit,
1127 4231 1184 4310 qui
1205 4229 1262 4292 iro·
