3066 4950
1108 427 1149 496 25

76 548 182 596 uotum
193 530 287 593 iniret
300 535 333 594 et
343 529 533 595 canonicum
546 529 728 608 pontificiae
743 531 947 596 auctoritatis
962 427 1170 595 exercitiumq.

75 631 211 694 Attamen
243 649 301 696 uec
321 631 361 696 de
383 630 569 712 bujusmodi
591 633 816 712 usurpatione,
846 640 884 696 ut
904 632 983 712 dixi,
1006 650 1112 714 neque
1132 632 1172 697 de

77 732 285 796 emendatione
306 732 465 815 ejusdam,
487 733 616 795 nullum
639 733 810 814 bucusque
841 733 881 799 de
904 735 952 799 bis
984 735 1015 797 in
1037 733 1171 800 historia
1236 731 1242 746 '

73 833 161 913 hujus
180 837 306 910 aetatis,
327 835 521 914 sinceroque
542 841 677 896 exarata
701 834 841 912 calamo,
858 835 965 914 reperi
987 835 1170 916 vestigium.

75 931 249 1009 Quinimmo
280 954 322 1000 cx
342 936 493 1009 adverso,
527 934 625 1015 buius
647 934 808 1000 Pontificio
836 937 903 1018 jam
925 937 966 999 ab
997 955 1080 1002 anno
1100 935 1172 1003 538.

74 1051 144 1112 quo,
160 1044 196 1098 ut
217 1036 336 1111 fertur,
351 1037 459 1099 adbuc
480 1037 510 1097 in
526 1035 627 1099 exilio
645 1036 774 1100 virebat
794 1035 964 1114 silverius,
982 1039 1066 1102 duae
1081 1056 1174 1120 prac-

73 1136 172 1200 elarae
191 1147 366 1219 supersunt
386 1138 555 1218 epistolae,
578 1139 696 1219 quibus
717 1156 779 1202 non
799 1141 905 1204 solum
929 1140 1002 1205 iidci
1022 1159 1101 1206 suae
1121 1141 1173 1205 lu·

74 1239 164 1302 oescit
183 1241 362 1321 integritas,
384 1248 417 1305 et
438 1259 497 1321 pro
512 1239 698 1321 apostolice
713 1240 794 1306 Sede
815 1243 919 1322 zelos3
935 1259 1048 1306 verum
1069 1250 1102 1307 et
1123 1261 1175 1309 re·

72 1343 206 1404 terentia
228 1351 263 1406 et
283 1343 475 1424 obsequium
503 1347 732 1423 eptscoporum
763 1360 839 1423 erpa
861 1345 966 1425 ipsum
997 1345 1174 1410 universim

73 1443 325 1520 manifestantur,
348 1445 485 1528 ejusque
499 1445 677 1508 auotoritas
697 1451 843 1525 accepta,
859 1432 1011 1526 tauquam
1032 1447 1177 1527 legitime

71 1545 100 1606 in
120 1542 204 1608 Petri
221 1545 415 1612 Catbedrum
438 1547 596 1626 provecti.
614 1543 740 1610 Harum
761 1547 973 1628 epistolarum
989 1550 1091 1629 prima
1114 1550 1177 1614 boc

72 1646 136 1725 ipso
151 1663 249 1725 anno,
265 1645 405 1713 Consule
420 1647 556 1722 loanuc,
573 1645 755 1725 Eleuteriu,
768 1651 836 1714 sive
856 1648 1038 1715 Profuturo
1057 1651 1181 1731 episco-

71 1764 109 1829 po
129 1745 201 1812 dala
224 1756 296 1829 est3
325 1751 381 1830 qui
403 1749 442 1812 ad
465 1747 621 1831 vigilium
646 1750 833 1816 Pontificem
864 1751 947 1830 (etsi
970 1753 1098 1816 vivente
1118 1749 1180 1815 Sil·

72 1851 156 1914 serio
170 1857 207 1913 ut
227 1851 374 1928 dieitur)
395 1869 430 1916 se
450 1853 590 1918 eontulit
616 1852 655 1917 de
671 1852 863 1935 quibusdam
883 1853 1107 1919 consulturus.
1130 1853 1179 1918 lta

70 1967 203 2033 namque
226 1953 339 2032 incipit
363 1951 459 2034 Papa.

149 2051 331 2119 altirectas
352 2053 392 2117 ad
414 2072 472 2118 uos
487 2061 563 2118 tuse
584 2055 750 2120 charitatis
771 2053 924 2138 epistolas
938 2055 1048 2136 plenas
1069 2055 1181 2121 catbo·

70 2154 147 2220 lieae
167 2157 384 2238 inquisitionis
403 2155 623 2222 sollicitudine
645 2165 811 2238 gratanter
830 2157 1027 2238 occepimus,
1049 2156 1181 2222 benedi·

72 2263 176 2321 centes
198 2257 260 2323 Dei
281 2261 382 2323 uestri
404 2259 621 2334 clementiam,
636 2260 713 2341 quia
736 2257 816 2322 tales
837 2258 868 2320 in
890 2258 1045 2323 extremis
1067 2256 1179 2322 mundi

73 2359 217 2437 partibus
239 2359 392 2440 dignatur
411 2363 478 2424 suis
498 2360 615 2425 ovibus
636 2359 809 2442 providere
823 2369 970 2441 pretores
980 2379 992 2439 ;
1019 2377 1077 2439 per
1097 2374 1181 2442 quot

72 2469 103 2522 et
113 2463 242 2540 pascuis
265 2462 392 2527 ruleant
405 2462 605 2527 salutaribus
626 2460 805 2538 abundare,
822 2469 854 2524 et
875 2462 916 2524 ub
936 2461 1059 2543 antiqui
1081 2461 1182 2526 bostis

72 2565 252 2642 reperitote
272 2565 410 2641 serrari,
425 2573 464 2629 ut
484 2565 612 2629 insidias
633 2573 794 2644 nequeant
809 2564 879 2645 ejus
900 2563 1117 2644 subreptionis
1137 2563 1184 2626 in-

71 2680 217 2730 currere.
251 2663 342 2738 Unde
363 2674 490 2731 certum
511 2671 571 2741 est,
602 2667 676 2746 quia
700 2665 876 2743 promissae
904 2667 949 2727 eis
978 2663 1184 2729 beatitudinis

73 2769 172 2844 qratia
194 2765 430 2848 subsequetur,
452 2766 612 2848 quandoa
631 2767 721 2830 vobis
741 2765 930 2830 coelestium
952 2767 1109 2847 perfectio
1130 2767 1187 2832 do·

72 2869 252 2932 ctrinarum
276 2877 340 2932 tam
364 2873 470 2934 votiva
492 2869 706 2934 sciscitatione
731 2869 953 2948 perquiritur.
968 2913 976 2933 .
991 2916 1000 2931 .
1015 2911 1023 2930 .
1036 2867 1187 2950 Quapro-

73 2975 145 3047 pter
156 2970 365 3034 dileetionem
382 2975 470 3032 tuam
486 2969 517 3031 in
534 2967 669 3032 Domino
690 2968 881 3041 salutantes,
898 2968 938 3031 de
959 2967 1094 3046 singulis
1107 2967 1186 3049 qnid
1323 3023 1325 3029 .

70 3069 165 3152 juxta
188 3073 385 3138 catholicum
401 3070 600 3151 disciplinam
622 3076 729 3133 teuent
742 3068 948 3151 Apostolicae
963 3069 1052 3135 Sedis
1073 3078 1189 3135 aucto·

73 3175 164 3251 ritas,
187 3173 345 3256 subjectis
365 3172 530 3252 aliquibus
554 3172 651 3234 etiam
680 3180 865 3234 sanctarum
886 3171 1036 3248 capitulis
1058 3171 1188 3252 regula·

73 3293 159 3353 rum,
178 3286 210 3341 te
238 3275 401 3340 eredimus
421 3273 644 3338 instruendum
663 3280 723 3336 etc.
740 3293 756 3332 a
773 3273 878 3336 Porro
892 3272 971 3334 bace
993 3273 1127 3353 epistola
1144 3275 1189 3337 cl·

74 3381 139 3438 tata
157 3378 327 3456 reperitur
341 3393 359 3438 a
376 3373 525 3438 Patribus
536 3372 656 3459 Synodi
673 3369 1020 3438 transmutasset.
1036 3381 1189 3457 tanquam

72 3473 162 3542 Sedis
186 3478 397 3557 Apostolicae
416 3475 613 3540 auctoritate
633 3475 772 3539 firmata.

154 3579 219 3644 llis
232 3580 398 3661 expositis,
410 3580 436 3642 si
451 3580 624 3659 utriusque
639 3577 833 3655 consideres,
850 3579 907 3658 qui
923 3577 1075 3654 consulit,
1087 3586 1119 3642 et
1133 3580 1192 3660 qui

75 3683 312 3748 consultationi
334 3681 524 3763 respondet,
546 3697 657 3744 seusus
679 3687 744 3743 tam
775 3680 912 3759 simplici
935 3679 1104 3761 ulcerique
1126 3681 1194 3744 ani·

74 3803 127 3849 mo
142 3803 321 3864 expressos
341 3784 443 3848 reluta
463 3782 503 3846 ad
519 3781 608 3845 Petri
629 3797 852 3845 successorem
873 3780 905 3842 iu
919 3778 1112 3844 Pontificatu
1127 3779 1193 3844 llo-

73 3905 185 3978 mano,
208 3903 275 3949 uon
295 3892 344 3948 est
365 3882 577 3946 dubitandum
600 3881 640 3944 de
659 3882 784 3945 sincera
807 3883 903 3945 ouius
924 3882 1095 3946 devotione
1116 3899 1194 3962 erga

76 3985 241 4066 vigilium
265 4003 326 4050 ceu
347 3984 527 4065 legitimum
555 3981 722 4047 Ecclesiae
743 3980 932 4047 Catholicae
964 3991 1139 4062 pastorem,
1163 3990 1196 4045 et

75 4089 116 4153 de
138 4089 283 4151 alterius
302 4088 413 4164 simul,
429 4085 511 4150 idest
532 4085 631 4165 ipsius
646 4082 755 4164 vigilii
779 4101 860 4164 pura
883 4084 1075 4148 conscientia
1098 4085 1129 4146 io
1143 4101 1197 4146 su·

78 4209 199 4272 premo
217 4189 384 4254 Ecclesiae
405 4188 582 4252 ministerio
606 4185 802 4260 exercendo,
826 4192 883 4249 aut
901 4186 968 4267 jam
990 4193 1123 4250 mortuo
1136 4185 1197 4252 Sil·

75 4297 188 4373 terto,
213 4292 283 4357 sive
313 4309 353 4358 eo
379 4293 505 4358 sitente
527 4289 558 4354 iu
581 4288 682 4354 exilio
706 4287 748 4353 ob
769 4287 868 4370 hujus
901 4287 1090 4366 absentiam,
1114 4288 1198 4352 tica·
1295 4381 1296 4384 Ἴ
