2994 4938
336 357 400 434 etth

415 461 458 530 ut
486 463 547 530 hoe
567 481 642 530 sana
672 467 717 531 its
746 484 781 532 se
806 449 926 532 babere
946 467 1035 546 patet
1058 411 1128 530 tntu
1148 478 1189 528 es
1212 457 1429 526 monacbomn

332 568 559 650 aegyptiorum
588 569 875 651 protestationibus
900 586 1011 633 coram
1044 563 1224 646 Theophilo
1255 565 1286 626 tn
1315 562 1430 647 Sponte

333 670 555 745 alexandrina,
577 687 687 734 corum
708 669 834 736 Ioanne
854 669 1086 755 chrysostomo
1106 674 1140 732 et
1161 664 1353 748 Epiphanio,
1373 667 1429 725 tun

222 810 231 819 ·
333 787 377 836 nx
396 788 501 851 uupor
521 770 639 834 censita
655 769 774 837 Rnttlni
794 759 868 835 tidei
890 770 1102 852 protensiones
1118 769 1175 848 qui
1197 767 1321 848 pariter
1340 763 1430 828 testati

331 879 420 948 sunt,
442 889 478 936 se
499 872 675 936 universim
696 883 730 936 et
748 872 893 954 singulos
924 871 1089 938 Ecclesiae
1109 867 1295 934 Catholicae
1315 883 1431 931 mosen·

333 973 408 1050 tiro,
429 988 468 1037 ac
487 990 563 1037 eum
583 991 621 1037 ea
643 973 816 1038 conventre
836 975 870 1037 in
891 972 1094 1039 damnatione
1110 987 1276 1046 errorum,
1299 967 1430 1048 blaspbe-

334 1075 528 1164 mlarum,et
549 1075 774 1166 impietatum,
795 1093 936 1157 quarum
961 1076 997 1140 tit
1015 1077 1136 1140 mentio
1156 1073 1189 1136 in
1209 1069 1346 1154 epistola
1367 1065 1431 1132 ilie·

333 1179 463 1261 ronpmi
485 1174 524 1239 ad
547 1175 703 1253 Aritnm,
724 1181 757 1240 et
786 1174 819 1238 in
838 1175 981 1257 epistolis
1001 1173 1172 1258 Theophili
1193 1180 1226 1237 et
1253 1169 1427 1253 Epiphanii5

333 1284 367 1342 et
384 1293 470 1358 quae
491 1276 625 1342 luerunt
653 1276 786 1357 origeni
811 1275 994 1358 inscriptae.
1019 1277 1078 1342 Ast
1104 1293 1169 1341 una
1197 1273 1428 1338 obtestabantur

331 1394 367 1442 ae
382 1376 475 1440 salte
487 1376 664 1456 suspicere,
679 1376 858 1456 quinimmo
872 1375 1010 1441 tirmiter·
1023 1375 1163 1458 opinari,
1179 1374 1342 1440 calamum
1355 1372 1428 1434 tran·

185 1494 208 1568 j
333 1475 502 1541 dulentnm
516 1477 549 1540 in
570 1477 800 1558 ipsiusscripta
821 1477 1000 1556 irrepsisse,
1022 1477 1160 1558 eiusque
1178 1475 1430 1552 corrupissessn·

270 1613 271 1616 =
308 1565 317 1592 ‘
334 1593 419 1653 snm,
435 1576 517 1640 adeo
532 1584 569 1640 nt
589 1594 765 1657 pravarum
781 1577 981 1657 opinionum,
997 1593 1079 1658 quaa
1099 1593 1162 1639 non
1178 1573 1278 1638 tenuit
1292 1589 1350 1638 nec
1367 1571 1430 1635 scri·

333 1678 407 1756 psit,
430 1677 571 1758 iniquam
592 1677 730 1740 subierit
749 1677 1030 1742 insimulationem.
1048 1675 1089 1740 Et
1109 1677 1150 1740 de
1171 1675 1234 1740 hoe
1252 1671 1430 1756 amplissime

333 1780 497 1844 convictos
518 1795 586 1844 esse
606 1778 675 1843 dixt
696 1778 860 1862 praelatos
882 1779 984 1856 siros,
1007 1779 1087 1842 alias
1107 1778 1239 1844 scientia
1261 1769 1429 1859 probatissi·

334 1895 415 1955 mos,
438 1877 501 1942 tide
515 1886 554 1952 ,et
573 1880 710 1960 pietate,
741 1896 781 1944 ac
810 1878 905 1944 raldo
925 1880 1122 1961 scriptorum
1146 1867 1294 1942 veterum
1316 1877 1429 1960 peritos

334 1979 410 2046 ldeo
432 1983 514 2044 enirn
537 1981 624 2045 baud
646 2000 701 2046 eos
721 1981 855 2058 latebat,
878 1981 1032 2046 ecclesias
1056 1981 1234 2057 romanam,
1256 1973 1429 2052 dlricauam,

334 2082 597 2161 palaestinensem
618 2089 651 2146 et
672 2083 1049 2163 constantinopolitanam
1072 2081 1234 2162 usquead
1256 2079 1340 2144 illud
1358 2081 1429 2158 iquo-

333 2199 421 2248 rasso
443 2193 592 2263 tempus,
614 2187 647 2248 in
669 2193 716 2248 tot
735 2184 916 2266 sphalmata
936 2183 1066 2266 lapsum
1085 2201 1155 2248 esse
1174 2179 1367 2263 Origenem3
1383 2175 1427 2242 aad

332 2301 374 2350 ex
394 2282 533 2348 adverso
552 2283 594 2350 ds
620 2303 660 2348 eo
689 2285 864 2366 propitiam
883 2291 918 2350 et
937 2284 1109 2365 gloriosam
1135 2283 1256 2364 nbique
1286 2280 1428 2346 audivisse

332 2386 467 2461 lamam,
482 2385 534 2450 nir
553 2383 745 2474 apostolicus
765 2395 794 2450 et
812 2386 1016 2452 ecelesiarum
1035 2383 1187 2466 raspista
1207 2391 1397 2465 nuncupato.

415 2485 626 2570 Quapropter
642 2486 740 2570 juxta
756 2487 971 2553 ecclesiastica
991 2494 1113 2552 statuta
1130 2493 1230 2567 patet,
1253 2502 1329 2550 enm
1344 2481 1428 2546 Then-

336 2587 445 2668 pbilus
466 2592 498 2654 tn
511 2588 646 2654 Oriente
661 2589 819 2654 adsersus
839 2590 1014 2654 monachos
1034 2588 1213 2672 aegyptios,
1231 2591 1266 2652 et
1289 2585 1429 2666 Hieronp-

335 2707 409 2754 mns
434 2693 468 2755 ln
488 2690 663 2756 Occidente
682 2691 840 2756 adversos
861 2689 1027 2755 Rnffinnm
1044 2691 1181 2774 ejusque
1202 2689 1341 2754 asseclas
1355 2684 1427 2750 dini·

336 2796 458 2868 cantes,
479 2788 612 2870 Oriqeni
633 2791 812 2872 adscriptas
833 2791 978 2855 insectati
1003 2797 1154 2872 praratas
1176 2788 1350 2863 doctrinas,
1365 2787 1426 2866 jnrs

334 2889 464 2969 quidem
478 2888 642 2956 Ecclesiae
654 2891 777 2975 judicio
791 2890 1018 2956 submitterent
1032 2888 1356 2962 anathematizandas,
1371 2899 1427 2966 qra-

337 2990 377 3054 tia
414 2995 519 3054 tamen
550 2991 662 3056 ambos
691 2991 887 3055 anathemati
922 2989 1079 3054 obnoxios
1116 2989 1334 3072 praetendisse
1365 2985 1427 3048 cita-

335 3097 385 3154 tos
407 3092 506 3155 viros.
533 3089 597 3168 Qui
618 3091 838 3158 orthodoxam
858 3091 994 3172 prolessi
1016 3090 1134 3165 tidem,
1158 3089 1318 3172 judicium
1340 3086 1427 3165 sinpo-

328 3191 356 3254 ‘li
378 3192 583 3256 instituerant
610 3194 791 3276 privatum,
813 3209 1017 3273 nequaquem
1043 3192 1268 3274 disceptantes,
1291 3205 1363 3254 unm
1382 3183 1428 3249 sci

336 3292 415 3357 licet
433 3294 600 3376 supposita
615 3293 797 3358 Adamantii
813 3293 999 3376 blasphema
1020 3295 1169 3374 dogmata
1185 3295 1217 3356 in
1230 3311 1326 3358 sensu
1339 3289 1427 3356 catha·

280 3435 284 3444 ,
336 3393 402 3458 lico
424 3393 531 3458 loreut
551 3412 610 3460 uec
631 3412 670 3460 ne
690 3393 898 3476 acceptanda,
916 3394 967 3460 rel
989 3395 1200 3470 detendenda,
1215 3401 1274 3458 aut
1294 3395 1427 3469 interpre-

338 3495 434 3558 tanda
448 3493 655 3559 unitormiter
673 3493 870 3576 apostolicae
891 3494 1067 3571 traditioni,
1087 3495 1174 3576 qnod
1197 3510 1358 3574 nunqnam
1375 3487 1425 3550 ani·

339 3595 607 3674 madvertoruut3
637 3593 692 3658 sed
720 3613 795 3659 cum
820 3597 860 3658 de
881 3595 929 3658 bis
953 3595 1202 3671 horrescerent,
1225 3591 1384 3676 persuasio
1400 3587 1426 3650 iis

338 3697 450 3762 intima
471 3695 741 3760 insolescebstde
763 3695 931 3760 falsatione
952 3696 1114 3761 librorum
1135 3694 1295 3776 Origenis.
1312 3693 1426 3771 Propter

340 3797 430 3880 qnod
452 3798 631 3864 uoluerunt
659 3812 815 3877 personae
841 3797 913 3878 ejus
940 3797 1144 3862 subscribere
1177 3797 1343 3862 anathema
1351 3812 1362 3872 3
1383 3803 1427 3852 m

340 3899 495 3982 genuinos
517 3900 617 3980 ipsius
643 3896 758 3974 libros,
782 3897 813 3960 ln
835 3898 953 3978 quibus
974 3899 1192 3964 orthodoxam
1223 3898 1387 3978 explanans
1401 3891 1426 3950 el

341 4009 455 4067 contra
484 3999 663 4064 haereticos
688 4007 721 4062 et
744 3997 859 4079 impios
882 3999 1043 4065 vindicans
1071 4001 1274 4078 doctrinam,
1297 3995 1380 4064 valde
1395 3989 1425 4050 dc

341 4099 488 4180 Ecclesia
508 4099 627 4166 Christi
642 4101 776 4164 meritus
798 4095 858 4178 est,
874 4102 1099 4167 condemnare.
1120 4102 1156 4166 ln
1175 4120 1243 4182 qno
1263 4101 1424 4164 diuturnent

341 4221 447 4285 usque
469 4203 534 4270 buc
556 4202 710 4285 insumpsi
731 4219 877 4285 operum,
901 4203 965 4270 tsle
979 4203 1057 4288 qnid
1078 4204 1247 4272 ostendens
1274 4199 1364 4285 ipsius
1379 4191 1425 4258 sic
