2982 4934
343 479 439 561 juxte
461 477 625 544 Ecclesiae
652 496 789 544 oenones
811 477 908 542 luisse
938 475 1089 559 patrats‘l
1110 475 1427 557 disponeremus:
1478 509 1479 560 t

278 619 282 628 ·
347 580 396 642 his
411 580 585 661 praeludiis
598 579 745 660 Orlgsnis
760 598 890 646 musam
905 579 1104 644 convenienti
1118 580 1313 642 discussione
1326 579 1427 642 sobrio
1478 585 1479 596 ¹

348 700 413 762 que
431 681 554 765 y'udicio
570 689 797 762 pertractatam
816 699 886 748 esse
905 690 940 746 et
959 678 1150 744 delinitam?
1171 679 1284 760 quue
1306 680 1393 759 magis
1408 680 1426 740 si

347 782 467 846 decreti
488 781 647 866 synodalis
668 802 785 863 scopus
805 784 974 863 diligenter
995 783 1216 862 investigetur,
1238 799 1375 862 quocum
1393 783 1427 843 in·

349 885 567 948 tordlcebatnr
587 884 683 948 leetio
699 886 858 948 librorum
873 883 1040 964 Oriyeuisy
1057 884 1170 964 nequis
1190 884 1262 946 ideo
1276 884 1333 945 bos
1353 881 1429 946 habe

348 992 399 1046 ret
422 985 473 1046 rel
492 985 615 1065 legeret
635 985 762 1050 libros?
781 983 895 1050 Nonne
914 1003 957 1050 ex
981 984 1118 1047 adverso
1138 983 1180 1046 ah
1201 983 1262 1046 hoe
1282 985 1429 1046 interdicto

347 1084 527 1148 eruendum
549 1086 697 1164 ridetur,
720 1093 943 1168 praesumptos
963 1085 1111 1164 origenis
1132 1101 1261 1150 errores
1282 1083 1432 1163 iuterpoh·

348 1186 449 1248 lioues
469 1193 503 1250 el
515 1189 740 1269 corruptiones
755 1189 861 1268 potius
876 1186 974 1251 luisse
992 1187 1156 1252 doctrinae
1169 1187 1312 1250 sincerae
1332 1185 1432 1250 docte

348 1287 404 1363 ris,
420 1306 517 1366 qnam
541 1307 654 1354 revere
676 1291 759 1354 dictu
774 1291 874 1371 ipsius
889 1289 1023 1370 genuina
1036 1287 1052 1353 l
1066 1289 1194 1369 quando
1214 1296 1327 1352 contra
1342 1287 1433 1368 bojas·
1480 1336 1481 1414 y

348 1387 433 1450 modi
455 1389 633 1470 impietates
653 1391 754 1454 eidem
777 1389 945 1470 inscriptas
959 1399 1118 1470 perpetuo
1138 1389 1320 1462 dimicarit,
1342 1389 1433 1467 impios
1480 1417 1481 1474 y

347 1489 420 1552 ideo
437 1508 553 1554 roccus
575 1489 716 1566 Celsum,
735 1490 948 1567 Marcionem,
964 1491 1148 1567 llastttdem,
1165 1487 1433 1568 Valentinumqni
1480 1505 1481 1512 ¹

349 1589 429 1652 isles
440 1602 685 1672 propugnarunt
700 1591 1167 1674 blasphemiolenemobrem
1183 1593 1379 1656 inlerendum
1389 1593 1434 1654 dn·

348 1707 401 1765 oo,
423 1690 496 1754 ideo
516 1709 534 1754 a
555 1689 735 1772 Theophilo
756 1693 957 1758 interdictam
978 1694 1148 1758 lectionem
1170 1704 1203 1758 et
1223 1695 1431 1774 possessionen

348 1789 508 1855 librorum
529 1789 676 1873 Origenis
687 1813 698 1874 3
729 1793 873 1858 nelorle
900 1796 971 1874 quis
1003 1796 1138 1875 peonius
1159 1797 1251 1858 istius
1270 1793 1434 1876 scriptule

349 1907 438 1970 pens,
459 1892 557 1956 aliter
576 1896 863 1975 comprehenderet
886 1896 1034 1960 eumdem
1057 1897 1202 1960 docuisse
1222 1905 1255 1958 et
1276 1896 1430 1974 scripsisse,

349 1995 627 2075 qnameptseopus
648 1996 877 2061 alexandrinus
893 1997 1035 2060 dehuirit
1056 2015 1165 2062 coram
1180 1998 1325 2082 Synodo,
1344 2000 1433 2061 haere·

348 2111 420 2158 scos
442 2096 628 2174 insimulans
650 2087 755 2162 airum
778 2099 1007 2162 orthodoxam.

428 2194 564 2261 Domum
582 2199 675 2262 nohis
707 2200 738 2261 iu
760 2201 819 2263 hac
841 2217 876 2262 re
901 2199 1100 2280 sollrspatur
1119 2204 1316 2274 auctoritas,
1348 2200 1430 2264 eideu
1481 2223 1482 2234 ¹

346 2305 452 2362 setsta
472 2307 505 2360 el
526 2301 652 2364 nomine
672 2300 783 2378 affinis,
807 2299 920 2365 lsidorl
941 2300 1137 2376 Pelusiotae,
1160 2301 1306 2365 doctriua
1331 2309 1361 2364 et
1378 2317 1433 2362 ssu·

346 2401 458 2463 ctitsle
477 2401 710 2476 spectatissimi.
726 2400 790 2478 Qui
811 2402 851 2465 sd
874 2401 1101 2486 Symmachum
1117 2403 1271 2477 scribens,
1295 2399 1433 2482 apertissi-

230 2527 233 2534 ·
346 2517 399 2564 me
420 2507 557 2564 testatur
573 2508 648 2565 t'um
669 2500 781 2566 lsidori
806 2504 940 2566 virtutes
973 2505 1182 2584 praeclaras,
1210 2513 1278 2567 tom
1301 2503 1434 2566 adversus

347 2601 445 2666 istum
465 2601 629 2666 odium·et
644 2603 838 2668 inimicitiam
860 2601 1029 2684 Theophili
1047 2605 1105 2667 riri
1128 2605 1253 2684 pessimi
1275 2611 1309 2666 et
1329 2611 1433 2683 apostr-

349 2709 420 2766 lae:
443 2721 544 2782 quum
565 2704 597 2766 in
618 2702 910 2786 chrysostomum,
931 2707 975 2768 eit
998 2704 1180 2791 Pelusium,
1203 2705 1393 2784 explevisset
1407 2719 1432 2764 o·

347 2821 451 2868 runem
468 2804 719 2884 improbitatem,
734 2821 831 2885 quem
853 2811 945 2868 aulea
967 2806 998 2868 iu
1014 2798 1173 2870 lsidoru'm
1192 2801 1432 2869 monachumsl·
1482 2825 1483 2840 ι

349 2905 489 2970 miserat.
513 2905 605 2983 Quae
637 2908 743 2969 omnia
768 2907 939 2970 destruunt
970 2907 1202 2972 commentitias
1228 2906 1397 2970 calumnias
1418 2919 1432 2962 a

349 3005 528 3087 Theophllo
549 3019 712 3072 consertas
729 3011 759 3070 in
785 3005 928 3086 Epistola
949 3009 988 3070 ad
1008 3006 1107 3092 Cypri
1127 3017 1159 3072 ot
1181 3007 1375 3072 Palaestinae
1393 3021 1435 3066 so·

350 3109 463 3173 tistiles
483 3107 639 3172 adsersus
660 3109 832 3172 monachos
854 3109 1030 3172 nitriemes.

430 3205 659 3272 Verumtamen
681 3209 768 3272 hand
790 3209 1011 3272 tantummodo
1032 3215 1159 3271 nostras
1173 3224 1273 3271 curse
1292 3207 1332 3270 sit
1351 3205 1434 3268 lanae

348 3309 519 3374 consulere
540 3309 652 3374 lsidori
662 3329 675 3390 3
697 3311 800 3373 sedet
819 3311 959 3373 aliorum
981 3311 1036 3390 qni
1058 3325 1133 3375 cum
1154 3327 1193 3372 oo
1213 3317 1246 3372 et
1260 3327 1321 3389 pro
1341 3325 1377 3370 eo
1393 3305 1432 3364 dr

349 3419 516 3477 certarunt
536 3413 567 3474 iu
589 3413 647 3476 hec
668 3413 865 3492 quaestione.
896 3410 1115 3486 Quamobrem
1137 3408 1356 3491 praelatorum
1374 3403 1434 3470 scri·

350 3522 480 3593 plorum
503 3513 697 3576 auctoritate
716 3511 854 3586 sullnlti,
876 3511 993 3574 horum
1016 3511 1194 3584 testimonia
1216 3512 1358 3576 meamus
1375 3521 1433 3568 con·

350 3615 549 3693 siderctum3
565 3615 620 3678 uhi
640 3622 674 3676 et
693 3612 840 3693 Oripeois
861 3631 957 3676 causa
976 3611 1160 3690 ventilatur,
1182 3622 1215 3676 et
1234 3613 1364 3676 illorum
1384 3617 1434 3670 tm·

354 3719 376 3780 ti
392 3718 451 3778 viri
471 3715 707 3778 consulentium
727 3715 858 3792 decori,
880 3713 1015 3795 ejusque
1035 3713 1227 3778 catholicam
1249 3709 1434 3792 comproban-

350 3819 430 3882 tium
453 3816 546 3880 fidem
568 3817 599 3878 iu
618 3817 686 3880 suis
706 3814 876 3896 Operibus.
900 3813 1030 3895 Quique
1049 3813 1148 3879 simul
1168 3813 1432 3894 compertissimum

353 3919 509 3990 habuere,
524 3926 558 3982 et
577 3926 721 3980 statuere
742 3917 966 3997 pravissimum
981 3913 1150 3995 Theophili
1170 3916 1311 3979 studium
1332 3915 1361 3974 in
1379 3923 1433 3988 per·

352 4019 529 4100 sequendo,
553 4036 635 4098 qnos
655 4019 722 4098 ipse
743 4018 921 4082 haereticos
942 4018 973 4080 iu
994 4026 1099 4080 mente
1118 4034 1177 4080 sus
1200 4016 1308 4090 duxit,
1332 4009 1432 4076 soluit·

352 4121 448 4197 lacit,
471 4139 509 4184 ac
528 4119 641 4184 deiude
661 4129 736 4183 actu
757 4121 941 4194 damnavit,
963 4117 1234 4199 prullipavitque:
1261 4118 1304 4180 ita
1325 4124 1359 4178 ut
1376 4111 1431 4172 ideo

242 4217 250 4242 '
352 4221 590 4304 quodammodo
610 4221 786 4286 secundom
806 4218 924 4286 Christi
941 4219 1037 4283 rerba
1058 4218 1121 4282 diei
1143 4226 1218 4284 tuuc
1239 4217 1393 4300 potuisset,
1406 4223 1430 4268 c
