2982 4934
1118 347 1308 418 ete,

133 442 209 512 Hoc
231 450 339 512 nutem
359 445 467 528 quoad
489 443 659 530 Theophili
681 453 714 512 et
734 443 922 530 Hieronymi
952 445 1096 514 stutllum
1117 449 1174 514 nd·

55 563 171 612 uersus
198 545 346 630 Origeois
366 549 535 613 nueresirn.
557 545 605 612 Dc
626 549 755 631 reliquo
774 549 949 614 admodum
971 551 1173 616 animadver-

54 646 143 711 sione
156 646 291 726 (lignum
312 656 361 714 est
376 657 499 725 nostra,
513 649 601 728 qunti
623 651 690 730 ipsc
705 651 891 715 Anastasius
905 650 945 714 tle
966 649 1086 716 lluffioi
1102 669 1174 716 rer·

53 750 142 812 sione
163 748 278 831 objicit
298 749 439 828 loanni,
468 753 560 830 quasi
581 749 730 814 Rolilncs
759 752 842 814 hunc
862 751 1023 816 librorum
1048 750 1173 816 Periur-

53 847 130 912 clcc
153 851 397 917 translationem
417 853 637 933 compegisset.
670 850 822 933 Orlpcccr
841 861 957 929 actem,
980 853 1095 934 inquit,
1117 871 1172 916 cu·

50 949 103 1032 jus
121 948 161 1016 irs
182 961 328 1016 menum
347 951 493 1033 llcpnoca
513 950 684 1034 compositu
704 950 861 1016 Micooit
873 951 1043 1032 (Ruffionsl
1052 974 1064 1032 3
1086 955 1169 1019 arni·

56 1058 161 1116 tratur
188 1069 305 1132 respse
326 1047 516 1128 Bullinum,
544 1052 641 1116 telem
663 1054 867 1118 concinnasse
887 1069 962 1116 cons
986 1053 1173 1135 hujusmodi

55 1151 170 1216 errotis
192 1153 493 1232 interpretationem
517 1150 723 1216 Periorcltoc.
747 1151 854 1230 Quam
878 1153 1058 1234 perlegens,
1080 1173 1172 1218 scen·

54 1249 124 1312 lein
141 1251 269 1316 ueritus
291 1253 322 1314 iu
344 1249 502 1327 Ecclesia,
527 1253 723 1333 amplissime
744 1252 954 1334 reprobarit3
968 1271 1007 1316 uc
1022 1253 1061 1316 dc
1074 1255 1171 1320 inter-

55 1353 149 1431 pretis
171 1351 238 1416 lide
258 1351 498 1432 quodammodo
519 1352 691 1418 dubitarit.
721 1351 949 1430 Nihilominus,
971 1359 1075 1434 quoru
1092 1354 1170 1436 jore

55 1455 237 1532 meritoque
258 1453 299 1515 ab
320 1453 490 1520 Anastasio
511 1455 735 1534 corriperetur
758 1453 876 1519 lluffini
900 1457 1018 1532 versio,
1040 1472 1103 1520 noo
1124 1458 1172 1520 ri·

57 1552 100 1616 tiit
113 1553 181 1634 ipre
202 1551 292 1633 Papa
312 1553 578 1636 interpolationes
592 1562 625 1618 el
644 1554 834 1631 additiones,
851 1571 937 1635 quae
958 1555 1061 1630 eidem
1083 1563 1170 1620 tran·

55 1651 179 1716 nationi
203 1653 471 1742 irrepserant-ex
494 1654 636 1718 aliorum
661 1672 759 1735 quem
781 1652 903 1734 Ruffioi
923 1654 1059 1719 calamo.
1082 1654 1171 1733 Qua·

57 1753 199 1818 mobrem
222 1755 255 1816 in
276 1754 489 1834 suspicionem
511 1755 627 1836 cecinit
656 1752 804 1822 Roffious
825 1755 1006 1837 interpres,
1030 1764 1064 1820 et
1085 1755 1172 1840 ejus·
1194 1779 1196 1784 ⁸

56 1851 123 1918 lecu
145 1853 257 1918 versio
279 1854 485 1936 reprobator.

129 1953 215 2020 Cum
236 1962 346 2019 autem
363 1956 441 2019 osec
456 1955 562 2020 omnia
581 1957 730 2020 sensisset
743 1952 904 2035 Bullions,
918 1974 1017 2038 quam
1030 1959 1170 2038 sollicite

56 2051 198 2121 Macerio
218 2057 375 2133 scribens,
397 2055 491 2121 valde
512 2063 706 2137 conquestus
726 2064 775 2120 est
794 2055 834 2121 dc
850 2063 970 2122 lemnre
991 2059 1082 2124 iactis
1097 2078 1170 2126 ver·

58 2158 132 2220 sinui
156 2176 239 2224 suae
261 2157 475 2223 additionibus
486 2179 498 2238 5
514 2166 625 2222 contra
646 2177 727 2239 quas
743 2158 810 2240 jeus
830 2160 863 2222 in
883 2158 1025 2242 Prolnpo
1039 2161 1170 2228 Petn-

57 2256 130 2320 etos
149 2259 332 2324 obtestatus
352 2266 434 2322 erat
465 2257 513 2324 Ac
534 2259 643 2339 itsque
664 2261 696 2323 io
716 2258 815 2325 Libro
838 2257 863 2322 Ι.
884 2278 916 2324 n.
937 2256 989 2327 ll.
1012 2261 1169 2336 novemus

58 2355 302 2446 Hieronymum,
317 2361 420 2440 eidem
435 2357 580 2424 Macerio
594 2360 725 2426 loculos
738 2359 864 2442 elebat:
879 2357 950 2425 «Ut
963 2368 1073 2427 antem
1086 2365 1169 2430 scies

59 2463 127 2538 quis
148 2469 182 2526 et
202 2459 291 2542 qnod
314 2460 461 2524 intentari
483 2461 563 2526 laneo
583 2467 709 2536 essent,
732 2469 765 2524 ct
785 2460 1003 2541 praevidimus
1024 2471 1057 2528 et
1078 2480 1170 2545 prae-

59 2559 213 2626 lirinus.
229 2605 238 2623 .
255 2603 287 2625 ..
311 2559 352 2624 El
374 2569 479 2626 temen
502 2570 574 2642 post
593 2561 653 2626 isla
674 2561 781 2625 omniu
804 2568 867 2625 nm
889 2561 1066 2627 honorifica
1088 2572 1170 2630 taos·

61 2675 119 2737 oue
139 2662 307 2726 horribilis
324 2661 565 2742 adjurationum
586 2672 799 2738 succensente,
822 2662 940 2726 lnlssre
954 2663 1035 2727 haec
1048 2671 1081 2728 et
1095 2681 1171 2729 cnr·

62 2777 207 2844 rumpere
228 2781 292 2825 non
315 2763 493 2825 timuerunt
514 2762 575 2836 illi,
596 2763 652 2844 qni
672 2780 707 2826 se
728 2761 862 2827 credere
882 2760 1005 2839 (linunt,
1021 2781 1169 2829 resurre-

62 2861 191 2926 ctionem
212 2865 318 2928 menis
333 2862 491 2928 intorem.
507 2881 525 2920 n
540 2860 584 2926 Et
603 2879 634 2924 o.
648 2859 699 2926 15.
715 2861 825 2926 acolt:
843 2882 860 2923 r
876 2859 999 2927 Verum
1013 2864 1169 2945 quonium
1209 2871 1211 2878 ’

62 2978 166 3026 corum
182 2962 319 3028 lecimus
334 2965 540 3041 mentionem,
555 2962 612 3043 qul
627 2963 708 3028 haec
722 2962 803 3042 ipsa,
817 2980 951 3043 qnoque
965 2962 1061 3028 motin
1077 2969 1167 3042 sunl,
1282 3040 1294 3059 Ι

63 3067 181 3141 umen,
203 3065 264 3128 nisi
285 3063 366 3128 lslsn
386 3070 473 3140 suot,
499 3063 665 3130 criminari
684 3081 721 3128 cs
743 3062 908 3127 ullatenus
929 3064 1119 3144 potuissent:
1141 3067 1168 3130 i-

62 3177 144 3238 psum
165 3169 286 3244 capul,
307 3165 339 3227 iu
360 3163 448 3244 quod
469 3181 582 3228 manns
606 3162 753 3229 laisarics
782 3164 1029 3244 imposuerunt,
1049 3181 1168 3228 conre-
1249 3167 1255 3176 '

62 3263 142 3328 niens
155 3275 236 3346 puto
250 3266 328 3330 lsulc
341 3264 521 3347 Apologine
535 3273 664 3328 nostrae
680 3264 838 3328 inserere:
851 3281 891 3327 on
904 3281 957 3327 me
969 3263 1078 3329 studio
1093 3282 1166 3330 men

63 3361 246 3430 subtrahere
267 3373 381 3446 putent
400 3365 484 3442 hoc,
506 3364 594 3446 quod
614 3364 675 3440 illi,
697 3361 807 3428 addito
827 3381 906 3442 sno,
928 3363 1008 3428 lalsn
1029 3365 1166 3430 crimina

63 3459 275 3530 conciunt.»
297 3465 340 3530 Et
359 3465 399 3528 ‹le
420 3467 483 3532 hoc
503 3466 654 3547 superios
674 3465 873 3546 disputatum
895 3472 953 3528 est.

133 3564 238 3632 Paulo
259 3574 331 3648 pust
351 3584 383 3630 n.
402 3563 453 3632 17.
475 3568 581 3647 pergit
601 3565 797 3630 inmeolntns
811 3566 851 3629 de
871 3563 1066 3629 lulsilstibus
1084 3582 1165 3631 sose

65 3669 191 3732 versioni
211 3668 350 3745 insertis,
365 3667 472 3748 oeque
491 3667 619 3746 scriptis
641 3667 708 3732 suis
731 3666 906 3742 temeretis,
928 3672 967 3730 ut
985 3665 1045 3730 sibi
1066 3664 1165 3728 inier-

64 3771 148 3832 retur
166 3769 317 3834 intentae
336 3775 422 3833 notu.
445 3766 588 3848 ideoque
608 3766 739 3848 qnando
759 3769 948 3834 Anastasius
977 3765 1011 3828 ln
1027 3765 1165 3848 epistola

64 3863 114 3940 tit,
127 3866 272 3948 Oripcuis
293 3867 396 3932 libros
416 3867 498 3932 illest
520 3865 714 3931 Perinreion
728 3885 747 3932 a
761 3865 891 3932 llnliino
906 3867 938 3930 in
952 3866 1095 3948 linguam
1115 3865 1165 3930 la·

64 3963 151 4032 tinam
175 3969 359 4046 translatos,
380 3968 472 4050 puris
493 3967 652 4034 mentibus
672 3967 824 4032 nebulam
844 3968 1008 4032 coecitatis
1028 3966 1162 4049 injicere

65 4069 92 4128 cl
110 4065 200 4134 item
220 4070 381 4152 meierum
410 4067 572 4134 firmatum
592 4067 787 4146 traditione,
808 4069 1005 4144 dissolvere,
1026 4085 1090 4134 nno
1115 4067 1163 4132 ni·

63 4162 85 4227 si
103 4167 311 4240 attinneon
331 4169 451 4238 Rullini
478 4171 616 4239 versioni
637 4177 798 4250 conserta,
821 4188 896 4240 cum
917 4168 1061 4254 eiusdem
1079 4167 1163 4237 itot-
