3186 4946
408 460 571 527 Stantibns
584 463 712 526 iuterim
727 459 952 544 hujuscemodi
968 461 1243 528 testificationibus
1256 468 1369 528 contra
1384 481 1436 542 ea,

329 583 413 648 quae
436 565 650 647 praesumpsit
670 561 884 645 Theophilus,
908 581 965 628 uec
985 563 1026 626 ab
1047 561 1190 628 Ecclesia
1213 564 1364 642 pulsnm,
1387 582 1442 628 uo·

328 687 394 750 que
414 665 613 747 Alexandria
635 667 795 747 iugatum,
818 684 876 732 nec
898 667 1080 742 haereseos,
1102 673 1161 730 ne'c
1183 665 1268 731 alins
1297 666 1440 730 criminis

329 789 422 836 mum
445 770 543 835 luisse
563 770 723 852 probatur
741 767 935 851 Origenem:
962 787 1075 834 aerum
1098 769 1319 832 tantummodo
1340 770 1437 832 istum

324 877 366 940 ab
387 876 535 960 Aegypto
555 877 733 939 discessisse
763 875 795 936 in
818 875 973 955 achajam
995 891 1054 952 per
1079 871 1291 935 Palaestinam
1322 872 1435 935 trausi-

329 985 438 1043 turum
467 979 506 1040 nd
528 995 658 1042 errores
679 975 905 1058 prodigendos,
930 977 985 1056 qni
1008 975 1124 1037 inillis
1148 974 1291 1038 ecclesiis
1312 974 1440 1054 irrupe-

325 1088 408 1142 rant.
432 1078 475 1144 Et
495 1083 527 1144 in
548 1081 596 1143 his
617 1097 693 1142 sane
715 1079 809 1141 valde
831 1079 948 1141 mirum
971 1085 1029 1139 est.
1053 1073 1149 1139 Lucis
1170 1075 1337 1156 apostolus
1363 1072 1438 1139 Ori·

326 1197 421 1260 genes
444 1187 577 1244 vocatus
598 1181 630 1242 iu
653 1177 826 1258 Achaiam,
848 1195 867 1239 a
890 1175 1070 1258 Theophilo
1091 1176 1122 1238 iu
1145 1174 1328 1255 apostolum
1351 1181 1437 1237 teue-

325 1280 460 1344 brarnm
484 1282 636 1344 vertitur.
656 1279 697 1343 Et
719 1281 766 1342 uti
792 1288 882 1342 sator
903 1280 1101 1341 zizaniorum
1124 1276 1254 1357 lagatus
1275 1276 1315 1340 ab
1331 1273 1436 1361 hagy-

324 1388 392 1460 pto,
415 1382 445 1444 iu
466 1382 585 1445 alienas
607 1381 788 1459 provincias
812 1381 909 1453 veuit,
934 1381 980 1442 uti
1006 1379 1181 1442 veritatum
1196 1386 1297 1454 sator,
1313 1386 1346 1442 et
1360 1378 1436 1440 hae·

325 1485 502 1548 relicorum
525 1484 672 1546 malleus.
695 1482 754 1548 Cui
777 1499 855 1562 ergo
877 1481 1074 1546 credendum
1096 1479 1170 1545 est?
1199 1478 1295 1556 Quod
1325 1487 1435 1543 autem

322 1584 401 1648 dicit
420 1582 649 1670 Hieronymus,
677 1582 836 1648 Eusebius
857 1583 964 1645 firmat
975 1602 987 1662 ;
1009 1591 1041 1646 et
1059 1583 1198 1663 amplius
1211 1601 1238 1644 s.
1255 1579 1434 1661 Gregorius

321 1684 585 1767 Thaumaturgus
607 1688 723 1750 horum
747 1692 911 1765 gestorum
934 1686 1021 1747 testis
1042 1684 1193 1748 oculatus
1215 1685 1245 1745 iu
1262 1702 1291 1745 n.
1307 1681 1336 1748 5.
1352 1680 1435 1746 Ora-

329 1788 422 1852 tionis
443 1791 668 1872 panegyricas,
690 1787 798 1850 ciram
817 1805 946 1866 samam
966 1786 1131 1868 appellans
1149 1785 1334 1866 Origeuem‚
1356 1803 1441 1848 asse-

322 1896 434 1964 verat,
457 1890 560 1970 ipsum
582 1891 623 1953 ab
644 1891 792 1974 Aegypto
815 1889 996 1969 protectum
1020 1889 1050 1950 in
1072 1886 1263 1952 Caesaream
1287 1886 1432 1965 venisse,

318 2007 385 2070 quo
406 2008 458 2054 res
479 1991 562 2053 aliae
584 1991 754 2054 trahebant
770 1997 803 2053 et
831 1989 1078 2066 translucebunt,
1094 1990 1177 2052 idest
1191 1988 1433 2052 haereticorum

320 2099 427 2153 motus
447 2099 559 2154 contra
584 2092 753 2153 veritatem
784 2089 988 2152 catholicam.
1013 2088 1145 2152 Constat
1174 2104 1252 2167 ergo
1281 2087 1367 2150 haud
1389 2105 1432 2152 ex

320 2189 484 2252 doctrinae
506 2191 666 2270 pravitate
687 2191 727 2252 ab
749 2188 896 2273 Aegypto
918 2189 1091 2253 decessisse
1109 2187 1282 2268 Origeuem
1295 2209 1307 2268 3
1322 2188 1377 2252 sed
1391 2208 1433 2253 ex

318 2289 441 2369 placitu
461 2309 534 2366 sno,
557 2290 696 2372 fideique
717 2291 808 2366 zelo,
831 2307 869 2353 ac
890 2289 1094 2370 permittente
1114 2285 1307 2364 Demetrio,
1334 2289 1428 2353 nullo

317 2392 454 2455 instante
469 2394 615 2469 erimine,
633 2393 706 2456 inde
726 2393 923 2474 prolectam.

397 2490 467 2558 Nisi
487 2494 588 2574 quod,
611 2495 722 2557 absens
745 2493 912 2573 Origenes,
935 2512 977 2556 ex
991 2491 1145 2557 Demetrii
1167 2493 1284 2558 invidia
1313 2501 1346 2558 et
1366 2511 1434 2557 am·

316 2593 398 2671 bitu,
421 2595 590 2659 calumniis
611 2597 773 2676 appetitus
795 2596 869 2671 luit,
895 2595 992 2658 variis
1014 2604 1125 2658 eontra
1149 2613 1223 2658 eum
1243 2597 1431 2660 commenti-

317 2695 367 2759 tils
388 2697 647 2762 accusationibus
668 2698 863 2778 compertis=
887 2715 903 2758 a
926 2697 1045 2776 quibus
1075 2715 1113 2760 ea
1147 2697 1295 2780 deinceps
1325 2699 1432 2762 hausit

318 2794 539 2876 Theophilus,
564 2799 821 2879 instauravitque
852 2799 883 2860 in
911 2797 1066 2872 ecclesiis,
1096 2797 1229 2862 dicteria
1254 2801 1348 2880 plura
1375 2800 1430 2863 ad·

311 2898 445 2978 piciens,
469 2899 553 2962 undo
575 2908 607 2962 et
627 2899 693 2982 ipse
715 2899 934 2984 Hieronymus
957 2898 1074 2962 illusus
1096 2906 1165 2976 ost,
1187 2902 1219 2962 in
1240 2903 1426 2982 antilogium

313 2998 386 3063 ideo
407 3001 579 3081 prolapsus
600 3020 736 3078 eorum,
760 3020 844 3081 quae
867 3009 954 3065 tanto
975 3000 1085 3064 studio
1107 3018 1167 3080 pro
1192 2998 1341 3082 Origonis
1362 3002 1428 3068 lide

314 3106 347 3163 et
366 3103 574 3166 sanctimonia
595 3105 769 3184 scripserat
789 3112 902 3178 autea,
926 3102 1071 3184 ejusdem
1092 3102 1271 3167 doctrinam
1294 3106 1324 3166 in
1346 3104 1427 3167 diri·

314 3201 362 3263 nis
381 3199 557 3284 Scripturls
579 3204 788 3282 explanandis
810 3203 1004 3267 aemulatus.
1028 3203 1167 3286 Propter
1188 3223 1285 3284 quatu
1302 3206 1427 3270 illusio·

312 3317 385 3364 netu
405 3321 430 3365 s.
455 3303 577 3368 Ductor
597 3306 628 3366 iu
651 3305 794 3385 Epistola
817 3301 866 3370 97.
884 3303 956 3369 ul.
977 3304 1017 3366 ad
1034 3305 1277 3370 Pammachium
1295 3317 1327 3370 et
1343 3305 1430 3371 blar-

311 3403 440 3480 cellum,
462 3407 625 3469 scribens:
650 3428 666 3464 a
683 3404 833 3482 Rursus,
856 3407 921 3481 ait,
946 3407 1158 3469 orientalibus
1184 3425 1238 3470 vos
1259 3408 1426 3489 locupleto

311 3505 495 3582 mercibus,
518 3515 549 3568 et
573 3506 808 3570 Alexandrinas
830 3525 906 3586 opes
931 3507 1035 3591 primo
1058 3523 1136 3569 vere
1161 3505 1298 3572 Romam
1329 3516 1429 3573 trans·

312 3604 415 3668 mitto.
433 3651 440 3666 .
458 3649 487 3668 ..
511 3604 574 3682 Qui
597 3609 772 3688 parvulum
795 3609 964 3674 Christum
988 3607 1161 3680 locarant,
1183 3608 1333 3673 adultum
1355 3609 1430 3674 fidoi

311 3705 422 3769 calore
442 3708 622 3785 discedunt,
646 3719 682 3773 ut
703 3711 759 3790 qui
781 3712 929 3792 perillus
955 3709 1113 3790 effugerat
1137 3708 1276 3775 Herodis
1298 3729 1424 3788 manns,

312 3803 445 3886 effugiat
460 3809 658 3874 haereticum
680 3811 976 3892 blasphemantem:
993 3831 1083 3892 pacm
1100 3809 1277 3877 Demetrius
1291 3813 1429 3878 Alcaco·

307 3905 363 3969 dri
383 3908 457 3969 arbe
474 3909 610 3989 prpulit,
633 3919 696 3973 toto
716 3911 787 3974 orbe
807 3914 903 3992 sugat
926 3905 1114 3993 Theophilus
1133 3923 1194 3977 etc.
1212 3935 1228 3972 n

393 4007 434 4073 Et
449 4012 612 4090 quomodo
625 4031 644 4074 a
658 4010 820 4077 Demetrio
836 4023 873 4077 ut
888 4015 1069 4079 hacreticus
1084 4025 1116 4078 st
1132 4017 1339 4098 blasphemus
1353 4016 1428 4082 Ori·

309 4124 403 4188 geues
426 4111 466 4172 ab
489 4113 568 4176 arbe
591 4114 809 4178 Alexandrina
832 4116 944 4195 pulsus
966 4125 1041 4196 est,
1064 4134 1160 4197 quem
1185 4117 1344 4183 Eusebius
1366 4119 1427 4196 ait,

192 4275 193 4281 χ
308 4210 530 4276 ecclesiasticis
552 4211 709 4279 Graeciae
730 4218 864 4296 negotiis
886 4215 1132 4298 efflagitantibus
1156 4219 1197 4282 ab
1211 4220 1361 4307 Aegypto
1377 4221 1425 4286 di·
