3028 4942
81 449 203 516 sobotss
215 449 355 516 constas
372 449 517 518 oecion
537 459 586 516 cst
608 451 764 518 naturalis
784 451 984 534 cognitionis,
1000 455 1052 520 cui
1072 350 1184 522 suge!-

81 553 124 618 dit
144 549 318 632 Tbeotogia
340 562 372 616 et
391 572 530 634 superna
553 554 728 619 beatitudo.
746 574 763 612 s
779 552 822 618 Et
840 553 887 620 sic
899 555 1046 638 deinceps
1066 559 1184 622 incedit

79 655 115 717 dc
134 655 194 718 trae
214 650 465 734 immeditate
487 655 609 720 virtute
630 657 662 718 ic
685 655 748 718 sits
769 658 928 736 praetenti
951 657 1116 722 senocto
1137 659 1183 722 di·

80 773 234 819 scorteos.
267 755 328 820 Ex.
353 774 381 836 p.
404 759 435 820 in
457 775 485 820 c.
510 755 550 820 ΙΙ.
574 758 701 837 iuquit:
725 777 742 818 s
768 755 915 837 Regnum
947 758 1114 822 coelorum
1134 768 1184 824 est

80 857 195 919 roimae
215 851 360 928 ἀπάθεια
382 859 602 938 impatibilitas
616 877 691 922 cum
706 875 783 922 sera
806 860 1121 939 rerumcopuitionc.
1146 859 1180 925 ia

83 977 107 1020 c.
122 956 224 1022 xxtt.
247 959 391 1041 legitur:
410 958 595 1024 Recordare
616 961 735 1042 prioris
751 961 835 1024 ritae
850 967 936 1034 tuse,
956 960 1182 1042 antiquorum·

81 1078 136 1140 que
155 1059 376 1126 nettctoromz
399 1071 513 1143 etque
533 1070 629 1142 pacto
648 1062 817 1127 affectibus
838 1063 968 1130 deditos
986 1081 1046 1144 per
1063 1061 1183 1128 Christi

81 1163 327 1227 misericordiam
349 1163 387 1224 ad
405 1161 696 1243 impassibilitatem
720 1165 883 1228 transiisti.
1107 1235 1110 1240 ,

148 1283 165 1322 s
186 1261 267 1338 Quo
288 1265 364 1326 item
384 1273 478 1344 paeto
495 1264 649 1328 emendo
670 1267 995 1348 sermonesque
1016 1267 1048 1330 ic
1068 1265 1179 1330 moitis

80 1378 213 1448 sctaepe
233 1363 401 1444 deiiceret.
420 1360 504 1426 litod
527 1381 661 1444 quoque
676 1366 752 1428 mibi
775 1369 990 1455 reputa,·qois
1013 1373 1044 1429 te
1059 1369 1090 1430 in
1106 1384 1177 1428 era·

81 1479 124 1524 tuo
140 1465 347 1542 serraverit3
378 1464 451 1544 quis
471 1464 641 1529 daemones
661 1465 824 1544 coeperit,
845 1468 901 1547 qni
923 1470 954 1530 io
977 1475 1007 1530 tc
1028 1466 1174 1531 dentibus

82 1563 254 1628 stridebant.
273 1563 353 1630 Nam
369 1566 553 1646 hujusmodi
573 1568 779 1646 cogitationes
797 1569 1012 1631 bumilitatem
1027 1568 1175 1641 induunt,

85 1669 313 1746 oescpcrbtso
326 1669 512 1732 daemonem
530 1667 737 1732 comittunt.»
752 1667 785 1731 ic
796 1689 825 1732 c.
839 1667 955 1732 xxiv.
965 1668 1098 1732 Animae
1109 1669 1194 1749 pas·'

83 1765 168 1830 dotes
181 1769 223 1830 ab
238 1769 422 1833 bominibus
437 1771 636 1833 nonnionem
649 1781 793 1834 sumunt:
816 1771 961 1851 eorporis
978 1787 1086 1834 seroa
1105 1789 1177 1833 cor·

83 1882 146 1943 pore
155 1887 166 1946 3
187 1881 220 1934 et
236 1871 295 1934 bas
309 1870 439 1950 quidem
454 1871 600 1950 eorporis
622 1873 782 1951 passioneo
798 1874 946 1936 rescindit
961 1873 1173 1952 contineutia3

81 1966 139 2030 itias
156 1979 269 2034 autent
289 1971 414 2034 animae
436 1971 595 2049 passiones
617 1971 766 2034 rescindit
795 1972 934 2034 ebaritas
955 1972 1117 2050 spiritatis.
1141 1971 1175 2036 ln

81 2085 103 2128 a.
116 2066 209 2134 XXV.
226 2071 418 2146 Daemones,
434 2072 489 2152 qui
504 2071 671 2136 affectibus
683 2074 809 2136 animae
828 2075 1020 2153 praesident,
1035 2073 1073 2135 sd
1091 2093 1176 2138 mor·

81 2175 133 2232 teto
152 2189 256 2252 usque
277 2181 504 2252 perseverant:
537 2173 594 2252 qui
616 2173 783 2238 affectibus
803 2176 948 2254 corporis
970 2175 1172 2254 praesident,

80 2271 135 2332 rito
148 2274 311 2338 recedunt.
332 2271 365 2336 iu
380 2293 408 2338 c.
425 2271 573 2338 XXXIV.
590 2272 653 2351 Qui
669 2291 797 2336 caruem
814 2274 897 2338 mate
913 2275 1070 2346 nutriant,
1086 2273 1171 2354 ejus-

79 2387 132 2447 que
150 2390 262 2436 euram
277 2374 399 2438 iaciunt
419 2376 451 2436 iu
466 2375 644 2447 desideriis,
667 2374 795 2452 deipsis
815 2393 862 2448 se,
884 2393 946 2436 oon
961 2373 999 2436 de
1021 2373 1076 2436 itta
1098 2391 1174 2437 con·

79 2482 256 2546 sumetur.
275 2473 405 2538 Norunt
425 2493 538 2555 nempe
555 2473 718 2538 Creatoris
739 2477 887 2552 gratiam,
904 2474 960 2554 qui
976 2474 1100 2536 animae
1114 2474 1172 2534 im·

78 2573 303 2646 passibilitatem
320 2593 378 2654 per
398 2577 459 2638 boe
473 2594 593 2655 eorpus
607 2577 713 2658 adepti
734 2585 821 2650 sunt,
843 2583 876 2639 et
899 2587 1009 2638 rerum
1032 2581 1173 2637 conteut-

79 2670 194 2749 pittioci
216 2674 419 2756 aliquantum
440 2679 638 2743 incumbunt.

147 2772 180 2836 iu
200 2795 228 2839 e.
250 2773 398 2840 XXXVI.
419 2771 578 2857 ἀπαθειας
591 2775 809 2858 apatibilitatis
824 2777 949 2856 signnm
963 2785 1010 2839 est
1029 2778 1168 2851 suimus,

80 2872 127 2948 qni
143 2874 251 2957 incipit
272 2895 405 2940 eernere
435 2877 535 2959 jubar
554 2896 651 2943 suum
671 2887 704 2941 et
726 2888 832 2942 manet
862 2879 900 2940 ad
922 2879 1023 2940 somni
1044 2888 1169 2958 spectra

79 2977 276 3058 turquillus3
300 2997 415 3058 resque
439 2979 653 3058 aequabiliter
666 2980 789 3058 aspicit.
814 2978 850 3041 lu
871 2997 898 3042 c.
918 2976 1067 3042 xxxttx.
1087 2976 1174 3047 trct-

76 3068 153 3143 toros
171 3078 435 3160 impatibilitatem
450 3082 554 3142 anima
570 3081 708 3157 obtinet,
726 3099 788 3142 noo
809 3098 892 3156 eam,
907 3097 991 3160 quae
1012 3079 1050 3141 de
1073 3081 1170 3142 rebus

79 3177 289 3254 condicitur,
305 3181 360 3242 sed
381 3196 465 3261 quae
479 3181 517 3240 ad
537 3197 647 3244 serum
669 3184 766 3244 etiam
788 3180 1037 3244 reminiscentias
1052 3181 1169 3258 imper·

79 3277 188 3342 tarbsta
211 3291 328 3345 manet.
352 3281 388 3345 io
407 3301 436 3344 c.
461 3280 573 3346 xttx.
597 3280 741 3346 Virtutes
762 3300 825 3345 non
847 3283 1016 3362 probibent
1038 3281 1168 3344 daemo-

79 3389 142 3439 tttn
162 3381 317 3462 impetos,
345 3382 400 3446 sed
424 3401 480 3446 uos
501 3383 647 3446 innoxios
666 3389 869 3449 conservant.
896 3380 930 3443 io
951 3400 979 3443 e.
1003 3378 1069 3443 tv.
1092 3378 1169 3444 Aui-

80 3489 149 3551 tncs,
168 3483 221 3562 qai
243 3481 330 3546 bello
351 3489 533 3562 occupatur
548 3481 736 3557 succisum,
760 3481 836 3546 belli
858 3498 920 3544 noo
941 3479 1097 3560 spectabit
1116 3495 1167 3542 ra·

80 3575 172 3643 tiones.
193 3582 250 3648 Est
270 3587 353 3646 euim
374 3583 486 3648 similis
507 3593 665 3648 nocturno
686 3582 869 3662 pugnatori.
885 3581 966 3646 Gom
991 3597 1068 3642 tero
1088 3596 1164 3642 ocu·

79 3688 188 3744 titulus
206 3684 247 3746 sit
269 3679 431 3752 ἀπάθειαν
456 3684 753 3762 impassibilitatem,
777 3682 869 3746 tacite
886 3679 1026 3743 bostium
1048 3695 1167 3757 cogno·

79 3776 126 3838 scit
143 3781 272 3846 iusidias.
308 3783 342 3846 in
364 3804 391 3846 o.
415 3781 525 3846 txtv.
560 3780 662 3848 Vestis
684 3783 836 3862 nuptialis
856 3792 904 3845 est
925 3779 1163 3860 impassibilitas

80 3875 183 3944 suinae
196 3883 370 3958 rationalis,
386 3901 471 3963 qnae
486 3883 595 3946 mundi
609 3885 799 3964 cupiditates
820 3882 997 3960 abnegavit.
1015 3879 1050 3943 io
1065 3878 1163 3942 Libro

82 3967 204 4046 Praetieo
223 4003 256 4046 u.
277 3979 327 4050 60.
350 3985 472 4064 inquit:
490 3983 667 4048 «Perfecta
690 3982 924 4062 impassibilitas
944 3991 1015 4061 post
1035 3988 1162 4061 partam

83 4073 223 4150 victorico
243 4086 398 4150 adsersus
418 4093 561 4150 cunctos,
573 4085 754 4159 daemones,
775 4086 830 4164 qui
854 4085 938 4147 ritae
958 4084 1082 4146 activae
1102 4081 1160 4143 ob·

82 4171 185 4262 titiant,
185 4204 326 4352 ἧιῖιιιιιιῆ
341 4185 480 4251 obreuit.
504 4183 694 4266 imperfecta
715 4183 949 4266 impassibilitas
966 4181 1087 4348 ἀίοιίἑιιι·
1107 4197 1161 4246 re·
