3042 4940
311 376 353 444 96
765 473 904 544 curui
925 473 982 540 lll.

314 679 512 761 Arqemeutu
525 678 785 744 odonmmernm
805 679 977 746 diluuntur
991 697 1031 742 ec
1050 676 1133 742 ortis
1145 676 1345 760 synodorum
1370 699 1429 744 ren·

355 791 416 859 tor,
430 780 579 862 septimus
592 791 620 846 et
632 791 758 847 octonae
777 781 919 863 repetito,
934 780 1049 866 quidus
1059 789 1292 859 mntertuotur,
1304 783 1343 846 ist
1358 779 1428 847 dcc·

354 882 429 950 cilio
450 881 559 967 quintu
581 904 649 950 nos
668 903 741 950 cum
765 883 866 950 triduo
890 879 1049 964 Capitulis
1071 879 1356 948 ommutesco
1372 901 1431 948 esst

357 983 538 1066 Orioeoem,
552 984 737 1067 decedunt
758 995 786 1048 ct
807 983 989 1065 didymum.

322 1225 509 1356 Adversus
529 1290 676 1372 praelata
698 1298 901 1370 argumenta,
924 1289 1043 1372 quibos
1065 1297 1202 1367 constat,
1217 1289 1382 1376 Synodum
1396 1289 1429 1356 V.

315 1393 440 1459 nullam
461 1393 602 1458 emisisse
622 1393 838 1458 definitionem
870 1394 1026 1458 adsersus
1046 1395 1233 1474 origenem,
1256 1390 1430 1476 Evagriuru

316 1503 350 1559 et
371 1493 555 1576 llidymum,
577 1511 636 1559 uec
656 1495 758 1560 ullum
782 1493 935 1574 vigilium
966 1494 1155 1559 eurumdem
1177 1493 1362 1560 decreuisse
1381 1495 1430 1559 da·

318 1596 511 1660 mustionem
522 1615 535 1674 ;
567 1597 679 1678 plures
699 1598 818 1661 instare
839 1597 955 1672 sentio,
988 1596 1174 1678 objicientes
1193 1605 1322 1671 sextae,
1343 1596 1431 1678 septi·

317 1712 401 1773 tuae,
423 1706 558 1761 octavae
587 1695 797 1782 Synodorom'
825 1698 1028 1779 generalium
1049 1707 1082 1762 et
1103 1697 1296 1763 Pontificum
1319 1698 1431 1764 Roma·

317 1815 434 1863 norum
450 1797 598 1878 decretu3
615 1800 669 1863 ubi
691 1803 861 1883 perspicue
875 1802 971 1882 impia
988 1801 1123 1865 illorum
1139 1797 1292 1882 dogmata
1304 1817 1429 1866 eorum-

319 1915 384 1982 que
404 1917 557 1980 ecmonus
578 1903 747 1968 anathema
768 1902 905 1968 subiisse
927 1903 1089 1982 inquiunt.

400 2000 457 2068 llis
478 2004 787 2086 respondens,lsaud
809 2005 951 2084 primum
973 2003 1109 2080 inlicinr,
1124 2001 1252 2084 caepim
1274 2003 1429 2084 praelatus

316 2103 462 2188 synodos
484 2105 516 2168 iu
536 2105 699 2187 praelatos
729 2107 1019 2187 etruscorumque
1051 2113 1279 2186 praesumptos
1307 2123 1430 2171 errores

318 2204 485 2270 innovasse
511 2207 696 2282 anathema,
721 2207 938 2272 delinitiouem
968 2211 1148 2286 repetentes
1169 2201 1306 2270 concilii
1332 2205 1429 2288 ouini!
1461 2269 1462 2275 ,

317 2316 427 2372 contra
451 2308 510 2372 hus
539 2309 650 2372 latam.
672 2306 889 2374 Nihilominus
924 2307 1122 2372 tantumdem
1143 2307 1314 2372 munileste
1337 2315 1427 2389 ualet,

317 2425 377 2476 nec
399 2409 487 2474 ullus
501 2410 665 2474 contraire
685 2410 816 2491 noterit,
834 2417 903 2474 tum
919 2407 1077 2484 concilia,
1094 2415 1163 2472 tum
1182 2406 1354 2474 Pontifices
1374 2408 1430 2474 llu-

320 2526 430 2575 manos
450 2528 567 2576 uouex
587 2531 644 2589 se,
666 2512 721 2578 sed
743 2531 784 2577 ex
807 2520 933 2588 mente,
955 2527 1074 2586 seusu,
1096 2527 1136 2574 ao
1157 2508 1291 2573 decreto
1306 2509 1431 2576 Petrum

320 2608 439 2695 synodi
455 2610 493 2676 v.
509 2622 542 2676 et
557 2611 665 2693 vigilii
687 2611 793 2695 Papae
814 2613 845 2676 in
865 2610 1037 2694 Origeuem
1059 2621 1092 2677 et
1111 2613 1216 2678 socios
1242 2611 1386 2678 firmasse
1403 2628 1432 2675 a·

319 2712 480 2790 natheme,
504 2714 592 2793 qnod
609 2715 655 2778 uti
681 2715 870 2780 historicum
896 2721 1141 2779 mouumentum
1163 2721 1355 2779 revocantes
1373 2713 1432 2778 siue

318 2813 513 2878 discussione
532 2824 758 2896 susceperuut,
780 2815 927 2879 arbitrati
950 2833 1065 2879 resera
1086 2811 1252 2894 synodum
1269 2811 1309 2878 V.
1332 2815 1365 2878 iu
1381 2831 1427 2879 so·

316 2909 414 2978 lemni
429 2917 660 2982 acclamatione
672 2918 829 2986 advocans
844 2917 905 2982 tris
926 2913 1076 2998 Cupitnla
1091 2915 1242 2980 similiter
1254 2916 1424 2980 acclamas·

318 3034 354 3081 se
373 3023 486 3082 contra
506 3017 702 3098 Origenem,
725 3016 903 3099 Evagrlum
924 3026 956 3081 et
976 3014 1174 3099 Didymum,
1197 3016 1287 3097 quod
1318 3016 1427 3080 ishun

321 3115 492 3185 est.11aud
515 3120 597 3184 enim
620 3121 738 3184 mirum
759 3126 819 3195 eet,
836 3136 894 3182 uec
915 3136 1036 3182 novom
1058 3121 1089 3182 io
1105 3116 1269 3180 Historiae
1289 3116 1431 3182 ecclesie

320 3219 420 3282 sticae
441 3221 674 3297 monumentis,
695 3221 764 3284 sire
785 3221 816 3282 io
840 3218 975 3283 Petrum
995 3219 1138 3298 scriptis,
1161 3223 1220 3282 eut
1240 3216 1274 3280 in
1295 3215 1431 3298 epistolis

319 3319 540 3403 synodalibus,
564 3323 615 3385 vel
636 3323 733 3387 etism
756 3319 937 3402 pontificiis,
955 3318 1136 3399 aliqnando
1149 3318 1309 3382 nonnulla
1329 3332 1435 3382 occur·

321 3437 397 3484 rere
420 3421 515 3500 taeta,
538 3441 576 3487 cc
598 3425 788 3505 praesertim
802 3422 911 3504 quoad
935 3430 1061 3503 tempus
1082 3428 1116 3486 et
1136 3437 1304 3506 personas,
1325 3417 1435 3502 quillus

321 3521 514 3589 referuntur
527 3532 585 3590 aot
600 3527 833 3602 inscribuntur,
849 3541 934 3605 quoe
953 3523 1158 3606 postmodnm
1181 3523 1337 3599 constitit,
1353 3516 1436 3583 lusud

320 3623 497 3688 cohaerere
518 3627 674 3707 genuinae
695 3627 828 3690 illorum
845 3626 1007 3691 lectorum
1027 3625 1192 3688 historiae.
1210 3621 1254 3687 Et
1274 3624 1335 3687 lunc
1355 3619 1433 3685 aecl-

322 3723 369 3789 dit
390 3707 421 3789 in
444 3727 576 3792 historia
593 3727 728 3794 Concilii
751 3728 950 3792 oecumenici
967 3724 1007 3791 V.
1023 3725 1119 3808 euius
1139 3733 1211 3788 acta
1226 3725 1258 3787 in
1279 3721 1433 3803 sequeuti-

321 3827 384 3891 bus
403 3828 539 3913 synodis
560 3831 665 3896 miuus
697 3839 812 3896 exacte
839 3831 972 3911 repetita
993 3835 1081 3904 sunt,
1106 3825 1192 3892 unde
1210 3825 1309 3890 scutit
1329 3821 1434 3888 tttmtu

320 3931 409 3996 circu
430 3927 579 4011 origenis
599 3930 836 3996 damnationem
858 3931 891 3994 iu
911 3932 995 3994 dictu
1016 3927 1158 4011 syuodo.

402 4027 451 4094 Ac
467 4031 593 4094 iuterim
609 4033 640 4096 iu
655 4031 882 4114 percurrendis
897 4031 1029 4095 illarum
1044 4027 1251 4115 synodorum
1265 4030 1372 4109 gestis,
1388 4043 1436 4089 rr·

320 4129 443 4210 riisque
464 4128 714 4198 discussionibus
734 4133 921 4212 singillatim
944 4130 1236 4213 proposuissetis
1256 4128 1434 4194 olieruutur

319 4232 412 4315 prins
428 4235 500 4296 actu
513 4229 633 4317 Synodi
648 4234 870 4313 lateranense,
886 4251 971 4315 quae
986 4238 1097 4300 sextae
1108 4233 1335 4299 oecumenicae
1349 4243 1434 4311 prae
