3186 4946
343 399 403 454 rtu
552 443 555 450 .

345 505 521 606 phanium
541 517 580 582 et
607 493 751 582 ceteros
771 503 979 582 foederatos
993 505 1030 580 in
1049 504 1120 584 hoe
1138 508 1336 584 certamine
1356 531 1442 588 con·

348 648 405 710 tra
433 632 628 732 origenem
657 645 695 709 et
723 634 935 722 monachos,
955 635 1046 712 istos
1073 649 1115 712 ut
1132 623 1337 716 haereticos
1354 662 1441 718 eon-

342 762 582 840 demeantes:
610 762 689 859 pari
704 767 786 855 jure
813 764 953 860 integre
975 777 1141 840 maneret
1167 766 1204 840 in
1231 766 1318 843 orbe
1342 768 1439 844 chri·

344 891 463 966 stirne
481 889 690 988 Hieronymi
706 904 745 965 et
768 889 960 988 Epiphanii
981 893 1185 968 sanctitatis
1204 891 1301 970 lama
1321 908 1359 974 et
1376 919 1436 972 re·

343 1019 506 1096 verentia
522 1041 607 1116 erga
627 1018 827 1117 singulares
846 1019 975 1094 horum
992 1017 1143 1096 Patrum
1160 1022 1328 1114 virtutes,
1355 1025 1436 1123 qui·

341 1147 412 1224 bue
438 1149 475 1222 iu
503 1146 665 1223 Ecclesia
694 1146 883 1224 refulsere.

345 1265 355 1326 J
449 1277 605 1375 ideoque
625 1274 806 1350 nerninem
830 1274 971 1353 confido
990 1276 1033 1352 iri
1053 1275 1257 1364 offensum,
1275 1278 1305 1352 si
1326 1301 1432 1376 prae·

341 1405 499 1481 latorum
529 1417 736 1480 sanctorum
768 1401 916 1478 Petrum
945 1418 986 1479 et
1013 1404 1182 1504 aliorum,
1209 1418 1249 1482 et
1274 1407 1434 1506 quiqui·

340 1534 424 1611 dem
453 1533 628 1607 minorem
657 1543 802 1630 partem
829 1546 1105 1628 repraesentant
1132 1533 1167 1606 in
1195 1532 1265 1608 hoc
1300 1533 1430 1610 conili-

340 1673 416 1746 ctu,
436 1659 693 1758 praetermissa
718 1658 952 1744 auctoritate,
980 1659 1061 1734 aliis
1090 1682 1279 1736 accessero
1305 1681 1434 1736 nume·

339 1813 381 1864 ro
399 1787 612 1881 majoribus,
638 1788 746 1863 sicuti
766 1786 929 1862 doctrina
958 1786 1228 1884 praestantibus
1252 1801 1291 1864 et
1307 1811 1432 1864 rerum

340 1917 666 1994 ecclesiasticarum
694 1916 848 2012 peritia,
890 1937 972 1991 cum
1004 1915 1062 1990 his
1093 1938 1324 2015 propugnans
1351 1916 1433 1994 Ori·

338 2045 439 2143 genis
470 2058 510 2119 et
542 2045 803 2119 monachorum
835 2041 1076 2120 orthodoxam
1101 2045 1328 2133 doctrinam,
1356 2045 1431 2121 sin·

338 2194 530 2270 ceramque
550 2171 739 2269 pietatem.
764 2169 848 2246 Dixi
877 2172 1054 2247 minorem
1084 2172 1268 2250 Ecclesiae
1286 2186 1430 2274 partem

334 2309 608 2396 repraesentare
638 2295 895 2396 Theophilum,
924 2297 1167 2397 Epiphanium
1185 2313 1224 2374 et
1251 2299 1430 2400 Hierony·

335 2449 451 2514 mum,
474 2431 628 2525 iureque
669 2427 761 2502 dixi:
792 2451 877 2502 nam
919 2429 1013 2502 idem
1041 2426 1283 2528 Hieronymus
1309 2431 1347 2505 in
1379 2427 1430 2504 E·

335 2555 466 2654 pistola
495 2555 539 2630 ad
568 2553 801 2653 Principiam,
826 2556 963 2632 fatetur
987 2581 1122 2654 paucos
1149 2558 1275 2634 sibiet
1303 2556 1428 2634 Theo·

335 2683 492 2782 philost
516 2683 722 2783 Epiphanio
750 2684 879 2759 sociari
909 2685 1082 2759 adversus
1104 2684 1313 2782 Origenem,
1344 2707 1429 2783 spe·

335 2813 458 2888 eiatim
487 2811 625 2888 Romae
658 2824 697 2887 et
724 2812 760 2886 in
789 2810 914 2900 ltalia3
949 2811 1198 2912 plurimosque
1226 2813 1345 2888 eidem
1372 2813 1428 2887 la·

334 2963 447 3018 vere:
477 2964 549 3016 non
577 2963 680 3027 vero,
708 2955 750 3015 ut
768 2941 846 3038 ipse
874 2963 905 3013 s.
933 2937 1071 3015 Ductor
1089 2940 1245 3038 putavit,
1264 2939 1426 3016 lautores

334 3068 500 3167 Origenis
528 3069 716 3155 haeretici,
744 3069 807 3144 sed
836 3067 997 3143 lautores
1022 3067 1187 3166 Origenls
1214 3068 1423 3150 orthodoxi,

318 3198 511 3297 ,istiusque
537 3197 740 3272 doctrinam
767 3197 991 3272 vindicantes
1023 3197 1265 3272 orthodoxam
1298 3217 1420 3272 comm

334 3326 410 3402 suis
437 3325 715 3412 detractoribus,
735 3347 777 3400 ae
798 3347 870 3401 una
897 3323 1102 3400 refutantes
1122 3322 1324 3421 impietatis
1352 3321 1425 3397 cri·

334 3475 419 3528 men
447 3453 566 3528 eidem
593 3451 685 3526 lalso
711 3450 947 3548 adscriptum.

343 3627 348 3634 ·
442 3579 494 3655 Ae
513 3593 703 3679 propterea
733 3577 994 3676 deplorandum
1017 3599 1103 3653 sane
1123 3589 1182 3653 est
1209 3600 1281 3654 non
1305 3578 1425 3656 solum

334 3706 379 3782 de
394 3706 596 3806 Theophilo
616 3708 713 3784 etde
731 3705 950 3807 Epiphanio,
962 3729 1089 3782 rerum
1109 3721 1147 3784 et
1161 3707 1265 3784 valde
1281 3708 1325 3782 de
1340 3705 1424 3780 Hie·

333 3856 502 3933 ronymo,
523 3834 618 3934 quod
647 3847 831 3910 certamen
860 3835 975 3911 iniens
1002 3857 1086 3908 cum
1114 3834 1330 3910 adversariis
1350 3833 1426 3907 suis

333 3962 529 4063 Origenem
547 3963 791 4039 orthodoxum
812 3960 1137 4060 propugnantibus,
1151 3961 1297 4039 omissis
1315 3959 1361 4034 ab
1381 3981 1426 4033 co

333 4093 499 4190 genuinis
527 4093 696 4169 ductoris
717 4089 901 4168 codicibus
929 4090 1083 4187 graecis,
1110 4111 1148 4164 se
1176 4111 1216 4162 se
1244 4086 1425 4184 reeepnrit

333 4220 389 4316 ad,
405 4219 509 4300 illam
541 4219 743 4300 falsitatum
768 4215 996 4296 historiolam
1025 4215 1237 4317 saepissime
1265 4214 1341 4294 suis
1366 4213 1422 4288 in-
