2994 4938
190 451 195 464 x
308 386 330 454 6

310 487 481 552 haereticis
511 485 657 572 assentiri
680 493 725 554 et‘
741 487 1000 555 chalcedonensis
1028 485 1148 577 synodi
1169 486 1333 552 contraire
1352 481 1416 547 ded

312 590 437 656 ultioni.
460 587 502 653 Et
520 590 547 652 si
568 608 610 654 ex
623 590 761 654 adverso
782 609 820 656 es
841 595 1081 674 comprobasset
1097 589 1262 671 Captiuis,
1279 587 1415 667 ntaspns·

312 693 383 756 miis
398 689 560 755 Theodori
576 695 791 771 mopsuesteni
809 712 848 758 ao
862 693 1004 758 Nestorii
1020 693 1186 760 erroribus
1201 710 1237 756 se
1253 691 1418 754 communi·

312 813 389 858 esre
410 795 441 856 in
462 795 674 874 suspicionem
698 798 845 858 venisset.
880 795 955 872 Quo
975 815 1054 876 crgo
1075 797 1106 858 in
1129 802 1217 857 tanto
1248 793 1419 856 discrimine

312 894 563 975 confugiendum
585 895 643 973 ipsi
665 903 737 957 erat
758 894 898 975 Vigilio,
926 898 984 960 nisi
1006 897 1045 959 ad
1067 891 1351 975 expectationem?
1370 909 1418 971 per

308 1012 425 1079 onam,
441 1014 545 1060 cansa
567 997 710 1060 studiose
727 1015 879 1076 expensa,
897 998 1097 1080 Patremque
1111 996 1246 1062 Concilii
1261 995 1419 1058 chalcedo·

309 1099 438 1173 nensis,
462 1097 517 1162 ubi
539 1097 579 1159 de
600 1095 806 1162 Theodoreto
826 1109 858 1162 et
882 1098 936 1162 lte
958 1108 1066 1163 actum
1090 1107 1148 1175 est,
1169 1098 1260 1162 dictis
1281 1096 1420 1176 explora·

305 1203 377 1274 tis,
389 1208 422 1262 et
442 1198 605 1262 Theodori
619 1201 835 1281 mopsuesteni
859 1203 992 1265 historia
1009 1209 1174 1275 revocata,
1197 1201 1305 1263 dubiis
1324 1197 1420 1260 subla·

314 1303 367 1379 tis,
390 1309 553 1365 neustorel
574 1290 705 1376 rarit'ss,
728 1301 767 1364 ad
790 1319 888 1382 quarn
908 1304 1091 1376 accederet,
1113 1303 1332 1380 sanciremus.

397 1401 576 1477 ldeocum,
602 1409 640 1466 nt
660 1403 905 1481 iniradicetur,
931 1403 1081 1484 Pelagius
1104 1403 1144 1467 ll.
1169 1402 1420 1465 adversariorum

311 1507 520 1585 praetextum
536 1506 612 1570 citet
627 1513 738 1567 contra
754 1505 918 1586 Synodnm
935 1508 1093 1586 quintam,
1109 1505 1336 1568 asserentiums
1350 1499 1421 1582 pand

310 1605 350 1670 in
370 1625 485 1670 censos
502 1604 664 1686 principio
684 1616 713 1668 et
722 1605 813 1670 Sedes
824 1606 1004 1686 Apostoiieu
1021 1625 1080 1687 par
1096 1605 1245 1686 Vipiiinm
1259 1603 1421 1684 Papamet

312 1727 417 1772 emnrs
430 1707 609 1772 intimarum
626 1707 866 1787 prouinciarum
878 1707 1038 1789 principes
1051 1706 1249 1770 damnationi
1264 1704 1364 1768 trium
1376 1699 1422 1766 Co·

308 1808 487 1892 pleniorum
500 1805 625 1887 sortiter
643 1806 836 1883 restiterunt,
852 1811 882 1869 in
899 1810 959 1871 hae
979 1809 1157 1886 locutione,
1174 1827 1248 1873 cum
1265 1816 1373 1871 nostra
1385 1806 1421 1866 in·

308 1912 409 1994 rtersit
435 1907 543 1988 vigilii
565 1908 786 1971 oeconomiam
816 1910 900 1972 tucri
908 1929 919 1988 3
945 1928 1089 1991 comque
1102 1927 1120 1972 a
1135 1911 1251 1973 ceteris
1266 1904 1422 1990 episcopis,

312 2012 370 2092 qul
390 2010 496 2074 serius
516 2009 710 2072 damnationi
730 2011 1004 2090 subscripserunt,
1025 2027 1208 2086 secernere,
1229 2009 1419 2072 animadver-

314 2111 447 2176 tendum
468 2118 529 2184 est,
546 2108 742 2189 Papamnon
765 2111 918 2174 restitisse
932 2111 1080 2174 absolute
1100 2111 1358 2175 condemnationi
1372 2107 1422 2172 Ga».

312 2211 508 2294 pitulcrnm,
530 2210 622 2291 qnasi
643 2210 912 2290 omnimodes'psa
935 2211 1132 2274 defendenda
1156 2211 1265 2276 iorent
1285 2228 1359 2275 cunr
1376 2225 1420 2270 ea·

314 2330 389 2377 rum
411 2312 793 2388 dcicnsoribus;·rcrum
815 2315 932 2374 restitit
951 2312 992 2374 ab
1012 2313 1115 2386 initio,
1136 2312 1261 2376 seilicet
1281 2311 1379 2374 donee
1394 2323 1420 2370 t·

315 2420 484 2494 gnoscerot
504 2413 582 2494 qnid
599 2415 666 2478 seri
688 2413 720 2474 in
736 2413 907 2478 traditione
922 2413 1137 2478 ecclesiastica
1158 2413 1378 2478 contineretur
1389 2410 1420 2474 de

315 2517 365 2580 iris
385 2515 561 2596 Capitulis:
579 2536 596 2574 r
611 2512 708 2580 Certe
731 2513 929 2579 Fratemitns
950 2515 1201 2598 ‚restrm'inqnit
1222 2514 1371 2596 Pelagius
1387 2509 1418 2574 sd

315 2616 432 2682 latriae
453 2620 630 2697 episcopos,
642 2616 776 2680 illerum
797 2631 986 2680 consensum
1002 2616 1195 2697 despiceret,
1207 2616 1234 2680 sl
1245 2633 1331 2680 ausu
1344 2629 1421 2696 prae·

315 2717 416 2798 oipiti,
438 2719 626 2797 priusquam
646 2735 760 2780 verum
781 2724 1003 2797 agnoscerent,
1021 2716 1261 2781 consensissent.
1284 2715 1325 2780 El
1338 2713 1421 2795 paulo

314 2826 410 2900 post:
427 2839 444 2878 c
460 2816 597 2894 Quando
611 2835 690 2898 ergo
711 2818 750 2884 nd
772 2818 987 2897 cognitionem
1000 2819 1080 2884 reoli
1102 2817 1236 2884 intentio
1257 2817 1420 2882 inuentum·

318 2919 425 2983 labilis
444 2926 647 2999 permaneat,
667 2919 744 2998 quid
764 2919 870 2981 obstat
891 2925 986 2982 etc.»

399 3017 486 3083 Haec
508 3027 616 3084 eutem
638 3022 682 3083 ita
703 3039 737 3084 se
761 3020 882 3082 habere
903 3027 940 3082 ut
960 3017 1060 3097 magis
1081 3019 1281 3093 innotescet,
1314 3017 1353 3082 ad
1371 3016 1421 3078 dns

320 3119 473 3183 nimirum
496 3118 604 3200 Vigilii
626 3127 764 3184 mentem
787 3120 970 3194 intendisse,
993 3120 1151 3199 accipito,
1174 3120 1262 3199 quod
1285 3121 1352 3200 ipse
1369 3115 1420 3196 egit

317 3218 406 3301 Papa
428 3222 535 3284 statim
557 3239 595 3287 ae
616 3220 923 3301 Constantinopolim
946 3221 1061 3296 attign.
1095 3218 1155 3284 Ubi
1177 3220 1261 3285 iacta
1285 3219 1420 3286 concione

316 3321 361 3384 ini
375 3322 569 3386 adstantium
590 3324 831 3403 episcoporum,
849 3321 906 3384 isos
926 3322 1119 3399 interrogat,
1135 3321 1212 3402 qnid
1229 3322 1269 3384 de
1288 3323 1347 3384 lrac
1359 3336 1420 3382 crn-

317 3437 353 3484 sa
370 3423 538 3496 sentirent,
553 3423 600 3486 eis
617 3422 781 3498 mandans,
805 3431 840 3486 nt
855 3423 1079 3501 unnsquisque
1095 3439 1188 3485 snam
1202 3423 1325 3502 scripte
1337 3420 1422 3498 sigul-

322 3531 375 3587 rel
389 3522 428 3586 de
449 3523 498 3586 isis
513 3523 670 3602 Capitulis
689 3523 891 3586 seutentiam.
916 3519 958 3584 Et
979 3522 1040 3584 lsoc
1057 3527 1195 3585 testator
1210 3539 1272 3586 nna
1287 3538 1359 3586 cnm
1372 3516 1421 3580 ra·

319 3624 426 3688 cundo
447 3623 659 3688 Jostinianns.
669 3621 884 3689 ‘lastinianus
897 3621 1028 3703 quidem
1043 3622 1074 3684 in
1095 3619 1225 3696 Formo,
1246 3621 1287 3686 de
1307 3637 1366 3702 qua
1384 3621 1420 3681 ir·

321 3723 386 3800 ira,
409 3726 524 3792 asserit
535 3722 666 3804 vigilio,
681 3741 755 3788 cnm
770 3724 967 3803 pervenisset
980 3722 1019 3784 nd
1036 3719 1156 3788 Urbem
1172 3725 1306 3803 regiani,
1322 3723 1360 3784 de
1377 3718 1420 3782 tri

318 3825 380 3890 bus
408 3824 565 3907 Capitulis
594 3844 629 3888 sc
658 3825 764 3890 omnin
785 3824 950 3888 subtiliter
971 3824 1201 3900 manilestasse,
1226 3841 1363 3903 cumque
1383 3821 1419 3882 ir·

230 3965 236 3972 ·
319 3934 502 4007 terrogasse
515 3926 594 4006 quid
610 3925 650 3992 de
666 3927 714 3990 his
735 3931 864 4005 saperet
884 3932 945 3987 cto.
973 3921 1145 3990 Facundos
1161 3944 1261 4003 porro
1287 3927 1318 3986 in
1341 3921 1418 3984 Prae

320 4026 440 4091 latione
455 4025 505 4093 ln.
523 4026 699 4092 Librorum
720 4026 760 4090 ud
782 4023 1013 4100 Jnslinianum,
1037 4025 1142 4106 iuquit
1157 4025 1347 4106 Episcopum
1368 4019 1417 4082 lle

319 4145 450 4192 mannos
478 4126 786 4210 Constantinopolim
795 4126 1007 4207 pddoctom,
1039 4127 1080 4188 ab
1102 4127 1260 4190 universis
1280 4119 1416 4204 episcopis

320 4228 526 4308 expetivisse,
549 4236 587 4294 ul
605 4229 727 4310 scripto
742 4227 880 4310 quisque
903 4226 1123 4306 responderet,
1146 4226 1233 4308 quod
1253 4225 1311 4290 silli
1325 4222 1360 4288 de
1377 4218 1415 4280 iit

321 4325 478 4409 Capitulis
501 4329 677 4397 rideretur.
743 4381 757 4400 s
