3138 4950
362 507 561 601 affectiones,
581 521 711 608 tamem,
732 523 829 599 sitim,
851 521 1112 604 flagellationem,
1128 528 1162 586 et
1186 526 1338 596 mortem,
1359 513 1471 605 qnippe

359 645 439 692 cnm
461 632 546 692 estet
566 624 710 707 ciusdem
735 642 813 688 caro
835 623 944 690 Verbo
965 626 1073 691 disino
1094 623 1227 703 sociata,
1248 633 1343 688 extra
1364 645 1471 689 corrn-

343 731 507 811 ptionem
530 726 611 791 idest
631 736 724 792 extra
751 729 937 810 hujusmodi
957 730 1119 809 passiones
1138 729 1310 808 manebat3
1339 737 1471 794 attamen

362 828 494 913 quande
510 829 627 906 soluit,
645 831 700 893 bas
716 832 861 911 permisit
883 833 913 894 in
935 849 1074 912 corpore
1094 850 1167 905 suo,
1189 839 1304 913 sponte
1319 831 1422 895 lactus
1441 849 1471 895 o-
1561 887 1562 890 ,

363 930 495 996 bediens
516 949 622 1012 usqne
653 930 692 992 ad
715 938 864 995 mortem.
888 929 1027 998 Etcum
1058 950 1100 997 ex
1126 934 1188 996 ltac
1213 931 1471 1013 interpretatione

362 1031 612 1114 incorruptibile
633 1031 717 1095 idem
739 1033 779 1094 sit
800 1049 838 1095 ac
859 1034 1076 1114 impassibile;
1107 1040 1140 1099 et
1160 1054 1201 1098 ex
1222 1035 1361 1098 adrerso
1381 1034 1472 1114 passi·

362 1133 431 1198 bile
446 1134 531 1198 idem
552 1141 644 1198 sonet
659 1152 697 1197 ac
713 1133 940 1215 corruptibile,
957 1136 1180 1216 consequitur,
1195 1132 1275 1199 Jcsn
1291 1151 1411 1215 eorpus
1423 1151 1473 1196 an-

363 1244 396 1300 te
416 1237 689 1299 resurrectionem
712 1235 810 1299 luisse
832 1235 1091 1316 incorruptibile.
1126 1233 1215 1299 lstnd
1237 1252 1339 1316 porro
1367 1242 1472 1316 aperto

362 1336 554 1419 significarit
571 1335 743 1418 Euagrius,
767 1337 850 1400 dicta
873 1354 1040 1400 recensens
1060 1333 1217 1400 Anastasii
1231 1336 1387 1416 episcopi,
1409 1335 1473 1415 qni·
1561 1319 1562 1344 ¹

356 1425 425 1502 'bns
447 1439 505 1502 iste
527 1439 653 1519 putarit
669 1441 832 1503 contraire
853 1435 1026 1504 iustiniani
1048 1437 1243 1502 decretulo
1274 1438 1374 1500 citato
1394 1437 1474 1499 enim
1561 1515 1562 1524 ἢ

363 1537 464 1604 Libro
485 1537 540 1604 tv.
563 1558 591 1605 c.
605 1538 755 1604 xxxix.
773 1541 844 1622 ejus
862 1541 957 1604 edicti
978 1557 1105 1603 sensnm
1128 1537 1339 1619 redarguens,
1361 1537 1472 1619 inquit,
1561 1565 1562 1576 κ

364 1641 583 1718 Anastasiou,
600 1641 794 1723 Imperatori
817 1643 1030 1714 resistentem,
1058 1657 1204 1703 asserere
1219 1639 1339 1703 Christi
1359 1655 1475 1718 corpus

318 1728 321 1736 ⁴
365 1743 396 1805 in
409 1743 609 1824 pastionibus
620 1745 775 1828 physicis,
788 1753 819 1809 et
830 1763 914 1823 qnae
926 1761 988 1805 nnn
1004 1743 1123 1805 eadunt
1138 1743 1169 1803 iu
1184 1740 1475 1822 reprehensionem,

359 1843 578 1924 'corruptibile
600 1843 708 1909 inisse.
725 1843 767 1908 Et
788 1846 868 1908 haee
888 1843 1057 1924 objiciebat
1078 1839 1275 1921 Iustiniano,
1297 1842 1355 1924 qni
1375 1840 1474 1906 incor-

363 1945 520 2026 ruptibile
541 1946 624 2010 illud
650 1946 787 2010 tenebat.
880 1945 884 1954 '

444 2044 557 2123 Quare
575 2047 684 2112 lucide
705 2056 793 2129 patet
815 2049 876 2112 boc
901 2047 1106 2130 corruptibile
1129 2045 1327 2116 rocabulom
1348 2043 1418 2125 cepi
1437 2041 1474 2108 ab

361 2147 440 2227 ipsis
462 2148 501 2214 de
516 2148 737 2214 allectionibus
759 2157 889 2215 nostrae
910 2159 1046 2216 naturae
1061 2153 1201 2232 propriis
1225 2152 1350 2230 (sponte
1363 2149 1398 2214 in
1419 2163 1474 2212 sno
1561 2131 1562 2156 ¹

355 2264 506 2328 corpore
525 2243 671 2314 admissis
691 2267 708 2313 a
732 2249 836 2330 lesu)
858 2261 891 2316 et
911 2260 1005 2316 extre
1027 2253 1123 2317 altam
1149 2252 1414 2334 significationem
1438 2248 1473 2311 de

346 2351 584 2416 'membrorum
607 2353 806 2418 resolutione
827 2359 899 2434 post
919 2363 1069 2418 mortem.
1087 2353 1235 2436 itemquo
1256 2352 1471 2424 concluditur,

362 2450 445 2516 bace
465 2451 643 2517 edicentem
664 2452 895 2530 Justininunm,
913 2454 1092 2521 nullimode
1109 2457 1355 2540 julianistarum
1378 2460 1473 2535 etga-
1561 2499 1562 2530 ,

361 2552 539 2636 janitorum
571 2555 723 2634 probasse
755 2557 894 2621 absurda
917 2559 1184 2637 existimantium,
1213 2576 1314 2640 qnam
1340 2555 1472 2636 {absolu-

361 2659 396 2718 te
418 2655 516 2720 luisse
538 2655 656 2722 Christi
679 2674 798 2738 corpus
819 2667 893 2725 ente
915 2662 1186 2726 resurrectionem
1217 2657 1471 2739 incorruptibile,
1561 2681 1562 2730 t

363 2758 410 2819 ile
432 2765 470 2820 nt
490 2759 639 2840 opinione
660 2766 692 2823 et
713 2779 775 2823 non
798 2778 874 2825 rere
896 2762 1017 2840 (subdit
1036 2782 1062 2827 s.
1085 2761 1226 2828 loannes
1257 2757 1470 2834 damascenusl
1561 2841 1562 2848 ἵ

364 2857 448 2924 tacta
472 2861 656 2925 fuissentin
678 2861 759 2928 Jesn
780 2881 930 2945 corpore,
953 2883 1038 2947 qnae
1061 2865 1144 2930 lacta
1167 2883 1236 2930 csse
1257 2866 1353 2929 docet
1373 2861 1471 2928 Eran-

362 2963 497 3044 gelium,
528 2965 711 3048 cuiusmodi
732 2976 808 3031 sunt
837 2966 951 3045 lanies,
972 2969 1053 3045 sitis,
1081 2968 1178 3046 clari,
1207 2969 1321 3033 lateris
1340 2967 1469 3049 apertio,

354 3083 452 3130 mors
473 3073 535 3132 etc.

445 3167 497 3234 Ex
514 3171 562 3234 lits
577 3169 707 3235 demum
726 3174 858 3236 eruitur
874 3171 969 3236 edicti
986 3171 1157 3237 iustiniani
1172 3191 1302 3238 sensnm
1319 3171 1469 3253 respicere
1561 3241 1562 3266 χ

363 3271 588 3335 tantummodo
609 3271 729 3338 Christi
752 3273 899 3354 corporis
927 3274 1140 3339 conditionem
1162 3283 1237 3339 ante
1265 3271 1469 3339 resurrectio·
1561 3267 1562 3358 l

351 3379 449 3446 nem,
472 3379 502 3435 et
525 3373 622 3436 aliter
643 3374 683 3436 ab
705 3393 757 3449 eo,
780 3373 867 3456 qnod
891 3373 1040 3438 tenebant
1064 3376 1218 3440 haeretici
1236 3374 1418 3457 julianistas
1439 3371 1469 3430 et
1561 3391 1562 3426 i

362 3471 521 3553 gajanitae
536 3473 575 3536 de
590 3476 771 3539 omnimoda
793 3477 1100 3557 incorruptibilitate
1118 3477 1275 3560 ejusdem.
1293 3475 1388 3554 Quod
1407 3485 1469 3536 rct-

362 3589 418 3652 pse
433 3591 507 3636 cnm
523 3575 771 3658 incorruptibile
785 3586 818 3641 et
838 3579 1033 3660 impassibile
1056 3579 1156 3644 inerit
1169 3581 1212 3644 ob
1232 3579 1382 3644 unionem
1402 3591 1469 3639 eum

365 3671 473 3741 Verbo
500 3673 571 3751 Dei,
600 3680 666 3757 ipse
690 3679 786 3743 lesus
815 3681 878 3744 boc
907 3699 1026 3762 corpus
1061 3681 1246 3746 voluntario
1280 3677 1472 3763 passionibus
1561 3721 1562 3758 ,

360 3777 508 3842 submisit
527 3781 677 3859 passibile
699 3781 834 3858 iactum,
851 3791 887 3846 nt
904 3801 961 3863 per
982 3782 1064 3847 illud
1087 3783 1330 3865 Redemptionls
1350 3788 1474 3846 nostrae
1561 3799 1562 3814 ¹

360 3881 551 3964 mysterium
574 3892 826 3947 consummaret:
848 3884 935 3962 quod
951 3892 1113 3966 negarunt
1132 3883 1329 3973 Entpcblns,
1347 3883 1474 3948 Anasta·

359 3983 427 4046 sins
447 3985 625 4064 ceterique.
645 3983 684 4048 tlt
701 3987 779 4048 hoec
800 3987 905 4050 omnis
929 3987 1029 4067 probe
1050 3989 1236 4072 diserteque
1255 3985 1398 4054 excussit
1416 3981 1472 4046 te·
1561 3983 1562 4000 ¹

359 4083 467 4148 nntius
489 4087 518 4147 in
541 4085 688 4166 praelato
704 4084 844 4170 dialogm
863 4085 917 4152 nbi
932 4091 1190 4171 praeclarissime
1210 4087 1407 4173 quaestionis
1428 4086 1472 4146 in·
1561 4093 1562 4148 3

359 4183 466 4251 dalem
489 4189 689 4269 explanarit,
721 4191 812 4255 nobis
830 4193 1038 4274 suppeditans
1058 4199 1251 4274 argumenta
1271 4191 1311 4256 ad
1333 4187 1471 4273 ejusdem
1561 4195 1562 4246 4

348 4291 635 4372 perspicuitatem,
668 4290 907 4377 iustinianiquc
926 4299 1120 4362 sententiam·
1148 4298 1208 4362 ritc
1230 4291 1469 4379 explanandam·
1561 4287 1562 4380 l
