3048 4946
324 519 448 585 trellum
470 519 613 603 ejusdem
628 518 753 603 generis
773 518 900 602 scriptis
911 518 1110 603 iungendum
1125 537 1207 594 esse,
1223 535 1307 602 quae
1330 519 1423 586 ceteri

323 620 465 702 episcopi
486 620 527 685 ab
548 621 616 703 ipso
631 619 786 685 Facundo
808 621 962 685 dicuntur
983 620 1120 685 ilnrnasu
1141 622 1180 684 sd
1199 619 1352 703 vigilium
1374 621 1424 684 ni·

323 722 403 786 sisse
422 721 536 786 endem
558 731 717 805 tempore,
730 723 910 804 cedensque
931 723 970 786 de
990 740 1106 788 censer
1129 731 1315 804 etquoruus
1335 739 1423 803 supe

325 821 395 887 rius
416 823 614 888 adstruimus
636 823 819 887 telsitntem.

405 919 689 1008 decimoquarto,
711 925 864 990 illuditur
879 921 1051 988 Facundus
1072 930 1200 1005 putans,
1223 923 1378 1007 vtgtttun
1392 942 1424 988 u·

323 1023 484 1092 niverssm
504 1025 790 1118 anathematirssee
816 1023 993 1090 Ecclesiam
1004 1045 1016 1104 ς
1036 1043 1140 1105 quum
1161 1045 1217 1090 ens
1239 1034 1426 1090 tantumno·

325 1125 380 1204 do,
402 1130 460 1209 qui
481 1128 580 1208 ipsius
599 1127 760 1210 aspernati
781 1133 858 1190 suut
876 1127 1057 1201 decretum,
1072 1135 1166 1190 extre
1188 1125 1367 1192 Ecclesium
1387 1124 1427 1189 ie·

323 1231 379 1294 cit.
397 1227 467 1294 Nec
487 1229 561 1294 ideo
581 1229 777 1292 anathemati
798 1227 946 1292 submisit
966 1230 1132 1310 episcopus
1152 1238 1258 1303 antes,
1274 1237 1307 1293 et
1320 1227 1426 1292 deinde

324 1331 359 1396 iu
379 1331 588 1396 oecumenica
608 1328 739 1413 Synodo
760 1337 972 1410 congregatus
994 1330 1152 1395 adsersus
1181 1333 1288 1412 ipsum
1309 1327 1427 1394 Facun-

325 1433 412 1497 duue
425 1439 616 1513 ceterosque
636 1431 735 1496 trium
757 1429 983 1512 capitulorum
1005 1440 1156 1512 patronos
1166 1452 1178 1512 3
1201 1451 1259 1496 nec
1280 1431 1361 1496 alios
1379 1430 1427 1494 ds·

326 1533 465 1611 muerit,
487 1535 544 1615 qni
566 1532 717 1598 ultimum
739 1533 846 1613 Papae
865 1531 1085 1598 Constituturu
1105 1539 1302 1613 acceperuut
1320 1529 1428 1595 adru-

325 1653 384 1700 sns
403 1652 441 1699 ea
462 1633 622 1715 Cspltnia.
645 1633 798 1702 Ceterum
815 1631 969 1698 Facundo
990 1634 1030 1697 dc
1045 1650 1123 1713 pace
1142 1634 1313 1710 serrendo,
1336 1649 1426 1714 quau

327 1737 475 1804 Christus
498 1735 661 1802 Ecclesiae
682 1737 829 1817 reliquit,
853 1746 917 1800 tatu
938 1736 1091 1812 sollicito,
1121 1735 1201 1800 iliud
1223 1735 1283 1799 sibi
1304 1749 1426 1815 persus·

326 1837 468 1902 deudnrn
489 1845 574 1915 eret,
598 1837 642 1901 itt
663 1838 694 1900 iu
724 1836 867 1902 Ecclesia
891 1856 1001 1902 serum
1027 1837 1140 1902 haberi
1164 1827 1289 1918 pscees,
1311 1835 1366 1900 ndi
1385 1839 1427 1897 est

329 1935 418 2018 Papa
439 1935 547 2019 ceput
577 1945 609 2001 et
630 1936 724 2001 Petra
747 1936 923 2002 Ecclesiae.
940 1935 1031 2014 Quos
1060 1945 1169 2003 autem
1199 1939 1333 2020 insuper
1361 1935 1428 1999 dicit

323 2035 599 2116 praevaricatores
619 2047 794 2122 etqarornrn
815 2038 965 2104 eolicedc
983 2048 1052 2103 ont
1070 2037 1260 2115 commercio,
1284 2036 1426 2118 Vigiliuur

330 2146 365 2203 et
384 2157 493 2204 ornnes
513 2139 633 2223 synodi
654 2139 785 2221 quintae
805 2137 919 2205 Petree
940 2139 1165 2222 capitulorum
1188 2140 1427 2203 damnatoress·

329 2238 683 2318 nimcdrcrtens,‘iseud
704 2241 773 2321 lpse
793 2237 967 2306 Facundus
979 2241 1090 2319 sensit,
1104 2259 1140 2306 se
1159 2257 1219 2322 per
1239 2239 1327 2304 illam
1346 2253 1426 2302 cosu-

329 2342 538 2407 miuetlnuem
558 2342 711 2423 propriae
723 2340 949 2423 subscripsisse
969 2341 1177 2419 demuntinul,
1192 2358 1257 2423 qua
1278 2344 1426 2421 perpetuo

225 2447 227 2452 '
328 2440 386 2505 illc
409 2457 555 2522 enseque
583 2441 729 2507 iectionis
755 2443 815 2507 viri
840 2439 978 2523 subjecti
999 2447 1087 2519 eunt,
1112 2441 1206 2506 sicuti
1235 2439 1375 2521 Pelagius
1401 2433 1424 2498 l.

333 2537 483 2621 Pelagius
498 2539 539 2604 ii.
551 2559 579 2604 ss
592 2539 771 2622 Gregorius
786 2548 858 2623 post
871 2540 1026 2623 vigilium
1043 2541 1268 2606 decreverunt
1290 2537 1331 2604 ttt
1347 2555 1424 2619 qun·

328 2657 405 2707 rum
425 2631 716 2720 schismaticoruas,
737 2645 832 2709 sicuti
846 2643 1007 2726 cujusque
1032 2643 1157 2725 generis
1185 2643 1426 2717 haereticorum,

333 2741 391 2824 qui
409 2742 477 2824 jusu
499 2745 680 2826 perierant,
702 2755 822 2808 sortem
855 2745 1026 2810 iniunctam
1047 2755 1080 2811 et
1100 2745 1249 2810 scandala
1270 2736 1359 2810 tsodte
1375 2759 1426 2806 re·

282 2841 285 2850 '
331 2837 463 2909 censens
483 2845 542 2910 etsi
563 2847 760 2911 lamentetur
780 2843 937 2922 Ecclesia,
959 2846 1087 2909 exultat
1108 2853 1215 2910 tarsen
1238 2841 1424 2910 devictoris

267 3010 270 3016 ,
330 2942 487 3009 adversus
501 2963 577 3010 suos
591 2951 625 3010 el
638 2944 758 3011 Christi
771 2946 890 3022 hosta,
906 2945 1026 3028 quippe
1038 2963 1137 3027 snpra
1152 2952 1279 3027 petrem
1297 2942 1423 3010 wlidata

331 3050 366 3108 et
385 3053 489 3126 usqne
503 3045 544 3108 ad
564 3045 666 3110 seculi
687 3047 992 3112 consummationem
1009 3047 1240 3128 perduratura.

408 3141 548 3211 licinum
561 3147 670 3229 quoad
691 3148 852 3230 precistss
873 3148 1136 3226 subscriptiones,
1152 3148 1221 3212 sire
1242 3143 1424 3211 conditione·

329 3245 391 3323 les,
412 3247 481 3312 sire
500 3255 658 3327 extortas,
679 3266 738 3313 scu
759 3268 802 3314 ex
823 3251 939 3313 timore
969 3257 1027 3314 sut
1047 3248 1213 3331 promissis
1229 3256 1362 3330 ,eructas
1386 3243 1423 3306 sl

188 3419 199 3440 .
335 3348 494 3430 episcopis
514 3368 553 3414 ae
581 3349 695 3414 deinde
716 3359 919 3425 retractatas,
948 3366 988 3414 sc
1008 3350 1199 3431 praesertim
1220 3347 1326 3430 quoad
1346 3345 1424 3410 lien·

332 3465 420 3525 nans,
443 3449 501 3529 qui
521 3450 643 3516 dicitur
661 3468 834 3532 suspensus
855 3448 1020 3532 svigttto,
1042 3450 1129 3532 quod
1152 3450 1213 3514 trin
1235 3447 1375 3530 Gepitnls
1391 3460 1421 3505 a·

335 3549 630 3628 uathematirnseet,
645 3549 706 3616 etsi
720 3550 932 3616 conditionem
954 3551 1167 3634 sppnsnlseet‚
1181 3568 1217 3614 se
1231 3550 1293 3614 hoc
1311 3544 1424 3610 anstite-

332 3665 385 3712 snu
408 3661 631 3734 recepturum,
649 3653 675 3717 si
692 3653 775 3734 t’sps
792 3672 854 3718 uon
869 3653 1047 3733 probasset,
1063 3653 1220 3716 adsersus
1240 3651 1319 3714 lssec
1332 3655 1362 3711 et
1373 3647 1423 3708 lta·

327 3748 470 3830 iusmcdi
491 3752 624 3816 dicteriu
654 3753 737 3817 illud
759 3761 807 3818 est
840 3754 1021 3831 indubium,
1044 3751 1213 3834 ligitium,
1237 3751 1292 3814 rix
1319 3747 1419 3814 urion

330 3851 452 3931 reginus
474 3854 612 3934 appulit,
637 3855 697 3918 triu
727 3850 877 3934 Gupltnta
909 3873 969 3936 per
992 3851 1179 3919 iudicatum
1210 3851 1421 3923 damnasse»tt

332 3945 397 4016 isco
417 3953 584 4020 decretum
606 3955 729 4020 dedisse
751 3956 888 4020 Menneu
908 3958 1090 4037 ceterisque
1110 3957 1267 4038 episcopis
1288 3960 1320 4018 et
1337 3953 1372 4016 al
1388 3947 1417 4010 iis

330 4061 513 4135 acceptum,
537 4057 584 4120 uti
606 4058 841 4122 evidentissime
862 4065 1042 4123 constater
1065 4059 1180 4123 litteris
1200 4057 1241 4121 ed
1265 4055 1412 4122 Rusticus

329 4160 364 4218 et
377 4151 612 4222 secessuum
633 4157 744 4224 Sedet
763 4159 957 4241 ampliusex
979 4160 1028 4224 his
1048 4159 1166 4224 litteris
1187 4157 1269 4223 iilud
1291 4149 1416 4219 nirriiio

328 4261 377 4320 est
397 4263 511 4322 contra
533 4253 677 4326 Facundi
699 4261 1007 4345 praesumptionem,
1033 4259 1122 4342 quod
1151 4257 1267 4324 ibidem
1287 4254 1412 4320 dicantur
