3048 4946
75 533 104 614 pi
123 533 269 598 obtestati
290 541 378 614 suot,
400 556 459 617 per
482 535 709 618 huiuscemodi
732 536 853 602 burum
875 535 1103 618 capitulorum
1124 537 1180 601 da·

12 715 13 726 ¹
73 639 273 714 sanationem,
296 643 418 720 integra
434 642 558 704 servari
580 641 612 702 iu
634 641 702 720 ipso
717 637 863 704 Concilio
884 639 1026 704 definita.
1041 639 1103 704 Cui
1123 638 1179 704 de·
1227 700 1231 708 .

73 738 236 802 eiurationi
256 742 385 819 saepius
407 743 541 805 iteratae
573 759 667 804 nemo
688 759 730 804 ex
752 739 910 821 episcopis
933 739 1063 824 Synodo
1084 744 1179 823 quin·

12 895 14 934 ἱ
72 849 120 903 tae
140 841 352 920 adstantibus,
375 860 434 906 oec
456 843 584 920 restitit,
608 860 666 906 nec
688 845 839 918 mutarit,
861 859 920 906 neo
943 843 1047 907 multo
1069 843 1176 910 miuus

71 940 100 1004 id
120 943 184 1022 egit
206 939 351 1022 vigilios.
386 943 425 1006 Et
448 944 529 1006 bane
559 942 800 1022 explicitumst
823 943 984 1021 publicam
1005 945 1178 1009 contessio-

12 1105 14 1138 ι
72 1060 140 1106 nem
160 1041 294 1110 Petrum
310 1052 343 1109 et
357 1043 465 1124 Vigilii
482 1044 645 1110 Pontificio
666 1053 862 1126 acceperuut
882 1063 1087 1110 successores
1108 1047 1179 1128 ejus

71 1142 218 1226 Pelagius
235 1145 259 1208 Ι.
280 1146 428 1226 Pelagius
444 1145 483 1210 ll.
503 1157 536 1210 et
554 1165 580 1210 s.
596 1147 785 1228 Gregorius.
801 1145 866 1223 Qui
886 1148 986 1212 simul
1007 1147 1178 1212 detenden-

72 1254 114 1312 tes
145 1248 325 1328 legitimum
347 1247 466 1333 Spondi
498 1257 706 1326 contentum,
729 1249 867 1330 ejusque
897 1252 1095 1314 sanctionem
1123 1248 1179 1312 ad·

12 1407 15 1432 ,
74 1367 181 1416 sersus
195 1349 361 1433 Capitula,
377 1351 527 1417 obtestati
544 1360 632 1426 suot,
649 1352 709 1414 bec
730 1367 793 1414 non
808 1350 946 1414 obstanti
962 1352 1178 1429 damnatione,

12 1437 15 1448 ’
71 1452 279 1518 milinandum
298 1453 432 1519 l’atrum
454 1452 756 1518 chalcedonensium
773 1451 845 1516 fidei
867 1451 999 1518 inlatam
1016 1451 1114 1518 inisse
1135 1455 1181 1516 in·

71 1571 200 1636 porram,

12 1713 16 1738 ,
147 1653 262 1734 Nono,
284 1675 326 1720 ex
349 1656 396 1722 bis
418 1656 457 1722 de
483 1655 623 1724 falsitate
644 1656 740 1734 uotis,
768 1671 850 1738 quas
881 1653 1073 1737 praeierunt
1093 1653 1179 1720 diota

12 1741 16 1754 ’
73 1753 261 1822 documenta
280 1756 395 1839 vigilio
417 1759 581 1838 inscripta,
603 1768 751 1824 nostrum
766 1775 900 1839 quoque
922 1757 1089 1838 postulent
1108 1766 1179 1822 stu·

72 1859 155 1924 dium
177 1860 326 1942 ejusdem
343 1860 449 1941 Papae
463 1859 635 1944 Eucpclica
656 1861 696 1924 ad
721 1862 904 1926 uniuersam
925 1857 1105 1925 Ecclesiam
1126 1858 1183 1924 tls·

74 1968 102 2024 ts
119 1960 216 2026 Nouis
236 1960 411 2028 Februarii
432 1981 483 2026 an.
498 1961 547 2027 25.
572 1964 699 2044 imperii
720 1961 906 2039 Justissiaui,
926 1961 1022 2026 sicuti
1043 1968 1076 2025 et
1095 1959 1182 2026 Auu-

73 2063 216 2128 tbemetis
247 2065 417 2129 decretum
447 2065 603 2130 adsersus
626 2063 836 2130 Theodorum
859 2063 1036 2130 Caesareae
1057 2063 1182 2146 Cappa·

72 2165 177 2230 dociae
198 2167 402 2248 episcopum,
425 2165 549 2248 abipso
566 2166 650 2247 Papa
672 2167 895 2246 subsignatum
910 2163 998 2230 XlX.
1017 2163 1180 2230 Kalendas

13 2255 17 2346 ¹,
73 2267 267 2348 Septembris
288 2287 371 2333 anuo
385 2265 436 2336 25.
453 2269 598 2350 ejusdem
620 2269 761 2350 imperii,
777 2269 860 2333 idest
879 2268 967 2332 circa
989 2286 1041 2330 au.
1057 2263 1130 2331 551.
1147 2266 1184 2330 lu

12 2354 16 2366 ⁵
73 2379 210 2451 utroque
233 2389 313 2436 vero
335 2374 511 2451 exponitur
533 2372 666 2434 historia
698 2379 791 2436 antea
815 2377 980 2449 gestorum
1003 2367 1183 2433 Constanti·

12 2521 17 2574 ,Ι
74 2473 178 2551 nopoli
210 2473 255 2536 ob
278 2473 377 2536 trium
409 2471 641 2551 capitulorum
662 2474 898 2552 quaestionem,
927 2479 960 2535 et
991 2470 1182 2551 praesertim
1238 2497 1245 2506 ·

74 2571 151 2638 inter
172 2572 308 2655 Papam,
324 2572 543 2638 iustiniaunm
565 2582 597 2636 et
612 2576 779 2653 episcopos
801 2575 842 2638 ibi
862 2573 1041 2638 adunatos:
1059 2572 1090 2635 in
1111 2572 1183 2652 qoi-

14 2752 16 2762 Ι
75 2671 131 2740 bus
151 2676 295 2740 maxime
319 2675 454 2764 eminuit
475 2672 668 2739 Theodorus
682 2673 872 2749 Caesareae,
896 2676 951 2752 qui
975 2675 1073 2738 tutius
1093 2691 1184 2738 scau·

74 2773 134 2840 deli
155 2776 417 2840 diciturauctor.
441 2775 482 2838 Et
502 2793 578 2840 saue
601 2776 633 2838 in
656 2785 860 2854 praesumpta
881 2773 1050 2857 lluepclica
1074 2775 1184 2852 egitur

75 2876 112 2942 de
138 2879 483 2944 excommunicationis
506 2878 596 2940 minis
611 2876 768 2940 adsersul
789 2877 939 2939 eumdem
955 2873 1180 2940 Theodorum:

75 2985 106 3042 et
132 2979 284 3043 similiter
314 2986 481 3054 notantur,
503 2995 588 3057 quae
608 2975 743 3058 Vigilius
772 2979 813 3042 ab
836 2979 934 3058 buius
966 2980 1183 3041 temeritatem

75 3095 182 3159 passus
195 3087 245 3144 est
260 3079 362 3142 multo
381 3088 410 3140 et
434 3076 649 3143 intolerabilia
670 3079 772 3153 mola,
787 3098 865 3158 poue
874 3079 943 3158 jam
957 3079 1100 3143 oosuibur
1115 3080 1183 3158 (uiti

12 3249 14 3258 ¹
76 3189 146 3244 boto
166 3199 228 3244 esre
241 3177 439 3260 confidimus.
462 3177 552 3243 Unde
568 3181 779 3260 consequitur
800 3183 992 3256 necessario,
1009 3198 1090 3262 ques
1111 3181 1184 3263 plu·

12 3271 14 3282 ²
76 3299 123 3345 res
143 3282 356 3356 calamitates,
376 3281 554 3358 violentias,
570 3282 705 3366 injurias
727 3283 757 3344 iu
780 3279 868 3346 Urbe
889 3283 977 3362 regia
1000 3301 1128 3363 passum
1150 3301 1186 3346 se

12 3453 14 3470 Ι
77 3382 149 3446 dicit
162 3383 328 3460 Pontifex,
350 3390 424 3446 oute
448 3383 529 3446 illud
553 3390 679 3462 tempus
699 3383 851 3458 uimirusu
872 3392 946 3446 ante
966 3403 1096 3446 anuum.
1110 3379 1182 3448 551.

12 3471 14 3490 '
79 3485 225 3550 babuisse
246 3487 375 3564 lucum,
397 3491 431 3548 et
451 3493 529 3548 tunc
549 3504 674 3566 reapse,
698 3485 828 3564 quaudo
849 3485 916 3565 ipse
937 3484 1023 3564 Papa
1048 3485 1185 3550 Rustico

12 3565 13 3584 ¹
77 3592 108 3650 et
131 3585 333 3663 Sebastiano,
354 3595 386 3652 et
401 3584 624 3653 Valentiniano
645 3587 798 3670 epistolas
818 3587 916 3650 dedit.
939 3586 975 3650 lu
995 3588 1114 3669 quibus
1129 3585 1184 3652 Vi-

83 3687 173 3768 gilius
195 3690 457 3772 circumstantias
483 3707 636 3754 enarrans
662 3689 701 3753 de
729 3689 896 3768 iudicato,
919 3689 1026 3772 deque
1051 3692 1102 3766 iis,
1128 3687 1185 3771 qui

79 3787 152 3854 boio
176 3787 339 3864 restitere,
365 3809 405 3854 ne
435 3791 571 3856 verbum
602 3789 733 3871 quidem
763 3791 877 3856 scribit
908 3791 948 3855 de
978 3801 1185 3872 praesumpta

82 3889 487 3968 aerumnosaconditioue,
509 3909 608 3973 quum
640 3892 795 3958 tolerasse
820 3893 887 3973 ipse
913 3893 1035 3976 legitur
1064 3895 1097 3956 in
1126 3895 1187 3957 bac

82 4000 285 4074 preasumpts
307 3991 492 4077 Euopcliea.
1039 4007 1045 4016 ’

159 4092 305 4171 Decimo,
327 4096 403 4160 item
422 4097 457 4158 in
475 4093 649 4180 Encpcliea
670 4094 715 4161 ait
737 4094 836 4177 Papa,
857 4115 893 4160 se
912 4095 1106 4177 suggessisse
1126 4095 1186 4159 Ju—

83 4192 216 4258 stinisno
237 4197 427 4276 neamplius
448 4200 614 4277 permittat
629 4195 802 4264 Tbcudoro
822 4193 1004 4262 Caesareae
1023 4197 1108 4261 ultra
1133 4215 1186 4258 re·

83 4309 159 4358 sure
172 4295 268 4463 ⁵2¹⁸?
283 4299 488 4465 {abbolieamz
503 4298 657 4381 quonium
676 4308 749 4366 eote
760 4317 816 4363 sex
829 4317 946 4364 mrum
961 4319 982 4363 o
1000 4297 1089 4464 eggis
1103 4296 1189 4370 iuter

220 4416 264 4460 o.
336 4445 344 4462 .
