3066 4950
13 515 14 518 ’
104 499 262 583 publicem
283 499 455 582 gerendam
478 503 601 566 secatis
622 517 641 564 ι
661 496 792 581 vtttpss
815 517 898 582 quos
929 499 1107 582 prudenter
1129 509 1206 566 tunc

101 605 233 670 exulare
257 605 362 685 coegit
390 602 584 678 belisarius,
615 610 652 666 ut
680 602 796 666 deinde
820 605 849 666 lo
877 603 990 668 urbem
1019 611 1203 668 revocaret.

13 715 15 752 t
100 706 192 784 Quod
213 717 321 772 autem
343 705 420 772 dicit
440 705 480 768 de
502 701 621 784 vigilio
642 702 787 785 eiusdem
818 701 947 766 Silrerii
972 721 1160 768 successore
1184 721 1204 767 ι

98 807 252 873 belisario
271 809 462 883 constituto,
485 806 577 872 breri
597 805 724 870 calamo
745 811 894 870 notatum
914 821 933 868 a
956 803 1132 886 Procopio,
1156 807 1202 868 io·

100 909 195 975 locius
215 911 413 974 excutietur.
1283 991 1287 998 Δ

171 1011 332 1086 sesamo,
359 1009 466 1092 quood
488 1008 630 1074 Liberali
656 1008 888 1082 narrationem,
915 1007 1098 1086 lalcissima,
1119 1009 1200 1087 disi,

97 1113 257 1192 reperitur
277 1120 310 1176 et
324 1112 471 1176 Pontifici
489 1109 607 1191 Vigilio
622 1111 866 1190 injuriosissima
890 1111 1059 1190 promissio
1074 1111 1114 1173 ab
1130 1114 1199 1191 ipso

97 1215 176 1278 lacta
198 1213 367 1294 Augustae
394 1214 434 1276 de
455 1214 688 1293 acephalorum
711 1215 835 1276 haeresi
857 1212 1036 1288 tirmande,
1062 1213 1200 1295 ejusque

13 1365 14 1368 ι
96 1317 281 1380 revocandis
302 1315 491 1378 auctoribus
505 1313 700 1390 Theodosio,
718 1313 882 1394 dutbymo
903 1323 935 1378 et
951 1313 1085 1390 Severo,
1109 1316 1200 1380 rolu-

13 1435 15 1464 ι
96 1417 278 1496 tlsuperins
300 1417 507 1480 ostendimus.
530 1414 682 1482 Ceterum
705 1415 870 1494 quomodo
891 1423 1022 1478 mortuo
1038 1415 1196 1497 dgepeto,

14 1537 17 1574 ι
93 1516 293 1582 subditione
314 1517 501 1598 gotthorum
534 1513 636 1578 Roma
658 1525 690 1578 et
714 1513 904 1578 Pontidcotu
936 1516 1044 1579 adbuc
1070 1535 1199 1580 maneo·

95 1619 187 1693 tibus,
209 1619 370 1699 spondere
391 1621 535 1698 potuerit
555 1617 702 1696 Augusta
726 1614 844 1696 Vigilio
866 1616 952 1680 Petri
974 1615 1197 1684 Catbedram?

14 1771 16 1776 .
91 1715 263 1784 Beliserius
285 1721 367 1782 euim
389 1718 530 1784 noudum
561 1715 662 1782 Roma
685 1717 806 1798 potitus
828 1717 935 1782 lueret
946 1738 958 1796 3
985 1726 1018 1781 ιι
1038 1717 1197 1784 Sllrerlus

30 1805 33 1810 ⁵
91 1837 220 1883 munere
237 1819 401 1900 pontilicio
423 1818 631 1898 mouebatur,
648 1826 685 1881 ιιι
703 1819 816 1880 scribit
830 1816 1020 1897 Procopius,
1042 1819 1194 1896 subdens,

13 1947 15 1986 t
89 1917 275 1984 Pontificem
294 1921 461 2000 impulisse
485 1918 646 1983 Romanos
678 1929 715 1982 ιιι
735 1919 766 1980 iu
789 1917 902 1983 urbem
925 1918 1107 1998 acciperent
1133 1918 1197 1982 lm·

13 2051 16 2090 ς
90 2022 249 2100 peratoris
277 2023 396 2101 copias.
424 2019 576 2085 Fortasse
597 2020 757 2100 Augusta,
790 2020 916 2082 etiamsi
947 2020 1090 2082 incertus
1111 2019 1196 2082 loret

13 2157 14 2192 ;
88 2139 179 2186 casus
207 2123 299 2198 belli,
329 2121 504 2186 admodum
526 2122 566 2185 de
594 2123 729 2184 victoris
751 2119 881 2197 tidebnt,
904 2128 942 2185 nt
970 2121 1194 2196 temcrcbauc

88 2220 211 2287 dederit
232 2223 414 2288 absolutum
436 2219 708 2304 promissionem?

162 2323 288 2400 Tertio,
315 2326 463 2388 similiter
483 2341 502 2386 a
526 2323 661 2388 scritate
690 2321 804 2386 dorius
832 2322 987 2402 culpatur
1008 2321 1191 2401 Liberatus,

13 2463 15 2496 ι
89 2425 233 2505 iuquiens
250 2424 406 2506 vigilium
427 2423 702 2503 Constantinopoli
718 2423 871 2488 reducem
895 2426 1050 2505 reperisse
1072 2424 1193 2490 Relisa·

13 2569 14 2604 3
87 2529 168 2592 rium
190 2527 389 2606 llereoco03
417 2529 473 2592 cui
494 2527 560 2606 lpse
582 2523 718 2607 vigilius
740 2525 907 2606 Augustos
937 2525 1062 2592 litteras
1090 2525 1188 2596 dedit.

13 2697 14 2700 Ἴ
85 2625 291 2708 Quapropter
306 2627 480 2693 belisarius
498 2625 634 2692 Romam
656 2644 821 2704 resersus,
836 2626 876 2689 ed
900 2628 1056 2708 palatium
1076 2637 1193 2694 evocat

83 2727 271 2806 silverium,
286 2731 316 2794 ei
337 2729 531 2794 calumniam
546 2729 775 2803 totsotstoros,
792 2728 886 2808 quasi
907 2730 1025 2808 gottbis
1047 2731 1192 2811 scripsis-
1211 2779 1216 2788 .

84 2841 130 2896 set
151 2840 187 2895 ut
219 2831 357 2896 Romam
387 2831 567 2896 introirent.
596 2829 638 2893 Et
659 2832 738 2894 baec
769 2830 893 2896 delirus
924 2837 1036 2895 narrat
1061 2831 1191 2896 Libera·

87 2940 145 2997 tus.
162 2932 341 2998 Belissrius
362 2935 460 3008 enim,
477 2940 557 2996 teste
574 2930 734 3014 Procopio
754 2931 1117 3000 tollenonem.
1134 2934 1191 3015 qui

83 3035 120 3096 sd
144 3036 215 3116 ejus
237 3034 323 3098 latus
343 3034 489 3114 quotidie
513 3032 646 3110 adstitit,
669 3040 786 3098 concta
808 3051 975 3099 recensens
997 3035 1095 3116 ipsius
1117 3043 1189 3100 acte

82 3153 182 3216 usque
212 3137 253 3198 sd
278 3135 476 3211 Ravennam,
501 3135 546 3198 ait
568 3136 649 3198 benc
670 3135 785 3198 urbem
815 3135 993 3214 ingressum
1014 3155 1083 3200 esse
1105 3134 1189 3199 Beli·

82 3238 199 3302 ssrium
220 3239 366 3317 quinquo
387 3255 486 3300 annos
508 3243 678 3317 postquem
694 3232 830 3298 Romam
853 3245 1084 3315 occupaverat,
1107 3238 1190 3300 idest

81 3341 164 3404 circa
184 3359 238 3402 au.
251 3335 322 3406 5te.
345 3357 403 3402 seu
424 3345 569 3418 quatuor
585 3337 654 3400 lere
674 3351 773 3400 anuos
793 3335 834 3400 sb
855 3336 955 3414 ipsius
970 3336 1097 3402 Silrerii
1120 3339 1188 3400 obi·

82 3447 138 3504 tus
159 3442 191 3502 in
213 3459 281 3520 quo
305 3440 457 3521 temporis
479 3439 583 3518 spatio
605 3436 768 3517 pontificio
792 3455 928 3502 munere
944 3437 1012 3520 iam
1037 3437 1190 3518 iungeba-

80 3550 134 3604 tur
152 3540 301 3622 vigilius.
326 3541 452 3604 idcirco
474 3539 602 3602 fallitur
621 3537 792 3602 Liberatus
812 3557 969 3615 assereus,
991 3537 1187 3606 belisarium

76 3637 228 3706 Rareoun
251 3641 446 3721 proiectum,
469 3638 606 3704 Romam
630 3638 760 3702 rediisse
768 3659 779 3718 3
802 3639 932 3719 quando
954 3657 995 3702 ιι
1017 3641 1086 3718 ipso
1107 3639 1186 3703 Pro·

77 3743 169 3823 copio
184 3751 322 3820 constat,
345 3745 449 3824 ipsum
465 3741 633 3804 calumniis
654 3741 847 3820 appetitum,
864 3741 955 3820 quasi
981 3740 1183 3822 tyrannidem

78 3851 299 3924 occupaturus
320 3844 417 3919 iuret,
450 3841 602 3906 Ravenna
625 3841 807 3922 proiectum
830 3859 898 3903 esse
919 3838 1115 3916 bizantium,
1136 3859 1186 3906 se·

75 3960 148 4004 cum
171 3943 279 4007 allatis
298 3944 433 4024 captiuis
456 3941 559 4022 vitige
580 3949 613 4005 ct
633 3942 820 4020 gotthorum
843 3942 1041 4021 proceribus.

149 4042 224 4108 Nou
252 4044 427 4110 uetuerunt
456 4052 561 4108 tamen
585 4043 747 4120 uounulli,
762 4044 831 4123 qui,
846 4042 1031 4123 hujusmodi
1054 4061 1184 4124 perspe-

77 4153 125 4206 cta
149 4145 301 4222 lalsltetc,
316 4147 348 4208 io
363 4144 506 4210 Libcroti
526 4145 781 4223 excusationem,
800 4143 1037 4218 existimarunt,
1053 4144 1106 4208 ubi
1118 4141 1185 4206 Ro·

78 4265 179 4314 oeouc
199 4247 366 4328 scribitur,
382 4245 555 4329 legendum
569 4264 638 4312 cese
658 4241 803 4324 Neapoli:
820 4244 851 4308 in
871 4263 969 4326 quam
988 4246 1115 4310 venicus
1131 4243 1184 4310 Vi·
