3042 4940
97 483 244 564 opuscolo
264 477 492 548 cleminutio‘src
511 477 634 566 repleto
649 503 691 550 ex
709 485 882 566 praemissa
905 481 1112 549 Actionch.
1133 493 1170 549 et
1187 501 1207 548 a

96 584 309 663 sequentibus,
331 586 436 650 notari
458 586 666 652 solummodo
679 585 804 668 Scripta
825 585 987 652 Theodori
1007 595 1207 666 mopsnssm

92 687 132 760 ni,
148 682 339 750 Theodoreti
356 695 389 750 et
404 685 479 751 liae
494 697 735 768 praesumptam
751 687 940 770 Epistulam
956 697 988 752 et
1003 689 1077 752 hinc
1092 685 1206 768 Origo⁴

94 787 138 848 nis
151 785 281 868 Evagrii
302 795 336 852 et
355 785 483 874 Didymi
499 807 651 872 personas
666 790 764 855 luisse
784 789 901 854 1111111
920 789 1125 855 damnatione
1145 791 1204 854 im·

91 901 208 951 munes.

164 987 337 1056 Praeterea
358 990 399 1056 dc
428 991 542 1056 eadem
562 990 691 1078 Synodo
712 989 752 1056 V.
773 990 1001 1058 Gumtsntiuns
1026 991 1206 1074 imperator

92 1089 237 1180 inedicto
263 1091 344 1158 irasc
364 1095 425 1159 rite
440 1095 679 1176 «Suscepimua
698 1113 831 1176 qnoque
851 1102 884 1158 et
904 1111 990 1176 quae
1006 1095 1205 1175 temporilttaa

90 1188 255 1256 lnstiniani
276 1195 371 1260 disse
391 1197 567 1261 memoriae
581 1198 612 1259 in
631 1195 796 1276 praedicta
819 1192 886 1259 ilco
907 1196 1125 1260 conservanda
1147 1212 1206 1260 oo·

90 1299 152 1356 stra
173 1295 304 1361 civitate
325 1296 518 1374 Felicissimo,
541 1307 733 1380 congregata
763 1303 813 1361 est
832 1295 980 1378 Spuudns
1008 1305 1122 1361 contra
1143 1293 1203 1361 tici

89 1395 324 1476 impugnatores
344 1394 530 1478 origenem,
554 1397 731 1480 Evagriura
752 1401 785 1462 et
805 1396 993 1483 llldpmum,
1014 1396 1202 1461 11111111-

90 1493 201 1559 tiunem
215 1497 452 1578 opusculorum
469 1496 665 1563 Theodoreti
684 1499 844 1563 adversus
864 1497 1033 1564 duodecim
1057 1497 1203 1579 capitula

89 1593 294 1662 famosissima
308 1597 423 1685 cyrilli
437 1617 511 1665 caru
526 1601 702 1666 abolitione
715 1599 883 1682 Epistulae
893 1617 980 1681 quae
993 1599 1114 1664 dicitnr
1126 1596 1204 1664 111111

87 1695 122 1758 11
136 1695 252 1762 llaritn
276 1697 451 1763 Persam.»
468 1701 502 1764 11
518 1700 578 1764 lsac
600 1709 705 1764 1111111
720 1700 885 1765 locutione
900 1717 976 1764 cnm
999 1707 1063 1763 tam
1079 1700 1111 1762 iu
1133 1704 1204 1768 texe

88 1804 119 1859 tn
133 1815 250 1878 gracco
264 1806 331 1864 tam
351 1801 383 1864 iu
406 1803 508 1866 reteri
522 1797 619 1864 l'ation
642 1802 849 1866 translatione
862 1800 1025 1866 Theodori
1046 1814 1200 1880 raumara

84 1901 158 1962 11111
173 1900 377 1966 desideratur
388 1918 516 1979 nemen,
533 1903 700 1968 rideretur
714 1905 781 1982 ipse
794 1921 859 1966 non
872 1901 970 1968 trime
984 1901 1105 1966 ibidem
1123 1916 1201 1968 ano.-

86 1998 318 2066 tltcmatizatns.
816 2028 820 2040 ·

157 2102 315 2168 Similiter
335 2103 400 2170 Leo
422 2103 507 2188 Papn
530 2106 571 2170 ll.
593 2107 626 2169 in
655 2107 771 2172 litteris
791 2107 831 2170 ad
861 2105 1120 2182 Constantinam,
1142 2105 1201 2172 ulti

88 2219 160 2267 suae
179 2208 299 2270 emittit
320 2205 392 2271 lidei
420 2208 650 2272 confessionem
662 2229 706 2306 su
721 2209 912 2288 Propterea,
928 2209 1013 2271 inter
1030 2208 1095 2272 alia
1109 2207 1200 2286 dicit,

85 2305 163 2368 sient
183 2307 390 2385 suscipimus,
423 2315 521 2389 atque
545 2309 683 2372 tirmiter
713 2308 938 2390 praedicemus
966 2316 1076 2372 sancta
1105 2304 1202 2389 qnin-

87 2421 146 2485 que
173 2407 369 2471 universalia
399 2407 554 2483 Concilia,
587 2411 769 2486 nicaenum,
801 2410 1199 2490 comtautinopolitanum,

88 2509 269 2587 ephesinum
292 2511 448 2590 priorum,
465 2511 730 2588 chutesdoueuse,
745 2519 779 2575 et
799 2513 917 2575 iterum
939 2515 1201 2592 comunttuopo·

85 2607 213 2675 litanum
224 2631 236 2693 3
263 2630 349 2693 qnae
369 2621 402 2676 et
416 2615 520 2676 omnis
540 2612 659 2678 Gltristi
689 2612 835 2679 Ecclesia
858 2614 1019 2694 approbat
1037 2623 1071 2678 et
1089 2615 1199 2696 sequi·

87 2719 175 2777 tur.»
190 2712 313 2780 Deinde
327 2725 495 2780 enumerat
508 2716 687 2780 haereticos
698 2715 828 2791 Arium,
845 2713 1037 2792 Sabellium,
1053 2725 1198 2782 ceteros·

87 2833 145 2896 qne
164 2819 196 2881 in
216 2817 337 2899 quibos
356 2813 541 2897 origenem,
566 2812 751 2900 llidymnm,
775 2815 965 2899 Evagrinm,
985 2818 1125 2884 subdens
1144 2836 1197 2883 sec

87 2919 379 2982 «anathematizare
393 2915 516 2996 Scripta
532 2915 728 2983 Theodoreti
742 2918 899 2984 adsersus
911 2918 1082 2984 duodecim
1094 2937 1121 2984 s.
1134 2917 1198 3003 Cy*

87 3018 148 3082 rilli
171 3019 315 3101 capitula
337 3037 411 3084 oum
435 3017 593 3098 Epistola,
620 3037 705 3102 quae
725 3020 846 3085 dicitnr
867 3020 955 3096 inae,
969 3021 1064 3084 sicuti
1085 3029 1197 3086 sancta

85 3117 242 3186 Catholica
258 3121 557 3203 atquetpostuttea
580 3119 724 3186 Ecclesia
750 3122 790 3186 du
807 3121 955 3203 catalogo
971 3122 1115 3187 lideliutn
1136 3122 1198 3188 Pa·

86 3217 302 3303 trnm'utpcte
322 3222 444 3286 airrnla
464 3222 506 3286 du
531 3238 608 3286 area
636 3221 816 3286 dominicae
837 3221 1002 3286 Ecclesiae
1032 3224 1197 3303 gehennae

84 3324 235 3404 supplicio
256 3323 445 3401 abdicando,
467 3341 527 3404 per
545 3323 760 3387 ventilabrum
776 3322 901 3386 diuinae
921 3323 1123 3389 discretionis
1138 3325 1195 3388 ob·

82 3421 162 3502 jecit.
178 3425 213 3488 ln
229 3426 293 3490 troc
306 3443 439 3506 qnoque
455 3442 554 3489 ceusu
570 3441 634 3490 oon
653 3424 776 3505 legitur
788 3423 1078 3490 arithemetizetus
1090 3424 1196 3497 'l'lrco-

85 3523 178 3590 dorns
198 3533 447 3608 mopsuestenus
466 3543 541 3590 curn
562 3525 691 3607 scriptis
707 3525 796 3606 suis;
821 3539 881 3589 nec
900 3523 1026 3606 liquido
1046 3535 1195 3608 apparet,

84 3641 154 3689 num
174 3627 207 3690 in
226 3627 338 3709 quinta
360 3625 502 3712 synodo,
532 3642 573 3688 ao
594 3635 685 3690 auter
718 3626 857 3690 damnati
879 3625 1000 3691 luerint
1022 3626 1191 3708 Origenes,

86 3721 240 3808 Euagrius
271 3735 304 3791 ct
324 3726 491 3810 Didymus.
522 3728 677 3795 Ceterum
706 3727 747 3791 de
768 3729 831 3792 lnac
850 3726 965 3792 Leonis
995 3727 1037 3792 ll.
1059 3729 1195 3810 epistola

82 3841 136 3903 pro
157 3828 401 3893 confirmatione
421 3828 520 3911 111111
543 3827 675 3912 synodi,
697 3836 890 3909 quaerentes
920 3825 1139 3894 Bellarmiuns
1159 3837 1195 3894 et

85 3921 250 4004 Beronius,
273 3946 358 3994 nnus
378 3937 580 4010 corruptam,
602 3929 687 3994 alter
701 3929 950 3994 commentitiam
971 3935 1095 4010 putant.

125 4047 132 4058 ·
155 4027 277 4094 Verum
298 4029 387 4111 qnod
408 4031 521 4097 attinet
534 4029 574 4093 ad
597 4049 707 4096 rerum
726 4034 758 4096 in
771 4030 916 4097 Concilio
936 4030 1049 4111 quinte
1073 4037 1194 4096 tracta·

83 4133 155 4204 tum,
177 4140 290 4196 utrum
311 4131 434 4196 scilicet
461 4149 520 4195 nuc
541 4149 581 4195 ne
601 4131 770 4214 Origenes,
796 4131 957 4212 Euagrius
977 4138 1010 4194 et
1034 4129 1194 4215 Didymus

80 4228 227 4298 subierint
246 4249 322 4298 eum
344 4231 448 4300 tribus
468 4229 625 4314 Capitulis
647 4232 897 4310 damnationem,
915 4231 991 4297 inuit
1011 4231 1195 4314 disquisitio
