3186 4946
320 372 366 544 fis
387 475 465 540 mtbi
485 482 554 554 est,
576 477 636 542 ista
656 476 736 542 nibil
770 475 878 542 iacere
907 472 1102 558 ostendendo
1129 474 1170 540 ed
1190 489 1269 552 sos,
1290 491 1433 556 quorum

325 581 392 659 ipse
413 576 633 651 insimulatur,
654 595 792 642 errores.
814 575 850 640 iu
871 577 935 642 iilis
956 595 1095 658 namquo
1118 578 1226 658 agitur
1250 575 1290 640 de
1311 577 1434 640 extrin-

323 698 411 757 seco,
432 697 491 744 ssu
512 679 656 760 practico
675 696 753 744 snae
770 681 854 743 ritae
874 679 1040 761 regimine,
1065 680 1120 743 ubi
1141 698 1182 743 eu
1203 687 1240 744 ut
1255 678 1352 742 bomo
1373 695 1431 741 nec

325 801 363 846 nc
382 781 522 846 deiicere
536 783 690 863 potnerit,
711 800 774 845 non
790 791 838 846 est
859 783 913 844 bic
934 800 1052 846 sermo.
1077 781 1238 846 innostro
1262 798 1340 846 roro
1355 799 1430 861 pro·

323 885 428 966 posito
438 886 649 966 investigatur
668 903 747 948 snae
761 884 834 948 ddei
856 885 1035 964 protessi03
1059 903 1135 948 num
1150 885 1274 948 scilicet
1286 903 1345 965 per
1359 899 1429 946 eam

322 989 355 1074 iu
371 987 518 1067 dogmate
533 987 694 1050 eatboiioo
708 989 898 1064 constiterit,
911 995 967 1050 ant
982 988 1022 1050 ab
1038 987 1106 1065 ipso
1120 987 1302 1060 decesserit,
1320 985 1432 1046 baere-

324 1093 402 1154 ticas
422 1091 592 1154 sententias
614 1089 816 1170 complexus,
839 1107 958 1170 easque
980 1089 1150 1153 adstruens
1171 1095 1283 1152 contra
1304 1095 1432 1167 apostu-

322 1191 404 1254 iicao
425 1201 458 1253 et
478 1189 643 1254 Ecclesiae
664 1191 834 1254 universae
855 1192 1043 1254 doctr-tuom.

402 1291 436 1354 in
458 1291 570 1372 primis
584 1292 756 1356 admodum
772 1295 905 1356 interest
921 1294 1019 1372 ipsius
1035 1289 1181 1371 Origouis
1204 1296 1340 1353 mentem
1357 1305 1433 1352 con·

320 1393 442 1465 sniere,
457 1411 496 1456 ac
516 1392 630 1454 sedulo
651 1410 688 1455 ea
714 1395 925 1470 perscrutari,
942 1411 1026 1473 quse
1046 1395 1180 1472 sparsim
1202 1393 1267 1454 suis
1289 1389 1432 1453 adseruit

320 1495 460 1572 scriptis,
476 1494 652 1558 calumnias
673 1493 866 1557 lamentatus
881 1494 1156 1570 adversariorum,
1180 1495 1237 1575 qui
1255 1493 1430 1556 verborum

318 1613 456 1662 snorum
468 1614 597 1660 sensum
613 1605 851 1676 perverterunt.
862 1595 924 1660 Sed
939 1597 1140 1677 potissimum
1155 1612 1347 1676 summoque
1362 1600 1430 1658 stu·

319 1700 372 1762 dio
390 1697 670 1762 rntmrdrertenta
691 1705 782 1773 sunt,
797 1716 882 1778 quae
903 1699 970 1779 ipse
985 1700 1025 1760 ab
1047 1697 1194 1780 Aegypto
1209 1698 1288 1762 exui
1302 1697 1430 1776 scripsit

319 1801 360 1866 ad
380 1799 500 1874 amicos
519 1819 596 1864 suos
627 1799 856 1864 Alexandriae.
888 1797 1037 1876 Quarum
1058 1801 1243 1863 litterarum
1275 1806 1381 1862 textus
1401 1800 1429 1861 si

320 1919 424 1983 ecque
445 1902 655 1982 ponderetur,
673 1902 737 1966 bno
753 1901 891 1977 collatis,
907 1919 992 1981 quae
1012 1899 1088 1963 aiibi
1109 1899 1148 1964 de
1170 1901 1354 1982 bnjusmodi
1374 1917 1433 1982 op·

320 2005 530 2086 positionibus
545 2003 637 2078 dixit,
660 2003 751 2066 uobis
774 2002 909 2066 iortasse
924 2003 1150 2083 suspicandum
1172 2009 1266 2079 esset,
1288 2004 1359 2067 niiis
1379 2020 1432 2067 rs·

320 2123 397 2171 vera
419 2106 594 2179 decausis,
609 2121 708 2184 qnam
723 2104 765 2167 ob
785 2121 822 2168 ea
837 2121 990 2185 peruersa
1006 2104 1166 2185 dogmata,
1184 2107 1232 2169 nti
1251 2104 1364 2169 roinnt
1377 2103 1434 2166 ad·

321 2207 470 2283 versarii,
492 2206 628 2293 exiiinm
643 2221 660 2267 a
678 2205 795 2286 patrie,
818 2206 1080 2281 obtrectationes,
1103 2223 1141 2270 ao
1156 2206 1335 2271 multorum
1356 2223 1433 2270 con-

320 2316 476 2387 temptum
498 2307 665 2371 totterrsso
689 2306 927 2371 normannum.
959 2307 1025 2370 but
1045 2308 1071 2370 si
1092 2307 1134 2371 ob
1165 2308 1330 2372 doctrinae
1349 2325 1430 2374 suae

320 2410 491 2475 falsitatem
514 2426 551 2473 ea
573 2425 701 2489 passum
724 2427 792 2472 esse
818 2409 967 2473 eumdem
997 2409 1167 2474 dicendum
1189 2408 1248 2488 sit,
1282 2410 1429 2491 proiectu

321 2512 362 2575 ab
383 2511 552 2592 bucusque
573 2510 728 2583 excossis,
753 2527 816 2574 nou
838 2512 895 2575 uisi
917 2529 976 2592 per
1002 2512 1228 2594 sycophantias
1249 2531 1291 2575 ex
1312 2514 1432 2592 impro-

319 2615 437 2678 borum
453 2613 572 2676 matitia
594 2613 765 2676 artificiose
786 2615 819 2674 in
835 2614 939 2694 ipsum
960 2621 1111 2688 structas,
1132 2622 1166 2677 et
1186 2632 1227 2678 ex
1249 2614 1429 2679 multorum
1471 2659 1477 2670 -
1583 2619 1584 2627 ’

320 2713 521 2795 ignorantia,
552 2722 584 2776 et
604 2713 744 2794 amplius
763 2722 898 2795 propter
919 2712 1070 2778 intratum
1101 2713 1275 2778 verborum
1296 2733 1432 2780 suornm

320 2833 469 2889 tensum,
492 2817 523 2876 io
545 2816 626 2879 banc
647 2817 794 2878 inuidisse
816 2816 1020 2895 ignominiam
1043 2815 1207 2879 intendem
1229 2817 1303 2878 erit.

399 2914 563 2995 Epistulae
578 2919 696 2980 interea
716 2925 840 2980 textum
856 2916 1021 2998 proferam
1034 2924 1103 2980 tum
1114 2919 1210 2997 juxta
1228 2917 1347 2982 Rudini
1364 2928 1431 2983 tntn

317 3017 413 3099 jttxta
429 3016 617 3100 Hieronymi
629 3021 820 3095 versionem,
834 3017 931 3099 buius
944 3019 1096 3096 postremi
1113 3023 1332 3099 praemittens,
1345 3037 1431 3098 qnae

320 3118 477 3182 adversus
498 3119 646 3182 eumdem
670 3117 833 3182 Rudinum
856 3122 887 3183 iu
909 3116 1007 3183 Libro
1031 3118 1071 3182 ΙΙ.
1088 3120 1127 3183 de
1149 3137 1186 3182 ea
1208 3119 1352 3201 Epistola
1375 3138 1431 3183 nu·

322 3220 413 3293 tavit,
435 3219 530 3301 cujus
552 3219 737 3282 falsatorem
760 3221 856 3282 istum
879 3220 965 3282 iacit.
990 3218 1107 3283 Scribit
1127 3222 1232 3282 enims
1250 3241 1266 3280 r
1281 3218 1431 3300 Cumque

320 3319 375 3382 iila
399 3317 540 3401 Epistola
565 3329 629 3383 tota
652 3318 850 3383 Demetrium
872 3320 1103 3384 alexandrinae
1131 3321 1219 3385 urbis
1246 3321 1428 3401 pontificem

322 3420 468 3499 iaceret;
488 3427 521 3482 et
542 3421 572 3481 iu
596 3423 693 3484 totius
708 3421 794 3482 orbis
810 3421 974 3501 episcopos
992 3429 1023 3483 et
1045 3421 1180 3484 ciericos
1200 3421 1386 3501 invebatnr3
1400 3431 1435 3484 et

322 3519 444 3585 frustra
466 3522 507 3582 ab
522 3520 664 3584 ecclesiis
685 3524 1000 3586 excommunicatum
1023 3541 1090 3585 esse
1107 3523 1252 3597 sedicet,
1268 3541 1326 3588 uec
1349 3523 1433 3586 rette

321 3623 354 3684 in
376 3623 553 3685 maledictis
575 3622 698 3686 reierre
721 3625 844 3698 ricem,
877 3642 916 3685 no
937 3623 1060 3686 scilieet
1087 3624 1262 3686 maledicus
1285 3625 1435 3687 rideatur

321 3743 390 3788 esse
412 3725 533 3799 bomo,
554 3727 611 3804 qni
633 3726 665 3787 iu
687 3734 810 3787 tuntum
833 3735 948 3788 cantus
969 3726 1010 3788 sit
1031 3724 1070 3786 ed
1094 3725 1369 3800 maledicendum,
1393 3735 1432 3790 ut

320 3841 360 3887 ue
377 3824 507 3886 diabulo
529 3825 658 3904 quidem
679 3825 797 3888 audeat
819 3825 1031 3887 maledicere:
1050 3824 1133 3887 nudo
1154 3834 1187 3888 ot
1214 3824 1355 3888 Candido
1378 3842 1433 3888 ra·

317 3923 483 3988 lentiniaui
506 3925 662 4004 dogmatis
682 3925 846 4001 sectatori,
869 3925 1084 3987 calumniandi
1101 3942 1135 3986 se
1155 3927 1356 3987 occasionem
1378 3923 1434 3988 de-

320 4027 416 4101 derit,
429 4028 514 4107 quod
531 4027 694 4090 diabolum
710 4025 881 4090 salvandae
893 4045 961 4089 esse
977 4038 1113 4090 naturae
1127 4027 1257 4100 dixerit,
1272 4026 1325 4089 bic
1337 4025 1433 4104 (tiot-

320 4127 426 4204 iinus)
449 4129 649 4192 dissimulato
670 4137 859 4208 argumento
882 4125 1064 4206 Epistulae,
1088 4126 1177 4206 fingit
1198 4144 1258 4206 pro
1279 4127 1431 4205 Origene,

322 4230 410 4311 qnod
432 4230 487 4294 ille
504 4230 739 4311 conloquitur.
763 4226 853 4294 Unde
875 4226 1038 4312 Epistulae
1054 4230 1152 4310 ipsius
1173 4235 1299 4310 partem
1318 4229 1436 4310 penin-
