3066 4950
1155 423 1216 494 itti

1 551 2 570 2
106 525 200 590 duem
222 523 335 590 habuit
355 522 491 599 balium,
521 521 608 602 quod
630 529 742 593 eontra
765 525 917 607 pietatem
941 525 1119 591 excitatam
1147 525 1217 594 iaa-

160 675 167 688 .
190 645 207 683 D

106 635 156 691 m
182 723 377 808 Huiusmodi
393 734 471 790 sont
493 725 719 807 inmerserit,
737 733 801 790 tam
817 726 934 812 Cyriiii
959 727 1111 792 monaehi
1126 745 1219 792 euar-

1 877 2 884 ,
98 829 240 890 rationes
253 826 293 892 ds
313 827 562 907 origenistarum
577 835 663 891 senta
680 837 757 892 tuno
771 829 1012 907 invalesce-um
1028 845 1114 909 quaa
1127 848 1218 894 aum·

97 929 209 992 mutim
225 929 291 993 noo
311 937 456 1009 regestae
469 947 545 993 oum
566 929 742 994 admodum
761 931 882 994 nostris
903 931 1065 1011 praenotio
1079 930 1222 998 officiant

98 1028 363 1106 discussionibus,
385 1030 529 1094 studiose
550 1048 588 1093 ae
620 1033 756 1095 seorsim
783 1031 1031 1112 pertractandae
1057 1043 1145 1110 aunt,
1172 1031 1219 1096 di·

99 1131 203 1195 versia
223 1147 339 1195 aarum
360 1131 444 1194 notis
476 1149 515 1196 ao
545 1133 796 1197 circumstantiis
817 1132 986 1211 descriptis
1016 1138 1050 1197 at
1075 1133 1218 1210 sensitis,

100 1240 138 1296 nt
159 1231 222 1296 rito
242 1239 364 1314 pateat,
387 1233 500 1313 quanti
522 1233 611 1315 ipsae
634 1231 800 1298 iaciendas
826 1233 889 1298 siat
909 1239 942 1296 et
962 1249 1137 1315 quousque
1162 1231 1219 1296 ad·

101 1334 288 1400 mittendae.
734 1391 740 1407 ,

182 1435 227 1501 lit
246 1437 401 1519 primam,
418 1436 473 1500 uiti
498 1437 660 1519 Euagrius
681 1447 713 1502 et
730 1435 874 1522 Cyriiius
896 1437 1048 1517 inquiunt
1068 1438 1100 1501 iu
1114 1434 1217 1521 Syno-

101 1539 144 1605 do
164 1543 374 1606 oecumenica
391 1536 427 1603 V.
446 1547 556 1604 actura
579 1559 647 1606 esse
669 1540 709 1603 ds
722 1538 862 1619 Origene
883 1547 916 1601 et
936 1536 977 1601 de
1000 1538 1164 1604 monachis
1177 1537 1221 1602 ii-

104 1642 217 1724 ragrio
238 1649 271 1706 et
291 1636 442 1726 Didymo,
464 1659 587 1722 eosque
607 1642 787 1718 damnatos,
803 1639 947 1721 undique
969 1637 1156 1721 hujusmodi
1169 1657 1220 1703 as·

98 1746 249 1811 tortionis
272 1744 395 1808 iolsitas
417 1745 595 1810 revelatur.
616 1745 665 1808 rib
686 1745 823 1808 exordio
845 1762 985 1824 namque
1000 1744 1099 1808 trinua
1121 1741 1217 1824 Capi·

101 1848 249 1912 tuiorum
265 1847 463 1928 quaestionis
476 1863 580 1927 usqua
602 1847 641 1908 ad
659 1847 869 1910 nouissimum
886 1845 994 1926 vigilii
1012 1843 1117 1927 Papae
1131 1844 1216 1911 Coo·

98 1952 251 2015 stitutum
280 1951 349 2013 sive
371 1951 402 2011 in
424 1949 645 2031 peculiaribus
676 1950 832 2024 conciliis,
855 1949 923 2011 sira
950 1949 983 2010 in
1003 1948 1213 2012 oecumenica

99 2051 242 2136 synodo,
263 2070 322 2116 sen
344 2054 479 2133 privaris
499 2059 557 2115 aut
572 2051 711 2132 publicis
730 2051 858 2131 seriptis
880 2051 942 2114 hoo
963 2067 1066 2113 unum
1087 2050 1215 2129 quaesi·

101 2164 170 2218 tnm
185 2162 247 2232 est,
261 2151 301 2217 de
315 2154 377 2217 hoe
400 2172 466 2218 ooo
485 2153 699 2233 disputatum,
714 2158 748 2217 ei
768 2152 831 2215 hoo
852 2169 954 2216 onum
977 2150 1146 2216 deiioitum
1162 2150 1216 2216 iu·

99 2257 134 2319 it.
157 2253 302 2338 ldeoqno
330 2262 423 2318 extra
450 2253 616 2339 Synoduua
638 2253 676 2317 V.
697 2253 868 2317 amandata
900 2253 1087 2335 quaestione
1108 2253 1215 2334 origo·

97 2358 206 2428 niaoa,
230 2355 436 2419 iaisissimum
467 2373 601 2435 quoque
622 2353 796 2437 probatur,
819 2353 995 2435 Didymum
1028 2356 1217 2419 alaxandri-

98 2474 178 2520 oum
199 2464 232 2520 et
252 2453 432 2536 Euagrium
453 2455 599 2518 eamdem
620 2455 756 2520 subiisse
777 2455 1017 2518 damnationum
1028 2475 1040 2533 3
1063 2457 1157 2537 quasi
1179 2475 1218 2522 u-

98 2566 217 2638 terque
236 2559 350 2622 eadam
378 2557 591 2638 profiteretur
620 2559 788 2640 peregrino
812 2569 845 2623 ot
876 2558 1018 2622 absurda
1048 2557 1214 2639 dogmata,

98 2679 186 2742 quae
198 2657 355 2739 Origenes
377 2659 542 2743 professus
558 2660 678 2725 irustra
695 2669 841 2742 potatur.
860 2661 895 2724 Ιιι
910 2678 973 2741 qno
992 2678 1067 2725 saus
1083 2661 1216 2726 insimu·

98 2763 221 2826 latione
242 2769 374 2843 praeter
394 2761 594 2826 maniiestam
615 2761 747 2844 Origeni
774 2763 906 2826 ioiatom
930 2762 1097 2844 injuriam,
1122 2761 1216 2826 uuida

99 2881 234 2945 qnoque
255 2862 409 2945 praesuiis
430 2864 548 2928 sanetis
570 2864 647 2928 viris
670 2864 862 2945 iniuriosum
884 2863 1137 2939 reassumendo,
1160 2882 1216 2928 eoa

99 2965 251 3032 absurdis
265 2967 520 3031 communicasse
540 2965 673 3047 Origeoi
696 2965 979 3047 adscriptionem
999 2963 1039 3027 do
1062 2965 1219 3046 reprobo·

98 3086 175 3131 rum
194 3069 302 3148 poenis
317 3068 492 3148 aliquando
507 3067 672 3143 daminois,
688 3066 794 3146 deque
817 3066 1009 3146 angelorum
1033 3077 1065 3129 et
1086 3068 1218 3130 daemo-

96 3187 176 3235 num
192 3177 225 3233 ei
244 3172 427 3235 animarum
449 3169 716 3233 conversionibus
733 3177 765 3231 nt
785 3168 957 3245 similibus3
974 3169 1016 3230 ita
1033 3175 1070 3231 ui
1086 3168 1218 3234 ioduaio

101 3272 218 3348 intuor,
232 3280 265 3336 ei
279 3273 453 3336 audentius
474 3289 630 3347 asseram,
654 3290 716 3334 non
738 3272 846 3332 soium
862 3269 1041 3349 Evagriuor
1064 3276 1096 3332 et
1119 3266 1217 3351 Didy-

97 3394 188 3439 mom
210 3375 338 3439 nuilum
361 3381 647 3455 praesumptorum
670 3371 888 3436 absurdorurn
923 3369 1075 3448 tonuisse,
1101 3387 1215 3434 terum

96 3495 158 3540 noe
180 3478 285 3540 molto
308 3479 413 3541 minos
428 3496 483 3542 eos
497 3476 673 3540 arbitratos
693 3493 762 3538 esse
779 3474 852 3537 talia
870 3471 1067 3553 quandoque
1089 3471 1217 3538 docuis-

97 3598 133 3643 se
154 3575 342 3660 Origooom.

179 3677 215 3744 in
230 3680 434 3762 praecedenti
450 3677 547 3744 Paria
560 3678 636 3744 salis
657 3684 766 3743 aetum
781 3686 829 3742 est
850 3677 891 3741 de
904 3677 1080 3757 utriusque
1097 3675 1218 3740 doctri·

96 3799 152 3857 na,
168 3797 351 3863 eorumque
372 3780 513 3862 seriptis,
535 3788 568 3844 et
587 3779 755 3860 speciatim
777 3781 899 3843 intenta
921 3778 1055 3842 Petrum
1078 3793 1217 3844 coaevo·
1294 3829 1299 3834 .

97 3900 174 3946 rum
204 3881 330 3947 sincera
358 3881 530 3948 traditione
560 3898 637 3962 erga
673 3881 808 3946 iliorum
836 3880 1079 3946 orthodoxiam.
1109 3875 1216 3954 Quam

97 3983 305 4048 traditionem
329 4003 433 4066 usqua
464 3982 504 4047 ad
525 3985 694 4050 saeculnm
721 3981 775 4048 vi.
797 3988 972 4049 servarunt
993 3980 1137 4046 accurati
1163 3977 1220 4040 iii·

92 4086 218 4150 storiae
240 4084 487 4151 Ecclesiastioae
507 4085 695 4168 sorimoros.
720 4082 861 4167 ideoque
886 4092 1030 4166 nugatur
1052 4079 1218 4160 Euagrius

92 4185 318 4253 Scholastioos
334 4187 365 4248 io
382 4185 481 4249 Libro
496 4183 551 4250 tv.
568 4205 596 4250 o.
612 4184 664 4253 38.
678 4185 835 4261 scribens,
853 4183 966 4249 Pairss
986 4184 1018 4249 in
1033 4181 1163 4269 synodo
1177 4176 1215 4242 V.

92 4295 230 4369 praetor
252 4287 313 4354 iria
341 4287 504 4370 dandule,
527 4287 672 4354 retudisse
692 4287 893 4354 damnorsdoa
914 4287 1031 4354 mutter
1056 4283 1144 4349 otios
1163 4278 1215 4346 Di·
