3042 4940
346 413 422 478 talia
438 416 619 494 sapuerent
639 413 738 494 atque
759 413 973 494 serotinum,
995 426 1069 478 cnm
1092 413 1215 476 constet
1229 427 1247 474 a
1261 409 1370 476 sanctis
1385 424 1431 476 m·

341 516 475 579 moratis
496 514 648 580 Patribus
661 523 695 580 et
719 517 892 581 maximoe
911 523 1021 582 sancto
1041 513 1288 578 ebaieedoaeurt
1302 511 1429 588 Condbn,

340 615 470 680 nullum
492 614 532 679 de
552 635 618 696 quo
641 615 703 682 init
721 617 874 696 suspicio,
898 617 996 682 inisse
1015 625 1223 697 susceptum,
1246 615 1304 678 uiri
1325 616 1374 696 qui
1389 633 1429 678 tn·

341 716 452 796 perias
473 716 652 796 designatas
672 718 885 798 blasphemias
907 718 959 782 rei
981 719 1030 780 bis
1050 717 1179 794 similia,
1206 725 1264 783 aut
1286 716 1429 790 bacreria,

342 816 383 880 do
404 835 468 899 qun
489 829 658 898 suspectus
680 820 764 896 icit,
784 820 919 901 respuit,
942 827 1000 884 ant
1030 820 1258 900 blasphemias,
1279 817 1323 882 de
1338 817 1432 898 quibm

345 918 384 982 de
399 937 439 984 ee
453 920 634 984 dubitatum
649 929 710 996 est,
725 922 908 1002 abnegavit,
924 933 1023 1002 atque
1038 921 1211 984 damnarit„
1226 921 1269 986 Et
1285 921 1432 984 idonee.»

423 1020 460 1084 ln
490 1022 552 1085 boc
571 1039 648 1086 saue
679 1020 863 1087 Constituto
884 1023 982 1087 totius
1013 1025 1235 1087 oeconomiam
1265 1020 1434 1104 quamtimir

342 1122 453 1186 mireri
479 1139 542 1184 nou
563 1121 776 1204 desistamus,
796 1139 860 1204 qna
881 1124 1006 1188 studuit
1022 1121 1157 1206 vigilius
1177 1119 1356 1188 animorum
1375 1130 1435 1186 ten·

337 1241 454 1304 perure
475 1230 599 1287 aestum
622 1233 655 1288 et
676 1226 715 1288 ad
738 1227 894 1289 unitatem
910 1243 1068 1289 revocare
1088 1226 1288 1290 diuisionem.
1313 1223 1432 1288 Pdnnn

337 1326 420 1390 enim
442 1326 600 1405 oportuit,
622 1335 658 1388 ut
680 1343 790 1388 omnes
810 1326 869 1390 sibi
890 1325 1075 1402 suaderent,
1091 1343 1150 1406 per
1171 1325 1269 1388 trinus
1292 1322 1433 1403 Capitulu-

335 1444 410 1490 rum
432 1427 681 1504 damnationem,
703 1428 826 1491 salvam
851 1437 880 1491 et
896 1431 1052 1507 integram
1075 1445 1205 1490 manere
1226 1425 1321 1489 fidem
1341 1423 1432 1490 Conci·
1501 1447 1502 1458 t

335 1526 372 1589 lii
397 1527 669 1603 chalcedonensis,
686 1546 744 1593 nec
763 1528 862 1610 bujus
883 1527 1013 1609 Synodi,
1036 1547 1094 1590 nee
1108 1528 1249 1590 aliarum
1263 1523 1433 1607 praeceden-

338 1627 419 1691 tium
441 1629 585 1692 imminui
604 1632 845 1704 auctoritatam,
862 1647 920 1692 nec
941 1629 1013 1692 iidei
1035 1628 1170 1692 Patrum
1193 1629 1313 1691 mutari
1333 1625 1433 1708 proies·

336 1729 469 1792 sionem.
493 1728 712 1805 Quamobrem
728 1727 864 1810 vigilius
886 1728 1125 1794 defendentium
1147 1737 1179 1794 et
1198 1726 1431 1810 expugnantium
1502 1761 1503 1776 κ

334 1830 518 1909 ponderatis
535 1833 727 1907 rationibus,
743 1849 782 1893 ne
804 1833 868 1896 bue
886 1830 939 1891 rel
954 1827 1035 1893 tttue
1050 1813 1241 1909 impingeret
1262 1829 1295 1891 iu
1309 1844 1363 1892 sna
1376 1841 1434 1905 pro·

334 1931 513 1996 nuncianda
529 1937 697 2008 sententia,
712 1934 883 2012 praemissa
900 1934 930 1994 in
946 1932 1047 2011 priori
1058 1929 1240 1995 Constituto
1254 1929 1297 1992 ab
1309 1927 1432 2012 iprinsin

334 2029 454 2096 Urbem
488 2035 609 2114 regiam
640 2035 786 2114 ingressu
811 2033 1000 2114 obsignato,
1032 2031 1275 2096 immutabiliter
1296 2031 1433 2094 instaurat

332 2131 364 2195 in
379 2133 442 2196 boe
455 2135 627 2197 notissimo
642 2141 764 2214 septem
781 2144 852 2216 post
866 2151 966 2196 annos
980 2151 1021 2199 ex
1043 2151 1110 2212 qun
1124 2133 1265 2212 primum
1285 2129 1431 2196 ediderat:

331 2233 504 2314 «Propter
524 2235 625 2316 quud,
647 2238 679 2299 in
698 2251 730 2296 n.
754 2233 785 2298 t.
809 2235 997 2315 praemisit,
1029 2233 1111 2297 nulli
1135 2234 1273 2298 venitin
1295 2232 1429 2300 dubium,

331 2335 420 2414 quod
442 2354 492 2410 ea,
515 2354 599 2417 qnae
620 2337 776 2400 adversus
797 2355 856 2400 nos
887 2336 967 2399 laiso
997 2335 1058 2400 diei
1079 2335 1275 2408 essemus,
1305 2347 1430 2414 nequet

332 2431 424 2497 nobis
446 2435 550 2512 dieta,
583 2453 687 2515 neque
707 2454 726 2499 a
749 2435 838 2500 nobis
867 2435 949 2499 iacta
972 2453 1041 2498 essa
1072 2435 1201 2498 omnino
1221 2433 1429 2498 diliatearaure

329 2540 363 2595 et
375 2551 461 2614 qnae
480 2553 522 2598 ex
537 2535 711 2600 abundanti
733 2537 890 2616 recepisse
910 2535 1123 2608 adstruimur,
1140 2542 1173 2598 et
1193 2545 1288 2598 antea
1311 2534 1432 2598 tenuisse

329 2735 373 2798 ita
394 2737 468 2811 sint,
490 2753 553 2800 non
577 2745 681 2801 tamen
703 2737 883 2802 destitimus
899 2757 957 2816 per
977 2733 1138 2800 fideliores
1159 2737 1350 2815 interpretes
1366 2735 1431 2798 seri·

330 2849 384 2916 pta
406 2837 551 2917 ejusdem
567 2837 728 2904 Tbeodori
750 2840 947 2921 perscrutari
953 2859 964 2918 3
979 2839 1127 2922 quamtis
1148 2837 1240 2902 uobis
1253 2846 1287 2901 et
1301 2843 1371 2900 autc
1389 2841 1429 2898 nt·

330 2954 472 3018 eumque
494 2940 615 3005 inerint
634 2939 900 3020 emeramnus
920 2943 963 3003 ita
992 2944 1184 3025 prosecutus
1205 2939 1340 3019 corripit
1361 2933 1430 3014 vigi

327 3037 392 3101 lies
412 3049 444 3102 et
465 3041 606 3116 damnat,
622 3043 677 3122 qui
701 3040 776 3104 ibae
799 3038 975 3121 Epistulam
996 3049 1177 3120 susceptam
1200 3056 1301 3102 essen
1318 3033 1430 3121 specto

328 3139 573 3206 chalcedonensi
596 3144 757 3217 tenebant,
778 3141 1040 3222 quandoquidem
1063 3145 1095 3205 in
1118 3143 1187 3222 ipso
1207 3141 1359 3206 iudicare
1375 3139 1430 3220 jau

328 3237 436 3304 luerat
456 3242 495 3304 ab
511 3261 550 3306 eo
571 3241 850 3306 anathematizata.
867 3239 962 3318 Quot
985 3240 1174 3306 iudicatum
1195 3243 1264 3305 sire
1283 3239 1431 3306 Constitu·

328 3348 397 3405 tum
422 3344 561 3422 primum
583 3344 625 3407 ob
645 3345 759 3408 ocutos
782 3353 940 3425 perpetuo
972 3343 1084 3406 babuit
1113 3342 1266 3424 vigilius,
1300 3341 1380 3406 istud
1401 3343 1430 3399 nt

325 3459 472 3508 normam
496 3455 529 3510 et
548 3455 698 3510 centrum
720 3447 818 3521 totius
838 3461 1008 3526 processus
1030 3445 1207 3519 collocans,
1231 3451 1265 3507 et
1287 3443 1430 3520 discepta-

326 3545 449 3610 tionum
474 3548 646 3610 termiuam
667 3547 699 3608 in
726 3547 787 3609 boe
808 3546 982 3610 novissimo
1004 3543 1188 3609 Constituto
1210 3543 1405 3608 firmandum.

405 3645 566 3724 Secundo,
581 3648 756 3711 notandam
771 3648 803 3709 in
820 3647 882 3710 boc
897 3646 1080 3711 Constituto
1095 3653 1158 3724 est,
1174 3645 1259 3727 qnod
1282 3645 1314 3706 in
1336 3658 1367 3702 a.
1384 3637 1428 3706 ab

323 3747 402 3813 dicit
423 3745 560 3828 Vigiiins
579 3749 620 3812 de
642 3749 741 3812 trium
763 3745 989 3829 capitutornm
1013 3749 1155 3829 patronis
1170 3767 1179 3810 r
1197 3769 1214 3807 r
1232 3743 1372 3822 Quorum
1390 3758 1430 3802 ar·

320 3847 588 3914 nraudiuturrtis
607 3848 799 3930 temporibus
818 3847 1222 3928 numerumnunerum
1240 3860 1352 3926 operto
1367 3861 1430 3922 pru·

322 3948 455 4030 srsrimm
476 3949 656 4028 mosontio,
667 3960 792 4014 nostros
802 3957 830 4012 rt
842 3947 1103 4012 christianissimi
1114 3945 1276 4028 Principis
1286 3943 1429 4008 emnium·

321 4070 381 4131 qur
399 4051 647 4116 melodunensem
666 4050 792 4114 errimus
807 4059 1029 4132 permoverunt
1050 4058 1104 4112 etc.
1122 4068 1139 4106 n
1155 4047 1190 4110 ln
1212 4066 1276 4130 qno
1289 4059 1427 4109 sermons

324 4151 469 4232 ejusdem
489 4152 563 4220 ddei
584 4153 767 4222 adstruitur
779 4160 813 4217 et
833 4151 895 4218 zeti
916 4150 1022 4216 unitas
1043 4149 1126 4215 inter
1148 4145 1333 4214 Pontificem
1353 4151 1384 4210 et
1400 4159 1428 4206 c·

229 2643 240 2658 “
330 2631 657 2712 firmemur.sQuod
690 2633 984 2701 saeuientem
1015 2634 1430 2711 confirmaternaacnu
1505 2660 1506 2683 t
