2994 4938
142 501 235 568 lnitin
250 504 443 586 quaestionis
464 502 504 570 da
526 505 630 569 tribus
644 501 802 584 Cupitnlis
820 509 1021 585 praenotato,
1038 503 1173 584 ejusque

63 607 247 670 auctoribus
267 609 297 668 in
320 609 558 672 baereticorum
580 623 676 686 grege
701 607 893 687 compertis,
917 605 1183 684 investigandum·

63 715 216 784 superest,
238 709 367 786 quaudo
398 709 538 787 primum
559 705 760 770 lastinianus
784 707 941 771 adsersus
962 723 999 769 eu
1021 706 1170 786 Capitula

65 807 224 868 decretum
247 809 345 872 edidit
377 810 484 888 (quod
507 825 583 872 suae
604 810 644 870 ub
665 809 731 871 alio
760 808 1019 888 distinguendum
1044 819 1092 870 est
1112 807 1201 871 sub·

64 906 154 968 titulo
176 906 269 970 ,Fidei
291 909 462 991 Profectio,
475 912 580 974 sarius
603 911 724 989 publici
742 910 826 990 juris
847 910 945 986 lucto)
959 919 993 972 ct
1012 909 1119 989 qnnlis
1140 927 1173 972 e·
1237 925 1240 931 ’

60 1007 180 1087 jusdem
201 1010 323 1074 decreti
344 1021 531 1090 conceptus.
554 1009 600 1074 lle
622 1011 722 1091 buius
741 1012 863 1074 decreti
884 1020 1003 1085 satute,
1024 1013 1173 1091 quamvis

63 1119 144 1172 corta
159 1110 286 1174 definiri
305 1129 369 1176 uon
386 1116 496 1192 possit,
515 1131 589 1178 cum
611 1123 644 1176 et
659 1112 744 1177 istud
767 1114 939 1192 bucusque
957 1111 1181 1189 desideretur,·

64 1218 93 1273 et
112 1212 183 1276 binc
197 1214 298 1294 ipsius
318 1214 490 1279 iustiniani
511 1217 705 1296 subscriptio
719 1225 752 1280 ct
774 1215 969 1278 Consulatus
989 1231 1103 1278 annus:
1126 1223 1175 1278 at·

66 1319 163 1376 tumen
182 1333 205 1376 e
226 1312 334 1395 tttgtnt
354 1315 457 1380 Roma
482 1315 625 1380 discessu
647 1325 684 1381 nt
704 1315 1014 1396 Constantinopolim
1034 1317 1173 1390 reniret,

64 1425 94 1478 at
111 1416 150 1478 ab
166 1417 306 1496 epistole
329 1417 448 1500 Pclcqtl
468 1431 502 1484 ct
521 1419 663 1483 Anatolii
676 1418 725 1482 ad
743 1417 945 1482 Ferrandum
967 1428 998 1482 et
1019 1433 1037 1480 s
1059 1417 1178 1480 litteris

66 1513 203 1580 Puntieni
223 1519 263 1581 ad
278 1518 497 1584 lastinianum
519 1521 559 1584 de
573 1521 685 1584 cadem
707 1537 756 1594 re,
778 1529 841 1582 ets
860 1516 1003 1584 Facundi
1026 1517 1175 1583 testifica·

66 1619 195 1684 tionibus
215 1629 329 1684 contre
344 1622 430 1685 istud
451 1621 661 1686 eminemus
676 1621 856 1695 decretum,
877 1621 975 1684 statui
998 1628 1102 1700 potest
1120 1637 1178 1682 sn·

65 1724 93 1780 ta
110 1735 225 1783 anunm
245 1715 318 1786 544.
341 1722 373 1784 ἰιι
402 1720 549 1786 Ecclesia
579 1721 729 1786 orientali
752 1721 834 1784 banc
863 1737 995 1784 causam
1025 1720 1111 1800 (jum
1134 1719 1177 1782 ab

67 1817 215 1884 Anastasii
229 1831 336 1886 aetate
356 1823 526 1904 inceptamt
544 1841 664 1887 norum
685 1823 822 1886 subiisse
839 1821 1013 1901 impulsum
1027 1837 1045 1886 a
1061 1819 1175 1886 Nesto·

69 1921 102 1981 rii
121 1923 260 1998 asseclis,
284 1934 321 1988 nt
341 1934 453 2003 aperte
474 1925 552 1988 dicit
573 1922 708 2004 vtqtttus
734 1924 765 1986 in
786 1921 969 1988 Constituto
990 1924 1189 1988 norissima.⁴

67 2017 168 2095 Quare
181 2025 221 2087 ab
236 2027 396 2107 episcopis
415 2027 606 2091 orthodoxis
628 2027 716 2090 iltius
732 2025 870 2105 regionis
890 2043 964 2088 cnm
977 2023 1172 2099 lostiniauo,

69 2133 212 2188 crassato
233 2127 431 2205 quaestionis
456 2129 631 2206 praemisso
655 2129 816 2202 exemtus,
838 2126 1046 2201 anathemati,
1068 2135 1106 2190 ut
1129 2125 1177 2188 di·

68 2223 262 2302 ciprinum
280 2228 340 2290 tria
359 2227 508 2306 Capitnla
529 2230 661 2292 subactu
684 2228 830 2303 luerunt,
845 2229 963 2290 tuseru
985 2227 1178 2292 declaratio·

69 2339 114 2399 nc,
135 2327 193 2392 boc
214 2346 279 2393 nou
300 2331 446 2396 obstante
460 2331 676 2405 anathemate,
699 2332 822 2408 integra
845 2328 996 2392 mansisse
1017 2329 1048 2392 ln
1063 2327 1191 2416 Conci-¹

68 2422 107 2486 lio
125 2429 368 2494 chalcedonensi
389 2431 528 2494 delinita.
549 2430 645 2507 Quod
666 2431 1023 2510 matheum-quamvis
1046 2440 1123 2495 tuuc
1142 2437 1176 2496 et

68 2523 171 2592 tunde
190 2531 460 2595 contradictiones
474 2551 517 2595 ex
531 2532 816 2596 contestationibus
833 2533 928 2595 seriis
942 2540 974 2596 et
988 2533 1110 2596 iteratis
1123 2551 1178 2598 co·

69 2629 236 2694 numinibus
256 2633 382 2694 subiret
401 2633 442 2694 ab
462 2632 652 2696 eorumdem
681 2629 909 2713 Cupitulorum
929 2635 1177 2713 propugnatori·
1272 2701 1276 2712 ,

71 2725 141 2808 bns;
162 2733 370 2797 nibilominus
384 2734 415 2796 in
434 2753 493 2798 sua
517 2734 635 2811 iorma,
651 2736 682 2797 in
703 2751 764 2798 suo
784 2751 893 2808 seusa,
918 2735 949 2796 in
972 2752 1031 2798 sua
1046 2735 1177 2815 iotagrls

71 2835 127 2892 tate
146 2836 280 2897 nonsit:
312 2844 344 2896 et
362 2836 443 2915 qniu
464 2835 621 2900 ultimode
640 2833 904 2913 convelleretur,
937 2835 1176 2917 appositoribus

71 2933 174 2996 restitit
195 2943 367 3015 perpetuo.

139 3033 344 3114 uocantem,
361 3039 429 3103 sire
443 3037 549 3119 quoad
568 3038 667 3121 hujus
689 3037 810 3102 decreti
827 3046 964 3119 tempus,
984 3037 1036 3101 sel
1047 3055 1178 3102 sensum

70 3131 170 3212 illios,
200 3139 380 3204 roboratur
410 3141 451 3202 ub
470 3141 607 3221 epistola
630 3141 832 3220 responsoria
854 3139 1011 3204 Ferrsndi
1032 3138 1072 3202 ud
1094 3139 1177 3202 dnus

71 3233 211 3312 dissonos
227 3241 393 3308 Ecclesiae
408 3240 572 3306 Romanus
594 3251 670 3307 tuuc
685 3243 808 3323 legatos
827 3241 1004 3323 pontificios
1018 3241 1105 3323 apud
1117 3240 1178 3305 Ju-

69 3335 241 3418 stiniauum,
264 3345 322 3422 qui
345 3341 511 3408 Ferrando
538 3345 745 3423 scripserant,
769 3353 807 3408 nt
827 3342 1069 3417 sntmcdversts',
1091 3357 1176 3422 quse

73 3435 100 3498 in
118 3435 201 3506 Urbe
218 3445 304 3522 regia
328 3452 447 3507 statuta
470 3444 600 3509 lucrant
614 3445 770 3508 aduersus
793 3446 852 3507 tria
867 3443 1031 3523 Cepitnla,
1046 3443 1177 3507 damna·

69 3536 150 3604 tionis
169 3543 301 3607 decreto
315 3545 565 3626 subscriberent.
590 3543 624 3608 ln
641 3547 704 3610 boc
726 3563 878 3626 responso
892 3545 970 3608 dicit
986 3543 1171 3608 Ferruudus

70 3635 138 3716 iqui
156 3660 238 3708 anno
257 3643 328 3714 545-
348 3663 538 3727 supremum
569 3646 649 3710 obiit
670 3646 794 3720 latum)
825 3665 860 3710 so
884 3646 976 3709 raldo
997 3647 1173 3710 sollicitum

72 3735 159 3805 luisse
178 3745 219 3809 de
239 3747 300 3810 bac
320 3749 507 3826 quaestione
522 3764 628 3828 nuper
646 3757 774 3822 exorta,
796 3754 829 3810 et
844 3747 917 3810 binc
936 3765 1011 3810 sero
1031 3747 1174 3827 scripsis-

70 3839 248 3909 usitidem
278 3848 409 3926 insuper
428 3848 581 3923 ostendit,
610 3866 685 3912 sea
713 3849 830 3911 litteris
851 3848 1063 3912 diaconorum
1093 3848 1173 3910 inri-

71 3947 161 4008 tatum
192 3947 289 4012 inisse
310 3949 349 4012 ad
382 3951 477 4012 trium
499 3947 726 4029 Capitnleruru
758 3949 952 4014 damnationi
974 3948 1177 4012 subscriben-

72 4039 160 4121 dum,
181 4058 273 4112 autea
294 4051 498 4131 subsignatae
516 4069 576 4130 per
595 4050 769 4116 Iustiniani
791 4051 931 4116 edictum
957 4051 998 4113 ab
1019 4050 1175 4130 episcopis

71 4145 280 4214 orientalibus.
299 4151 441 4233 ideoque
454 4171 497 4216 ex
518 4153 580 4216 boc
602 4153 796 4227 testimonio,
810 4153 850 4214 de
871 4171 938 4234 quo
960 4153 1093 4216 interius
1108 4147 1177 4213 lou·

73 4239 135 4320 sin
155 4245 381 4331 disputabitur,
397 4252 696 4333 comprehenditur,
720 4253 798 4334 quid
816 4253 884 4334 jem
905 4254 1090 4319 consultura
1106 4252 1176 4316 lne-
