3042 4940
86 497 141 572 rio,
161 493 256 576 magls
277 512 373 576 quem
396 497 442 559 rei
467 493 605 568 raritati,
629 497 661 556 et
682 490 713 554 id
734 491 765 554 iu
785 490 906 574 Synott
927 487 1188 556 chalcedonensis

84 595 319 676 praejudicinm.
341 595 561 676 Quapropter,
583 613 658 658 curn
682 601 744 657 tam
766 601 878 675 operte
900 591 995 656 ambo
1016 592 1190 671 scriptores

87 704 216 776 pngncut
237 698 268 759 in
288 696 501 760 definitionem
516 695 635 780 Synodi
651 695 878 758 oecumenicae
899 695 1041 774 quintae,
1058 693 1138 756 adeo
1153 699 1191 756 nt

84 798 213 860 audeant
241 798 432 874 haereticos,
452 807 511 860 unt
529 794 642 861 saltem
665 796 834 860 haereseos
856 795 1001 859 lautores
1022 795 1188 876 episcopus

83 898 250 961 catholicos
280 899 379 979 buius
401 900 448 962 rei
475 899 600 981 iudices
629 899 858 977 pronunciare,
887 897 1062 961 admodum
1092 901 1188 958 cante

80 1003 165 1077 puto,
181 1016 217 1061 en
232 1002 338 1062 omnia
360 1000 453 1063 abiis
474 1001 666 1080 acceptanda
689 1018 770 1075 esse,
787 1017 873 1079 quae
894 998 933 1062 de
954 999 1014 1062 bac
1030 997 1191 1079 quaestin-

81 1115 117 1160 ue
136 1101 333 1180 scripserunt
354 1106 386 1163 et
406 1102 597 1182 pracsertim
627 1101 730 1164 relate
751 1100 789 1162 ud
813 1099 999 1180 origenem,
1022 1099 1117 1179 cujus
1137 1115 1193 1178 pa·

80 1206 181 1262 tronus
202 1207 404 1278 agnoverunt
424 1217 500 1264 suos
521 1201 736 1277 adversarios,
759 1200 841 1262 idest
860 1200 1076 1278 orthodoxos3
1099 1196 1191 1278 quasi

81 1300 172 1363 trium
202 1299 429 1382 Capitulorum
460 1310 712 1382 expugnatores,
743 1301 890 1380 Origeuis
913 1308 1019 1364 errata
1048 1299 1193 1361 admisis-

81 1409 157 1479 sent,
174 1419 279 1484 eaque
299 1401 397 1466 simul
418 1403 628 1466 vindicassent
636 1423 649 1483 ;
664 1402 751 1483 quod
773 1403 804 1465 in
821 1401 970 1466 omuibus
985 1401 1191 1464 falsissimum

77 1507 129 1565 est.

149 1602 310 1678 Secundo,
326 1604 504 1668 nullimode
520 1603 768 1683 acceptandum,
783 1601 870 1685 quod
886 1599 1056 1664 Liberatus
1077 1606 1109 1663 et
1130 1598 1192 1662 Fa·

77 1702 194 1766 cnndns
214 1703 373 1766 adversus
397 1703 606 1767 Theodorum
639 1701 815 1766 Caesareae
835 1709 995 1778 statuunt,
1017 1701 1109 1782 quasi
1130 1702 1191 1764 isle

75 1799 215 1882 Origeuis
242 1803 395 1867 detonsae
410 1805 612 1880 reprobasset
626 1787 886 1885 mopsuestenum
903 1801 1120 1884 Episcopum3
1134 1801 1191 1883 qni

76 1911 181 1966 eontra
203 1903 378 1984 Origenem
412 1905 514 1969 multa
542 1905 699 1985 opuscula
728 1905 866 1985 scripsit.
889 1903 944 1968 dit
965 1902 1137 1968 Facundus
1157 1903 1192 1965 in

75 1999 166 2066 tiore
196 2002 257 2068 lll.
279 2022 306 2068 c.
328 2003 609 2070 liru'llreodorus
641 2015 886 2085 mopsuestenus
916 2005 1044 2083 scripsit
1074 2008 1191 2068 contre
1293 2087 1296 2092 ,

74 2099 240 2184 Origeueru
264 2105 295 2166 in
316 2103 414 2168 Libro
429 2103 473 2168 De
494 2103 657 2185 Altegorio
678 2112 707 2167 et
726 2103 914 2167 Historia.»
935 2102 1088 2169 Ceterum
1117 2103 1191 2183 quis

76 2205 207 2282 ignoret,
230 2221 330 2286 qnam
353 2205 473 2286 optime
503 2203 660 2284 Origenes
681 2203 713 2266 in
735 2203 978 2267 Commentariis
1003 2199 1190 2268 aratrorum

73 2303 258 2369 historicum
279 2323 407 2367 sensum
429 2305 619 2386 complexus
639 2305 691 2378 sit,
709 2304 764 2367 nbi
785 2312 818 2367 et
833 2313 927 2384 aptus
949 2304 1136 2380 baberetur,
1153 2305 1188 2366 cl

75 2423 133 2469 uua
153 2406 346 2486 allegoriam
368 2413 507 2470 sectatus
530 2423 631 2486 prope
653 2407 860 2484 apostolicam
884 2414 918 2471 et
939 2405 1187 2470 ecclesiasticam

14 2519 19 2529 ·
78 2503 368 2572 consuetudinem?
383 2503 426 2570 Et
441 2507 512 2586 quis
534 2510 653 2570 nesciat
674 2523 771 2586 qnam
793 2507 945 2572 concinne
965 2505 1121 2586 Origenes
1141 2504 1190 2566 nl·

75 2604 253 2686 legorieum
275 2625 403 2670 sensum
426 2607 586 2687 aptaverit
605 2604 738 2670 Cantico
759 2604 979 2684 Canticornm,
996 2607 1077 2668 adeo
1098 2612 1135 2668 nt
1155 2607 1189 2667 el

73 2724 96 2768 a.
111 2706 330 2792 Hieronymus
343 2709 404 2771 lroc
418 2706 692 2771 Commentariun
708 2707 854 2783 miratus,
877 2712 1010 2782 asserat,
1030 2705 1190 2768 Adaman-

75 2807 149 2870 tiunr
170 2811 314 2888 seipsum
339 2809 450 2872 vicisse
465 2811 495 2871 in
517 2809 578 2873 boc
599 2807 725 2888 opere?
744 2808 787 2872 Et
807 2811 879 2888 quis
900 2812 1026 2888 ignoret
1048 2813 1187 2872 tantum·

74 2906 152 2987 dem,
173 2905 387 2973 Theodorum
419 2917 678 2988 mopsuestenum
701 2910 731 2972 iu
760 2910 843 2973 idem
865 2906 1035 2974 Canticum
1066 2908 1189 2971 trustra

75 3009 306 3088 elaborantem,
322 3010 360 3073 ed
381 3011 535 3086 litteram,
558 3026 643 3090 quae
663 3009 792 3087 occidit,
807 3011 875 3074 sire
889 3010 927 3073 sd
943 3007 1090 3074 carnales
1110 3024 1186 3071 cnu-

73 3112 284 3190 cupiscentias
309 3111 444 3174 traxisse
471 3111 568 3191 hujus
591 3108 787 3190 Scripturas.
800 3125 928 3174 sensum
935 3131 947 3190 3
971 3117 1004 3174 et
1027 3108 1188 3188 ideojprc

72 3209 110 3272 ab
129 3209 279 3276 Ecclesia
302 3208 543 3292 reprobatum?

146 3309 276 3388 Tertio,
299 3329 339 3374 cr
362 3313 411 3375 his
432 3311 631 3388 testimoniis,
647 3308 734 3394 qnod
756 3309 928 3373 admodum
946 3327 964 3373 a
982 3309 1070 3373 nobis
1089 3323 1189 3389 quae·
1264 3293 1272 3312 ’

43 3425 46 3432 “
73 3413 166 3495 ritnr,
188 3415 362 3497 praeclare
383 3414 566 3492 deducitur,
588 3433 719 3478 causam
741 3413 955 3494 origenianam
978 3411 1189 3498 praecessisse

72 3518 250 3595 quaestioni
272 3515 312 3579 de
334 3513 436 3580 tribus
456 3513 623 3596 Capitulis.
639 3513 721 3581 Cum
743 3516 826 3577 cuim
849 3511 1022 3576 liacnudus
1042 3519 1076 3574 et
1095 3508 1188 3572 Libe·

72 3624 160 3682 ratem
185 3621 334 3682 csscmnt
349 3616 390 3679 ob
411 3617 559 3680 iteratam
582 3633 641 3696 per
660 3614 878 3680 lastinianum
893 3610 1043 3694 Origenis
1057 3610 1188 3673 damus·

73 3719 204 3796 tionem,
228 3718 365 3780 alteram
391 3727 539 3781 exortem
562 3735 630 3780 esse
651 3715 887 3804 contentionem
909 3711 948 3776 de
970 3713 1074 3776 tribus
1095 3710 1187 3790 Capi·

3 3843 4 3848 ¹
74 3818 158 3894 tulis,
184 3820 318 3883 omniuo
347 3820 570 3898 praetermissa
600 3816 748 3897 Origenis
773 3817 972 3894 quaestione,
999 3813 1185 3885 deducitur,

72 3913 237 3997 Spoodum
253 3918 492 3982 oecumenicam
508 3914 547 3978 V.
563 3915 603 3979 de
617 3917 746 3993 ultima,
762 3916 844 3978 idest
858 3915 897 3977 de
912 3915 1015 3977 tribus
1029 3911 1188 3992 Capitulis

72 4018 296 4080 tantummodo
315 4017 486 4082 sollicitem
510 4026 587 4083 tuuc
609 4016 719 4090 luisse,
737 4016 858 4078 variam
879 4032 954 4077 sane
977 4013 1187 4094 praeferenti·

72 4113 130 4178 bus
150 4117 312 4197 dogmatis
343 4118 478 4182 termam
501 4119 611 4194 abiis,
634 4120 689 4199 qui
710 4117 842 4196 Origeni
865 4125 897 4179 et
927 4113 1107 4195 origenistis
1128 4113 1187 4174 im·
1286 4179 1291 4193 ,

71 4218 271 4296 putabantur
293 4237 436 4298 errores,
458 4237 517 4284 nec
537 4219 609 4284 ideo
631 4215 887 4284 contundendam
916 4233 991 4282 cum
1015 4229 1187 4296 ergnmen·
