2982 4934
339 441 508 525 (isidorus)
529 443 726 526 appellatur,
747 443 962 528 improbitatis
982 451 1080 528 etque
1100 446 1351 528 importunitatis
1370 463 1435 512 susc

336 546 429 611 reiut
449 545 731 629 propugnaculum
752 554 876 612 nactus.
895 547 939 614 tit
953 546 1086 612 liarldis
1105 549 1221 614 domus
1241 555 1346 614 tamen
1360 549 1435 614 ines·

336 646 447 713 lesciis
469 646 586 712 domus
605 653 715 712 antem
745 646 873 728 Sentis,
895 657 934 714 nt
953 649 1059 714 cernis
1090 647 1280 715 debilitatur
1287 669 1300 730 3
1323 649 1435 713 unctui

336 749 390 813 vir
409 747 477 827 lile,
498 749 757 831 superstantiae
779 758 968 840 tempestate
982 751 1022 815 ad
1044 751 1218 816 coelestem
1231 749 1435 832 tranquillita

338 855 404 914 tent
425 847 726 928 sternumentis
754 849 802 914 his
824 858 861 915 nt
880 859 1037 932 apparet,
1068 867 1130 916 non
1150 852 1259 916 solnm
1279 847 1436 932 Theophili

335 949 481 1032 praritss
502 949 660 1016 adsersus
674 945 944 1034 chrysostomum
966 952 1206 1030 mauiiestatnr,
1221 951 1253 1015 in
1266 952 1364 1034 cnjus
1375 967 1437 1031 pro·

336 1067 431 1116 cessit
450 1050 585 1132 oblique
605 1049 646 1115 de
664 1049 817 1133 Oripcnis
836 1054 929 1118 libris
949 1051 1128 1134 agebatnrs
1149 1053 1205 1118 sed
1226 1056 1259 1116 et
1278 1050 1362 1116 lllnd
1382 1058 1438 1114 tar·

336 1153 432 1235 uehat
453 1153 632 1231 Peinsiuia,
647 1154 736 1236 quod
758 1155 858 1236 paulo
878 1163 952 1219 ante
964 1156 1074 1237 inique
1094 1154 1136 1218 ab
1155 1141 1269 1218 codem
1290 1149 1436 1234 Theophi-

334 1255 370 1320 io
390 1257 422 1319 in
438 1254 586 1336 Origenis
602 1255 702 1336 ipsius
723 1273 821 1320 causa
843 1256 1045 1336 apertissime
1058 1263 1167 1320 actnm
1186 1261 1234 1321 est
1247 1261 1361 1319 contra
1381 1269 1436 1314 mc-

335 1357 456 1423 nschos
476 1356 644 1420 nitrienses
659 1357 704 1435 (in
726 1358 844 1438 quihus
866 1355 1011 1423 isidorus
1033 1357 1211 1420 monachus
1231 1355 1319 1420 aiter
1336 1353 1437 1418 sancti

335 1464 403 1522 tate
417 1462 451 1522 et
469 1457 616 1522 doctrina
630 1458 810 1532 eminebat)
826 1476 901 1524 cnm
923 1457 1120 1523 anathemuti
1133 1456 1284 1538 origenis
1305 1465 1340 1522 et
1351 1454 1435 1518 libro

336 1573 411 1623 rum
431 1575 569 1623 suorum
589 1558 795 1623 subscribere
816 1559 995 1642 renuerint,

416 1659 494 1725 Post
514 1653 597 1726 haec
614 1660 758 1743 judicem
790 1677 1030 1743 quemcumque
1050 1660 1201 1742 sppello,
1224 1665 1285 1738 ut,
1308 1657 1385 1740 qnid
1405 1654 1436 1718 ds

335 1757 517 1842 Theophilo
536 1761 744 1826 statuentium
765 1761 818 1836 sit,
840 1761 1003 1826 decernat.
1034 1759 1138 1844 Cujus
1157 1767 1245 1843 peste
1267 1761 1300 1826 in
1321 1757 1435 1844 Synuitt

334 1861 544 1927 slexsndriua
558 1879 596 1927 ac
610 1862 772 1942 deinceps,
793 1862 879 1926 hand
901 1863 1114 1944 dogmaticam
1136 1861 1434 1945 disputaticnemrc·

337 1963 500 2043 relabrut,
522 1971 571 2028 ast
585 1964 857 2030 luctuosissimam
880 1965 1077 2046 tragoediam
1088 1985 1101 2044 3
1123 1964 1178 2028 nbi
1193 1964 1291 2026 aliter
1311 1962 1432 2042 penitus,

336 2082 434 2148 qusm
449 2065 647 2147 apostolicae
658 2065 854 2130 mandarunt
866 2064 1121 2140 constitutiones,
1138 2071 1247 2128 actum
1259 2070 1319 2128 est.
1336 2061 1370 2125 ln
1382 2073 1433 2140 pur

335 2167 440 2230 instar
457 2174 641 2231 castrorum
662 2165 883 2243 militantium,
905 2165 1115 2247 digladiantes
1135 2161 1339 2244 Theophilus
1357 2177 1433 2226 snae

335 2284 401 2349 qne
421 2265 568 2332 iectionis
583 2266 658 2345 siri,
674 2273 786 2331 contra
808 2268 995 2344 monachos,
1013 2269 1237 2345 innocuosque
1256 2265 1347 2328 viros
1364 2264 1434 2327 irru-

334 2375 467 2448 perunt,
488 2385 552 2434 non
572 2367 605 2432 iu
625 2367 791 2451 opiniones
810 2367 864 2433 sed
887 2370 918 2432 in
940 2383 1093 2450 personas
1113 2384 1229 2432 eorum
1251 2365 1432 2430 dimicantes.

334 2466 377 2534 tit
390 2471 423 2535 ln
444 2470 505 2533 bac
523 2485 562 2534 ru
575 2467 632 2534 uhi
652 2475 831 2534 conventus
851 2468 1078 2549 episcoporum
1099 2461 1282 2550 pacificus?
1298 2462 1360 2531 tint
1378 2477 1433 2527 na·

333 2577 391 2637 tna
412 2570 603 2636 contestatio
623 2569 656 2634 iu
677 2569 864 2651 hujusmodi
884 2568 1147 2650 quaestiouibus,
1178 2569 1296 2632 animis
1317 2565 1432 2649 pacatis,
1484 2569 1485 2582 ¹

333 2668 624 2753 peregendislUbi
645 2685 753 2736 sermo
768 2667 827 2735 liet
846 2665 1036 2734 suasibilis?
1053 2665 1115 2734 Ubi
1127 2666 1329 2733 dominicum
1348 2662 1433 2730 cbtri·

335 2772 409 2836 tatis
431 2771 647 2839 mandatum?

415 2871 571 2940 Similiter
590 2891 651 2954 per
669 2871 890 2962 haecomnia,
911 2887 996 2954 qnae
1015 2871 1131 2937 scdulo
1151 2871 1326 2954 bucusque
1344 2887 1383 2936 ex
1400 2871 1433 2931 is·

334 2971 493 3037 stimoniis
524 2974 754 3054 episcoporum
784 2982 817 3036 ct
846 2980 1034 3037 sanctornm
1055 2973 1226 3050 virorum,
1252 2979 1287 3036 et
1307 2983 1433 3054 ponerer

336 3072 394 3136 tint
411 3089 453 3136 ex
467 3069 640 3138 innocentii
654 3071 759 3154 Papae
769 3073 895 3156 judicio
911 3079 1147 3153 perscrutatus,
1161 3075 1262 3138 staini
1278 3073 1363 3136 cirea
1375 3085 1433 3152 pro·
1482 3103 1483 3150 3

335 3191 463 3240 meum
484 3172 641 3241 adsersus
660 3173 810 3257 Oripcnis
838 3176 982 3256 scripta,
1000 3176 1178 3239 monachos
1200 3177 1387 3250 nitrienses,
1403 3185 1433 3231 ti

336 3273 452 3341 deinde
481 3282 595 3342 contre
623 3275 905 3359 chrysostomum,
937 3293 1001 3341 non
1022 3283 1147 3341 tantum
1177 3275 1388 3340 abuudantius
1407 3273 1431 3332 ci

336 3376 510 3461 Theophili
529 3378 718 3460 improbitas
732 3386 766 3444 et
779 3378 976 3461 iniquissima
998 3379 1098 3459 ipsius
1119 3379 1277 3444 aduersus
1291 3377 1431 3444 lossnea

335 3483 424 3561 gnta
445 3478 667 3561 innotescunt3
695 3479 752 3546 sed
780 3485 813 3546 cl
839 3479 914 3544 ideo
934 3476 1125 3563 lliernnymi
1146 3479 1308 3561 probatur
1327 3474 1429 3547 illudi·

282 3599 289 3628 ν
335 3595 402 3661 qne
414 3579 484 3661 ipse
503 3581 563 3646 etsi
583 3582 696 3647 nolens
714 3579 800 3646 edici
820 3596 932 3662 passus
947 3578 1201 3661 est,·Theopbiti
1223 3585 1332 3663 portes
1350 3575 1432 3644 susci

335 3681 438 3763 piens,
460 3688 494 3746 et
512 3680 793 3767 chrysostomum,
810 3682 1051 3764 mourcbosque
1064 3682 1280 3747 condemnuus
1294 3681 1428 3746 innocens

337 3781 531 3846 omnimode.
546 3781 766 3863 Quapropter,
782 3782 885 3848 sicubi
906 3799 957 3859 ea,
972 3783 1005 3846 in
1025 3782 1144 3864 quibus
1163 3779 1361 3863 Theophilus
1379 3791 1430 3842 ntr

335 3881 447 3948 nachis
466 3887 578 3948 nocuit
599 3890 631 3947 et
651 3881 790 3961 loanni,
814 3891 945 3966 praeter
962 3884 1018 3968 y'us
1040 3889 1112 3949 ncta
1133 3883 1233 3949 luisse
1253 3883 1431 3948 tenemur

339 3985 408 4060 tur,
431 3983 642 4064 consequitur
654 3990 686 4048 et
699 3981 888 4068 Hieronymi
909 3987 1149 4061 anctoritatem,
1172 3984 1229 4065 qni
1250 3984 1282 4048 in
1303 3981 1393 4048 Libro
1409 3975 1428 4038 i·

338 4083 494 4150 adsersus
525 4084 692 4150 linidnnm
713 4103 744 4150 n.
765 4082 815 4152 15.
846 4085 893 4150 ait
911 4105 946 4151 so
967 4087 1107 4168 primum
1129 4105 1147 4150 a
1169 4083 1348 4168 Theophiio
1365 4076 1428 4147 didi·

338 4187 419 4253 cisse
438 4187 587 4268 origenis
608 4187 801 4271 impietates,
823 4187 945 4256 nuliius
959 4189 1031 4255 tisri
1052 4187 1214 4254 momenti.
