2994 4938
329 371 370 442 at

329 480 416 563 quud
440 487 575 562 propter
595 482 743 562 eorporis
764 478 1005 561 infirmitatem,
1027 499 1091 548 uon
1112 483 1256 563 potuerit
1274 481 1425 562 episeopu-

326 599 400 646 rum
418 582 561 662 petitioni
583 584 801 666 respondere;
816 603 855 650 se
869 587 900 650 iu
914 593 1042 669 postero
1057 586 1109 650 (lie
1130 586 1294 666 pollicitus
1313 583 1353 648 sit
1370 599 1426 647 ms·

325 685 480 749 uiiestsro
500 687 586 766 quod
610 688 640 752 ei
660 689 846 770 placuerit:
876 690 1019 770 itemque
1044 687 1131 769 qnod
1153 688 1185 750 in
1205 683 1345 750 secunda
1365 683 1426 758 tie,

324 787 382 852 ubi
403 798 473 853 aeta
496 791 676 857 recitantur
697 789 881 858 aPstribns
903 793 965 858 diei
987 790 1218 876 praecedentis,
1240 787 1358 853 subrisi
1375 801 1427 848 non

324 911 419 975 posse
439 893 569 979 synodo
588 896 730 973 austere,
753 915 794 962 eu
815 897 903 978 quod
926 897 1058 977 plurimi
1079 895 1121 958 ibi
1143 901 1248 959 esseut
1269 890 1428 957 orientales

325 996 479 1078 episeopi‚
500 997 597 1078 pauci
613 1015 693 1062 reru
713 1015 788 1063 oum
810 1017 850 1064 eo
871 999 978 1080 (quae
998 1000 1083 1063 iuter
1102 1017 1136 1062 se
1151 1003 1297 1078 pugnant
1316 1001 1348 1058 et
1366 1007 1428 1056 rum

327 1095 368 1160 lis
388 1113 474 1178 quoe
503 1098 700 1164 innovantur
720 1101 752 1162 in
784 1097 853 1165 vll.
875 1109 908 1164 et
929 1097 1018 1165 vlit.
1049 1097 1231 1164 Collatinus
1251 1098 1339 1162 eirea
1356 1089 1431 1174 vtp-

323 1196 361 1261 lli
384 1198 586 1280 sponsionem
609 1219 650 1266 ex
671 1220 706 1266 se
727 1203 914 1283 prolerendi
935 1201 1125 1268 senientiam
1148 1201 1189 1264 tle
1209 1199 1295 1263 nutis
1315 1195 1431 1277 Capito·

281 1297 283 1318 '
324 1299 377 1377 lis)
393 1300 473 1364 haee
494 1317 569 1365 oum
592 1301 728 1384 reliquis
751 1304 854 1368 eidem
876 1305 1033 1386 impositis
1053 1299 1383 1384 tergiversationibus,
1395 1299 1431 1360 iu·

325 1401 583 1482 terpolstoribus
603 1402 812 1468 adserllteurla
832 1412 919 1484 sunt,
934 1411 968 1469 et
989 1404 1120 1486 quidem
1140 1419 1177 1466 ea
1199 1397 1350 1483 Gepitula
1369 1415 1431 1479 pro·

325 1504 554 1584 pugnantibus,
577 1503 618 1568 tle
638 1506 757 1586 quibus
777 1505 873 1570 inira.

407 1601 618 1686 Quapropter
644 1613 760 1672 uolatu
774 1623 850 1672 sane
864 1606 996 1689 dignum
1011 1613 1074 1685 est,
1088 1603 1176 1687 quun
1198 1603 1378 1668 suecessire
1394 1599 1432 1662 ll·

326 1706 467 1770 seutilur
486 1707 518 1769 in
539 1704 777 1772 Collationibus
810 1703 866 1771 lV.
890 1718 921 1773 et
942 1706 982 1772 V.
1005 1711 1091 1772 circa
1113 1704 1278 1771 Theodori
1302 1719 1432 1783 mopsus·

325 1807 406 1870 sioni
426 1806 529 1871 libros
542 1815 576 1872 et
596 1825 785 1888 personam,
808 1806 884 1874 llsae
902 1805 1090 1890 Epistulam,
1106 1817 1139 1873 ei
1152 1803 1351 1874 Theodoreii
1363 1801 1433 1869 Seri-

326 1917 394 1986 pta‚
410 1908 508 1984 uuile,
524 1907 564 1973 tle
580 1911 628 1975 isis
652 1917 807 1978 accurato
825 1912 972 1976 instituio
993 1911 1154 1986 examine,
1169 1906 1333 1975 rationale
1346 1913 1376 1970 et
1391 1903 1433 1986 ju·

327 2007 467 2072 riuieum
487 2017 641 2091 exortum
662 2018 712 2075 est
733 2013 832 2076 trium
853 2011 1081 2090 Capitulorum
1104 2012 1289 2074 anathema.
1305 2007 1383 2073 Cum
1401 2019 1430 2066 ea

325 2117 435 2176 autem
450 2101 694 2190 quaerebantur
708 2131 726 2176 a
741 2111 885 2198 synodo,
899 2113 941 2176 lta
959 2113 1101 2177 iraditnr
1114 2113 1145 2176 io
1167 2109 1352 2175 Collatioue
1364 2103 1431 2170 Vll:

327 2210 585 2287 «Constantinus
608 2212 857 2294 gloriosissimus
879 2221 1034 2294 quaestor
1052 2213 1137 2277 seori
1158 2209 1284 2292 palatii,
1301 2210 1432 2274 missusr

324 2315 468 2393 piissimo
489 2313 716 2393 Imperatore,
739 2322 772 2379 el
792 2317 955 2396 ingressus
974 2315 1018 2378 iia
1051 2313 1144 2378 uixit
1168 2311 1306 2376 Certum
1328 2319 1372 2375 est
1390 2325 1433 2370 ve·

324 2421 414 2480 strae
435 2415 625 2482 beatitudini
645 2424 803 2497 quantum
825 2434 955 2498 semper
978 2415 1122 2480 studium
1144 2413 1371 2478 invictissimus
1388 2409 1434 2472 la·

325 2513 396 2581 buit
417 2513 622 2595 imperator,
643 2525 682 2581 ut
713 2516 807 2582 finem
830 2517 992 2582 eontentio
1012 2535 1031 2581 a
1053 2513 1247 2598 quibusdam
1268 2507 1432 2577 exortans

328 2617 432 2682 tribus
454 2617 623 2699 Capitulis,
646 2635 730 2700 qnae
751 2637 837 2684 nune
861 2618 947 2701 apud
975 2639 1032 2682 ros
1054 2618 1285 2698 requiruntur,
1307 2611 1433 2690 suscipe·

323 2723 390 2794 ret,
413 2725 446 2782 el
466 2718 627 2783 calumnia
649 2737 709 2800 pro
725 2721 773 2784 liis
793 2721 883 2784 iliata
906 2721 1105 2784 liberaretur
1125 2723 1234 2784 saueie
1253 2714 1314 2780 Dei
1335 2711 1432 2778 Euole-

324 2818 392 2882 sla:
416 2828 655 2902 nonunquam
679 2821 828 2900 ignoraus
850 2822 882 2884 iu
903 2819 1107 2900 dogmatibus
1132 2824 1261 2881 restrae
1282 2809 1432 2878 rectitudi-

324 2937 396 2984 nem
423 2922 612 2999 sanetitatis,
627 2928 662 2987 et
682 2921 895 3000 uoluntatem,
913 2939 1011 3004 quam
1027 2922 1067 2984 de
1082 2920 1143 2996 his,
1161 2934 1247 3000 quse
1260 2918 1431 2980 morentur,

326 3021 477 3101 habetis3
498 3023 552 3087 sed
576 3024 730 3088 atellam
763 3024 915 3105 synodice
938 3024 978 3087 de
999 3021 1048 3086 liis
1071 3020 1174 3085 lrilsus
1194 3015 1354 3098 Capitulis
1371 3009 1433 3076 iei-

325 3122 404 3186 nltio
425 3123 652 3189 constituatur.
673 3118 829 3202 vigilium
853 3139 932 3186 roro
956 3121 1231 3202 religiosissimum
1255 3116 1432 3180 adhortatus

325 3226 374 3286 est
394 3237 456 3285 uua
480 3221 646 3287 rubianum
667 3223 862 3296 convenire,
886 3229 919 3286 ei
939 3223 1075 3285 istorum
1097 3216 1328 3299 capitulorum
1349 3228 1432 3295 quse·

325 3321 419 3385 stioni
439 3330 546 3386 rectae
561 3321 634 3387 ulei
649 3321 890 3387 convenientem
909 3323 1003 3388 linem
1019 3323 1197 3402 imponere.
1213 3318 1365 3382 illerum
1377 3329 1433 3377 sae·

327 3425 398 3504 pius
420 3424 451 3486 in
471 3425 643 3505 seripturis
670 3441 763 3488 susm
785 3424 1002 3488 manilestavlt
1027 3423 1217 3486 senientiam
1237 3436 1277 3483 ae
1300 3417 1433 3482 rolonia-

327 3529 403 3600 tem,
421 3524 633 3588 condemnans
648 3522 812 3605 praediola
834 3526 895 3588 tria
912 3523 1085 3606 Capitula;
1106 3520 1308 3603 quodetiam
1328 3525 1362 3582 et
1376 3515 1431 3579 siue

324 3625 450 3704 seriptis
469 3628 599 3706 saepius
619 3624 705 3690 dixit
736 3644 846 3691 eoram
876 3628 1019 3708 piissimo
1040 3625 1192 3701 domiuo,
1224 3616 1431 3703 praesentium

326 3722 456 3802 quidem
472 3723 707 3804 gloriosissimis
723 3725 896 3805 iudicibus,
913 3725 1134 3807 praesentibus
1151 3739 1230 3787 reru
1242 3715 1431 3801 quampluri·

326 3825 384 3887 mis
404 3824 445 3889 de
460 3833 567 3890 restra
587 3834 694 3888 saneta
722 3825 863 3908 Synodu.
886 3825 927 3890 Et
949 3845 1011 3890 non
1032 3825 1203 3890 intermisit
1223 3837 1351 3903 semper
1368 3832 1431 3882 uua·

327 3925 535 3991 thematirans
556 3927 740 3992 deiensores
763 3925 925 3994 Theodori
954 3927 1184 4010 mopsuesteni,
1199 3937 1232 3992 el
1252 3921 1430 4007 Epistulam

325 4045 411 4108 quae
432 4028 553 4092 dieitur
571 4027 660 4104 ibae,
683 4037 716 4092 el
738 4029 927 4112 Conseriplu
948 4029 1162 4106 Theodorou,
1184 4045 1270 4112 quse
1290 4025 1431 4090 adventu

325 4135 446 4194 reulum
468 4129 562 4193 fldem
592 4135 625 4192 ei
646 4129 818 4196 duodeuim
840 4130 991 4212 Capitula
1019 4131 1120 4196 saneti
1143 4129 1259 4214 cyrilli
1280 4119 1428 4206 exposuil·

326 4224 548 4296 Communiier
563 4245 640 4296 veru
661 4231 835 4299 eonvenite
848 4231 1015 4308 invitatus,
1029 4239 1061 4296 ei
1083 4231 1145 4298 hoe
1165 4229 1273 4297 iuuere
1287 4242 1350 4294 una
1363 4233 1427 4288 suu
