3048 4946
161 485 203 551 ttt
216 487 293 567 qnid
309 495 349 553 eo
362 489 576 566 luculentius,
590 488 679 571 unm
702 489 744 554 lii
758 488 869 554 subdit
883 488 1056 556 Facundus
1074 383 1188 554 aaa?

82 586 179 668 plin?
198 591 256 671 qui
276 589 317 652 ab
338 590 482 670 ingressu
503 602 564 655 sno
585 590 804 656 intinitatem
827 591 947 672 regiam
964 611 1066 674 usquc
1085 591 1127 654 ud
1148 611 1184 654 o·

80 687 191 765 bitum,
212 707 247 754 se
266 691 371 771 ipsum
390 687 595 771 pertinociter
616 693 717 755 trium
738 689 964 770 Capitulorum
985 701 1186 774 expugnato·

81 792 166 854 ribus
186 793 385 873 aggregavit,
402 795 484 858 sotis
507 794 657 870 tenendo,
680 800 716 858 nt
730 793 797 873 ipse
818 793 976 856 insaniens
994 793 1086 871 dicit,
1109 795 1186 858 urea

81 894 268 967 rutinorum,
284 893 357 958 idoo
372 894 513 973 amplius
528 891 674 975 eiusdem
692 890 799 974 vigilii
813 897 846 955 ot
862 889 982 972 Pelagii
1003 897 1122 975 scripta
1144 897 1189 962 ci·

82 999 159 1066 taus,
182 993 237 1056 ubi
260 992 323 1056 huc
342 992 545 1058 solidabatur
564 993 763 1060 anathemo?
794 994 920 1072 Nuaue,
941 999 970 1060 st
990 997 1186 1078 quaudoque

80 1091 253 1156 dormitans
276 1090 424 1174 vigilius,
446 1113 532 1176 quae
551 1103 645 1160 autea
666 1094 866 1175 demoveret,
890 1104 1107 1173 telmessum,
1130 1097 1185 1162 de·

81 1192 259 1261 tentandos
272 1197 415 1260 sociatas
434 1197 568 1260 iliorum
591 1196 832 1278 capitulorum,
847 1202 900 1264 nti
919 1201 952 1264 in
972 1200 1078 1263 uitatis
1101 1199 1187 1262 tosti·

80 1295 187 1360 moniis
208 1299 441 1377 praesumitur,
462 1315 567 1364 noune
588 1300 684 1380 pleno
705 1305 776 1376 ute,
795 1300 1008 1380 manibusque
1028 1300 1185 1381 ptuudma

81 1392 261 1471 Facundus,
283 1397 482 1464 catholicum
502 1398 542 1463 de
563 1401 625 1466 huo
648 1398 754 1482 vigilii
776 1402 937 1484 palinodia
958 1401 1115 1482 replesset
1133 1419 1187 1465 or·

85 1636 87 1640 -
157 1597 229 1664 floc
251 1598 336 1664 idern
359 1597 399 1664 do
422 1596 552 1666 Victore
576 1601 757 1680 putandum
777 1611 840 1680 est,
867 1605 925 1684 qni
946 1604 978 1670 iu
1009 1603 1184 1682 Chronico,

81 1701 350 1792 quemadmodum
366 1701 449 1766 inira
472 1703 610 1778 dicetur,
630 1715 795 1784 pastorum
815 1707 933 1770 sariam
949 1706 1133 1771 describens
1153 1707 1186 1771 iu

81 1803 173 1867 trium
195 1803 424 1883 Capitulorum
454 1823 552 1870 ceusu
573 1806 613 1870 ab
635 1825 717 1872 anuo
738 1817 951 1889 quartu-post
970 1806 1185 1872 Consulatum

82 1902 186 1970 Basilii
206 1922 314 1986 nsque
334 1905 373 1968 ad
394 1924 517 1971 aunum
536 1907 697 1974 decimum
719 1911 868 1985 tertium,
892 1909 923 1972 ln
944 1927 1011 1991 quo
1031 1909 1104 1974 ideo
1126 1908 1184 1994 Sp·

83 2005 446 2088 monstruosoque
468 2015 614 2086 est,·uon
636 2017 758 2073 tantum
781 2019 871 2074 notat
890 2007 996 2091 vigilii
1018 2009 1186 2076 decretum

82 2109 219 2188 praelata
239 2107 390 2190 Capitale
405 2111 714 2186 anathematizantis,
731 2112 888 2193 quodque
903 2110 986 2191 Papa
1009 2112 1111 2176 tenuit
1133 2111 1188 2176 dr·

82 2212 245 2290 movitque
268 2209 299 2272 in
315 2207 444 2291 Synudu
464 2213 684 2276 oecumenica:
703 2224 816 2276 aarum
838 2221 870 2277 et
891 2212 973 2277 iilud
992 2212 1059 2276 snb,
1075 2230 1127 2276 eu.
1144 2211 1186 2278 X.

81 2313 196 2390 {tribus
218 2313 352 2377 circiter
372 2312 461 2376 aunis
482 2323 556 2378 aute
576 2312 754 2398 synodum)
770 2332 846 2378 sane
861 2321 974 2378 notatu
993 2314 1126 2395 dignum
1140 2321 1190 2378 est

79 2416 160 2496 quod
182 2418 250 2480 uita
281 2435 299 2478 e
324 2413 491 2478 Antistites
511 2415 646 2480 africani
669 2413 822 2496 vigilium
845 2413 1026 2480 llumauum
1057 2413 1189 2495 Epiacu-

80 2535 153 2596 pum
180 2516 404 2579 damnatorem
426 2516 525 2578 trium
548 2512 788 2597 capitulorum,
810 2517 1010 2599 synodaliter
1034 2535 1053 2579 a
1075 2516 1187 2580 entho-

80 2616 136 2681 lioa
157 2618 403 2691 commuuione,
437 2624 603 2682 reservato
628 2620 657 2682 ei
687 2617 898 2699 poenitentiae
926 2617 1012 2693 loco,
1043 2616 1187 2686 melnae·

81 2729 161 2781 runt.
173 2739 190 2778 a
201 2718 360 2784 Similiter
375 2716 544 2781 Liberatus
559 2718 644 2782 alter
659 2720 758 2784 trium
774 2718 1001 2799 capitulorum
1015 2728 1183 2802 patronus,

80 2821 195 2902 quique
210 2839 288 2886 oum
310 2820 462 2902 praetatis
478 2819 632 2885 Facundo
652 2827 685 2885 et
701 2817 832 2886 Victore
845 2821 1010 2901 pugnabat
1029 2823 1185 2888 advorsus

78 2921 287 2988 damnationis
307 2925 447 2989 edictum
469 2925 511 2988 als
530 2922 667 2990 exordio
688 2923 885 3005 quaestionis
906 2923 1122 3004 publicatum,
1145 2925 1186 2990 de

81 3017 183 3103 vigilii
208 3026 442 3090 retractatione
466 3025 577 3100 silens,
604 3025 820 3091 irrevocabile
847 3025 924 3089 dicit
949 3027 1099 3092 mansisse
1122 3029 1187 3092 hee
1267 3095 1270 3102 ,

81 3123 260 3191 decretum.
285 3127 327 3191 llt
349 3145 389 3191 en
413 3129 578 3209 quomodo
599 3138 751 3194 auctores
779 3137 1064 3209 praesumptorum
1083 3129 1185 3194 donu-

80 3236 259 3292 meotornnt
275 3247 335 3310 pro
359 3229 464 3294 tribus
488 3229 644 3310 Capitulis
668 3229 867 3307 dimicantes,
893 3247 911 3291 u
938 3233 1005 3295 onis
1028 3231 1185 3296 iratribus

81 3329 287 3394 schismaticis
312 3331 531 3411 reprobantur
560 3333 591 3397 in
612 3331 663 3410 iis,
683 3349 765 3415 quas
789 3331 906 3412 vigilio
933 3333 1185 3414 adscripserunt,

79 3427 142 3492 sine
162 3431 458 3508 insecutionibus,
479 3435 547 3498 sire
570 3431 899 3514 tergiversationibus.

153 3528 317 3609 Secundo,
349 3536 419 3613 pari
448 3535 573 3598 ratione
593 3532 821 3616 capitulorum
856 3533 1040 3596 doieosores
1070 3539 1184 3597 contra

80 3631 194 3712 seipsos
215 3643 314 3714 stunt,
336 3646 374 3702 nt
395 3655 459 3702 uua
479 3639 577 3702 simul
597 3638 725 3712 cadant,
748 3635 867 3700 dolosis
889 3636 987 3700 armis
1009 3644 1185 3717 pugnantes

81 3733 110 3794 ln
130 3735 324 3802 catholicus.
345 3739 470 3803 ductor
490 3740 574 3802 euim
592 3737 748 3818 Epictetus
769 3733 933 3818 tapotoriis
957 3752 1090 3801 nemos
1106 3750 1189 3817 quo·

80 3837 179 3900 modo
196 3838 473 3922 Constantinopoli
494 3837 633 3920 vigilius
654 3847 687 3902 et
708 3836 825 3902 {lacius
842 3839 1000 3917 compulsi
1022 3838 1061 3900 od
1087 3839 1185 3900 trium

82 3934 307 4018 capitulorum
327 3941 595 4008 subscribendum
617 3940 787 4004 anathema
806 3939 891 4003 eirca
913 3957 1032 4004 annum
1048 3934 1118 4006 550.
1136 3939 1187 4000 vot

82 4035 128 4102 51.
146 4041 283 4106 vicissim
299 4045 449 4108 obtestati
471 4055 557 4108 aunt:
573 4061 589 4104 r
604 4042 659 4107 sed
682 4051 715 4106 et
734 4047 863 4105 sanetus
879 4039 996 4103 {locius
1016 4043 1187 4121 episcopus

84 4141 337 4224 medolanensis,
354 4146 470 4226 iuquit,
488 4145 753 4210 contestationem
769 4143 912 4209 omnium
926 4141 988 4208 sub
1002 4159 1115 4222 magna
1132 4159 1188 4206 ro·

84 4240 265 4314 alienatione
280 4249 430 4330 deposuit
450 4247 579 4314 dicum:
595 4264 671 4314 ccco
692 4263 752 4327 epo
768 4251 800 4312 et
825 4262 900 4326 pars
915 4247 1059 4314 omnium
1080 4263 1186 4310 secor·
