2982 4934
346 422 432 505 jecta
453 421 648 499 sublimiter,
671 429 709 487 nt
730 423 816 487 viros
836 420 960 486 desides
980 422 1012 484 in
1034 418 1161 484 inhrruo
1181 437 1262 486 sexu
1283 418 1376 482 iortes
1393 435 1432 480 ar·

346 534 474 607 guerct,
489 534 677 607 arrogantes
698 526 730 588 in
749 542 832 590 sexo
848 531 990 604 utroque
1004 539 1157 604 pemouas
1170 531 1345 604 pauperata
1362 519 1432 586 cire

344 633 376 691 et
396 626 511 692 nobilis
531 627 698 692 humiliata
718 625 974 692 confunderet.»

425 726 544 792 Deinde
557 745 692 809 pergens
712 748 737 791 s.
760 726 916 794 Paulinus
928 727 1160 807 praecellentes
1174 725 1269 790 animi
1281 724 1369 790 dotes
1385 723 1431 788 bn·

341 826 396 909 jus
418 827 574 893 ioemloae
595 837 808 905 narraturus,
831 831 863 893 in
885 827 1048 908 Epistulae
1068 827 1130 890 line
1150 827 1281 892 scribit:
1298 823 1431 888 «Veron

342 939 380 994 nt
400 929 439 992 ad
462 931 637 1011 perlectam
660 930 787 994 Domini
808 931 991 995 columbam
1017 947 1199 1005 recurram,
1220 929 1301 993 scito
1322 947 1399 992 nunc
1414 927 1432 988 i·

312 1037 315 1046 ⁴
343 1038 425 1093 stam
440 1041 560 1097 tantm
575 1035 607 1095 in
622 1051 704 1097 sexu
720 1032 912 1098 infirmitatis
934 1034 1085 1098 virtutem
1110 1029 1180 1107 Dei,
1202 1031 1253 1094 coi
1272 1029 1396 1094 reiectio
1408 1029 1432 1090 in

341 1131 478 1215 jejunio,
500 1135 629 1215 requies
650 1137 682 1196 in
696 1137 854 1210 oratione,
877 1136 965 1215 panis
986 1135 1017 1196 in
1037 1133 1149 1208 rerbo,
1173 1131 1301 1195 habitos
1323 1132 1353 1194 in
1373 1148 1431 1210 pan·

342 1251 396 1310 no,
418 1235 521 1298 lectus
543 1237 573 1299 in
594 1235 720 1316 sagulo,
736 1244 768 1299 et
782 1245 917 1300 centone
937 1235 1041 1300 durus
1061 1235 1092 1298 iu
1109 1243 1195 1298 terra
1215 1234 1267 1298 sit.
1292 1231 1395 1296 blollis
1410 1231 1433 1292 iu

344 1343 440 1408 tecto,
463 1353 529 1417 qun
551 1336 643 1416 rigidi
664 1337 778 1400 cubilis
800 1335 951 1418 injuriam
974 1337 1095 1418 mitigat
1115 1335 1260 1400 lectionis
1284 1335 1432 1398 volontas:

343 1443 377 1498 et
395 1445 523 1500 sauctae
544 1437 667 1500 animae
688 1438 719 1500 in
740 1435 876 1501 Domino
901 1438 1032 1520 vigilare
1055 1437 1258 1517 requiescere
1278 1445 1370 1499 est.»

424 1537 465 1600 Et
486 1537 565 1602 haec
585 1555 660 1600 sane
680 1547 727 1602 est
750 1538 907 1612 ioemina,
936 1557 1034 1620 qnam
1054 1558 1080 1601 s.
1105 1535 1322 1622 Hieronymus
1343 1537 1372 1598 io
1389 1554 1434 1599 aua

345 1638 494 1703 illusione
514 1639 670 1704 aduersus
700 1638 872 1720 Origenem
892 1640 1028 1722 ejusque
1058 1639 1241 1703 cetemores
1262 1639 1434 1710 monachos,

344 1741 405 1805 snb
419 1738 530 1820 niproc
544 1743 670 1804 nomine
692 1740 820 1804 vellicat
836 1751 986 1821 tanquam
1010 1758 1109 1817 prava
1130 1741 1274 1803 doctrina
1292 1740 1433 1802 iniectam.

345 1839 563 1917 Quamobrem
584 1861 612 1903 r.
625 1840 797 1916 harceias,
813 1842 874 1905 boc
894 1859 920 1903 s.
936 1839 1060 1904 Paulini
1078 1842 1302 1904 animadverso
1317 1842 1436 1904 testimo·

349 1942 401 2004 nio
416 1942 456 2005 tle
477 1939 636 2006 Melaniae
657 1941 836 2022 sanctitate,
859 1948 951 2021 putat
965 1940 1047 2005 hauc
1059 1941 1227 2006 foeminam
1244 1951 1319 2005 ante
1332 1941 1436 2006 ebitun

344 2061 441 2108 suurn
463 2043 560 2108 inisse
581 2043 779 2130 Hieronymo
806 2045 1042 2109 reconciliatam
1064 2044 1107 2107 ob
1127 2043 1284 2118 macnlus,
1307 2063 1384 2124 qous
1400 2044 1435 2106 di·

347 2147 391 2210 cit
406 2146 466 2227 ipsi
487 2148 659 2212 inhaesisse
678 2148 721 2210 ob
734 2146 881 2227 Origenis
903 2147 1127 2228 patrocinium.
1143 2144 1372 2210 Verumtamen
1388 2146 1434 2207 boc

346 2248 461 2313 nullibi
485 2247 607 2328 legitur
628 2249 658 2310 iu
688 2247 832 2330 eiusdem
864 2246 1021 2310 foeminae
1050 2246 1206 2329 historia;
1237 2265 1298 2312 nec
1327 2247 1435 2310 vitietur

346 2335 616 2431 praesumendum
631 2351 670 2414 de
683 2369 733 2428 ee,
749 2351 868 2433 quippe
882 2367 966 2433 qnae
980 2347 1101 2412 sciebat
1119 2359 1183 2415 tam
1197 2347 1369 2432 Origenam
1384 2359 1432 2412 tau

346 2452 519 2514 monachos
549 2453 737 2531 origenistas
765 2452 887 2516 nnllam
911 2450 1066 2514 haeresim
1098 2449 1196 2515 inisse
1217 2445 1434 2530 protomart

346 2549 419 2616 binc
439 2560 672 2632 consequenter
686 2551 786 2633 probe
801 2551 941 2616 callebat
956 2553 1184 2632 iniquissimam
1200 2549 1368 2634 Theophili
1380 2567 1434 2614 sen·

347 2653 476 2715 tentiam
497 2653 653 2716 obremus
672 2661 798 2717 sanctos
819 2653 926 2733 viros3
941 2671 1082 2735 quorum
1105 2669 1268 2734 compassa
1292 2652 1435 2717 calamite-

347 2762 454 2828 tes,se
477 2754 625 2816 comitem
646 2754 834 2818 eorumdem
857 2753 942 2818 dedit
964 2755 996 2815 io
1015 2753 1125 2816 exilio.
1205 2803 1209 2812 .
1262 2809 1264 2816 ,

429 2851 553 2918 Verum
572 2871 671 2936 super
691 2864 805 2919 cuncta
827 2855 996 2935 hucusque
1017 2855 1142 2934 prelata
1166 2857 1345 2920 testimonia
1365 2855 1433 2920 ciret

346 2968 416 3024 acta
438 2957 572 3023 neienrla
586 2955 755 3037 Theophili
771 2959 802 3020 in
823 2947 952 3040 Synodo
974 2957 1180 3020 alexandrina
1201 2957 1359 3022 adversus
1377 2955 1434 3020 Ori·

348 3079 458 3141 genem
474 3069 505 3123 et
526 3061 701 3122 monachos
715 3060 892 3134 nitrienses,
915 3059 1091 3124 instaurata
1106 3059 1219 3124 deinde
1232 3060 1263 3122 iu
1285 3057 1434 3126 Cooreutn

346 3161 707 3241 constantinopolitano,
736 3169 877 3242 praestat
900 3161 1153 3224 luculentissime
1182 3168 1213 3224 et
1240 3163 1433 3226 sincerissima

345 3264 488 3328 narratio
509 3259 636 3343 Sulpitii
658 3261 779 3328 Severi.
802 3260 866 3339 Qoi
888 3262 1038 3327 oculatus
1068 3262 1155 3325 testis
1176 3262 1304 3339 extitit,
1327 3269 1358 3326 et
1376 3261 1434 3322 hinc

346 3373 520 3428 accuratus
550 3364 693 3427 omniurn
714 3362 855 3438 auditor,
887 3379 970 3442 quae
993 3371 1068 3426 tnnc
1087 3366 1119 3428 io
1141 3365 1288 3449 Aegypto
1310 3365 1351 3429 oh
1369 3365 1434 3426 banc

345 3465 564 3545 quaestionem
586 3464 670 3526 inter
697 3464 862 3542 episcopos
882 3471 915 3526 ct
936 3466 1108 3528 monachos
1136 3466 1296 3547 disputata
1317 3475 1387 3532 snut
1403 3461 1433 3524 de

346 3565 493 3647 Oripeois
508 3566 611 3639 libris,
635 3573 678 3640 et,
700 3583 784 3646 quae
806 3565 878 3628 ideo
900 3567 1062 3630 monacbis
1076 3567 1193 3630 eisdem
1212 3582 1432 3647 supervenerat

346 3667 565 3731 calamitatum
581 3667 623 3730 ob
637 3664 805 3747 Theophili
821 3669 1065 3748 oppositionem
1081 3685 1184 3748 neque
1197 3670 1346 3749 ignoraus
1356 3665 1433 3730 Sere

346 3785 402 3832 rus
419 3767 558 3832 aliorum
576 3777 697 3832 mutuor
721 3768 769 3830 rel
786 3769 995 3846 ignorantiam
1008 3770 1166 3832 voluntati
1179 3771 1269 3834 illius
1281 3763 1432 3832 malaecb·

345 3869 559 3948 sequentinm.
578 3865 672 3944 Quod
695 3869 994 3949 praecipuo-nostro
1009 3873 1155 3952 proiiciel
1167 3880 1368 3954 argumento.

428 3967 458 4033 ls
479 3970 587 4049 itaque
607 3969 639 4030 io
660 3967 795 4050 Dialogo
818 3969 842 4034 l.
863 3988 891 4034 c.
910 3969 964 4033 vt.
985 3971 1025 4036 tle
1040 3974 1202 4037 monachis
1217 3969 1429 4038 Orientalibus

345 4088 428 4151 qnos
442 4073 573 4150 ipsemet
589 4077 660 4139 risit
674 4079 751 4140 setis
765 4091 879 4137 eorum
896 4073 1005 4150 ritum,
1023 4089 1143 4149 mores,
1160 4074 1335 4138 doctrinam
1355 4069 1432 4133 mira·

346 4179 411 4251 tus,
427 4185 537 4243 narrat
557 4195 590 4243 se
612 4177 768 4243 adstitisse
789 4175 967 4257 quaestioni
989 4183 1065 4240 tunc
1087 4177 1293 4242 vehementer
1312 4173 1430 4254 eninm
