3066 4950
311 385 373 456 &dii

393 485 657 568 «Quoscumque
676 501 764 565 voro,
779 487 836 569 qui
859 495 979 554 rectum
1001 486 1095 552 fldem
1115 491 1312 551 servantesa
1328 483 1421 550 dictis

312 587 449 675 Synodis
470 591 699 670 praedicatam,
724 598 901 655 memorata
932 593 994 655 tria
1015 589 1164 670 Capitula
1187 589 1421 652 condemnaru-

313 697 403 765 runt,
426 691 477 754 vel
509 692 604 753 etiam
627 691 852 767 condemnant,
886 691 1001 756 iratres
1022 699 1056 755 ct
1084 690 1330 754 consacerdotes
1351 705 1421 750 esse

226 829 230 836 ·
311 789 493 856 definimus.
511 789 603 868 Quae
628 811 706 857 roro
726 801 783 857 aut
804 811 900 868 amc,
916 801 974 856 aut
992 793 1033 855 ait
1053 793 1124 856 aiiis
1143 790 1182 853 ad
1205 790 1421 854 detonsionem

314 891 413 954 trium
435 890 662 971 Capitulcrum
686 893 925 974 praedictorum
948 893 1031 956 iacta
1052 901 1139 968 sunt,
1162 889 1340 972 praesentis
1360 889 1420 951 hu·

310 992 365 1074 jus
387 992 503 1074 Scupu
525 997 625 1059 nostri
647 995 831 1059 deiiuitioue
853 1013 1051 1061 evacuamus
1072 1003 1169 1058 etc.»

395 1094 500 1173 Quam
517 1115 615 1177 porro
637 1099 858 1178 ignominiosa,
875 1097 1027 1161 indecora
1044 1095 1189 1161 Pontifici
1207 1093 1368 1166 Romano,
1383 1109 1421 1154 ae

315 1199 639 1280 apraedecessorum
661 1219 797 1264 suorum
818 1219 966 1265 sermone
987 1199 1154 1281 peregrina
1176 1205 1344 1277 spectetur
1364 1195 1422 1256 itu·

313 1297 453 1380 jusmodi
473 1299 578 1381 Vigiiii
601 1302 770 1376 confessio,
790 1319 885 1366 nemo
906 1309 966 1373 est,
989 1302 1045 1381 qui
1066 1317 1129 1362 nun
1147 1298 1263 1362 rideat.
1280 1295 1421 1375 Ideoque

317 1403 428 1466 scitota
454 1405 675 1485 disquisitione
697 1405 795 1485 huius
826 1403 981 1484 epistolae
1013 1410 1156 1465 tenorem
1177 1413 1420 1480 percurramus,

315 1507 464 1580 scrutati,
497 1525 574 1569 num
597 1503 733 1586 vigilius
764 1507 823 1568 hos
844 1506 987 1584 potuerit
1008 1521 1202 1582 componere
1232 1517 1354 1566 sensus.
1377 1498 1421 1561 ds

318 1606 435 1686 primo,
453 1627 526 1672 cum
548 1627 611 1672 non
632 1609 828 1689 ignoremus,
845 1607 911 1671 duo
926 1608 1054 1670 decreta
1071 1603 1188 1686 Vigiiio
1201 1604 1353 1683 inscripta
1376 1619 1423 1663 rc·

318 1711 418 1785 periri
433 1709 500 1773 iere
521 1711 633 1773 eodem
648 1719 793 1790 tempore
813 1709 992 1788 eademque
1006 1709 1046 1770 da
1067 1726 1164 1772 causa
1179 1707 1308 1780 emissa,
1323 1720 1419 1768 uuum

319 1807 464 1888 Epistola
484 1807 646 1873 decretalis
663 1819 827 1884 vocatum,
850 1817 882 1873 et
900 1808 1112 1874 coustitutum
1133 1810 1288 1881 aiterum,
1309 1807 1337 1869 si
1358 1821 1420 1866 am·

319 1909 361 1973 iso
390 1912 598 1974 convenirent
627 1912 659 1974 iu
689 1912 803 1976 ordiue
831 1929 943 1974 rerum
969 1911 1259 1982 decernendarum,
1287 1906 1421 1971 locutio·

318 2013 367 2075 nis
387 2018 449 2076 etc.
472 2013 515 2075 ita
540 2021 575 2077 nt
594 2014 736 2078 alterum
757 2014 893 2078 alterius
922 2013 1091 2092 exemplar
1112 2012 1172 2074 dici
1205 2017 1325 2089 posset,
1348 2005 1421 2070 aiiii

319 2120 402 2178 esset
423 2112 617 2177 mirandum.
643 2111 725 2176 Cum
746 2121 856 2177 antero
877 2115 908 2175 iu
931 2113 1049 2176 eisdem
1071 2111 1231 2192 quaedam
1252 2115 1422 2174 occurrant

320 2215 581 2280 circumstantiae
595 2233 633 2278 ac
654 2223 749 2279 notae
769 2215 928 2287 diversae,
946 2219 1156 2296 consequitur
1171 2214 1365 2285 necessario,
1385 2209 1421 2272 do

321 2316 450 2380 duobus
472 2334 572 2381 uuum
589 2317 700 2382 haberi
720 2318 880 2397 spurium.
900 2317 940 2382 m
956 2319 1042 2381 istud
1065 2318 1210 2396 postutat
1225 2317 1309 2380 ratio
1330 2323 1422 2378 etor-

321 2418 364 2479 do
385 2417 552 2481 Ecclesiae
574 2417 782 2500 Catholicae;
815 2421 909 2502 cujus
932 2423 1106 2497 primatum
1128 2407 1241 2498 geraus
1264 2418 1421 2482 Romanus

321 2517 470 2584 Pontifex
488 2521 518 2581 io
540 2519 696 2602 dogmatis
710 2523 851 2604 aiicujus
865 2523 1059 2594 definitione,
1077 2523 1264 2586 universum
1286 2518 1421 2582 fidelium

322 2629 452 2688 coetum
483 2621 589 2698 docet,
613 2641 709 2686 uuam
741 2623 906 2687 doctrinae
927 2641 1073 2686 normam
1105 2623 1261 2704 praebens
1282 2619 1421 2683 omnibus

320 2731 354 2787 ut
372 2723 507 2802 singuiis
528 2723 777 2787 satisfacturam.
794 2707 878 2788 com'
898 2743 976 2803 orgo
997 2725 1063 2786 duo
1078 2723 1207 2786 decreta
1224 2722 1374 2800 legantur
1386 2717 1421 2780 ab

322 2824 394 2902 ipso
416 2823 569 2888 Pontiiioc
583 2827 759 2903 obsignata,
783 2843 882 2889 noum
904 2826 965 2889 sub
983 2822 1153 2888 Constituti
1172 2823 1300 2886 nomine
1320 2823 1421 2884 datum

323 2919 427 2988 xvtt.
454 2925 616 2990 Kalendas
640 2925 773 2990 Murtias
796 2943 879 2989 auno
899 2923 950 2990 at.
973 2925 1157 2998 iustiniani,
1186 2923 1328 2988 aiterum
1357 2927 1422 2983 autc

325 3022 381 3088 vt.
405 3025 480 3090 idus
505 3025 691 3091 Decembris
713 3025 858 3108 ejusdem
880 3029 953 3090 auni
967 3011 1017 3092 27.
1035 3025 1174 3106 imperii,
1197 3031 1229 3088 et
1244 3024 1424 3102 inscriptum

326 3123 471 3207 Epistoio
492 3129 666 3203 decretalis,
689 3137 721 3194 et
741 3129 835 3192 ambo
858 3131 982 3192 varient
1002 3129 1044 3191 ab
1066 3130 1215 3200 invicem,
1242 3125 1307 3189 hoc
1326 3137 1425 3186 mose·

327 3231 451 3308 quitur.
477 3230 544 3293 Aut
574 3233 641 3312 ipse
663 3229 812 3295 Pontiiex
834 3249 875 3294 ex
905 3239 995 3294 motu
1015 3249 1076 3294 suo
1104 3228 1239 3309 proprio
1259 3224 1379 3306 aliquid
1398 3223 1425 3283 iu

327 3330 433 3409 primo
447 3329 631 3396 Constituto
652 3332 823 3394 emundare
844 3339 901 3394 aut
916 3331 1044 3406 toliere,
1066 3338 1124 3394 aut
1141 3337 1269 3393 mutare
1290 3327 1425 3390 contuita

328 3437 387 3494 aut
407 3446 511 3494 norae
531 3437 641 3510 postca
663 3432 864 3497 extrinsecae
889 3451 1006 3497 causae
1027 3433 1297 3506 subintroierunt,
1319 3429 1427 3511 quibus

329 3530 524 3611 enodantes
545 3531 700 3606 definivit,
715 3541 894 3596 retractare
914 3539 1046 3597 coaetus
1069 3534 1139 3596 iuit.
1164 3531 1198 3595 in
1220 3541 1363 3613 utroque
1381 3545 1427 3590 oa·

326 3651 368 3697 su
388 3633 565 3698 auctoritas
581 3633 770 3714 pontificalis
790 3635 1050 3714 periclitaretur,
1067 3653 1084 3696 a
1108 3653 1174 3715 quo
1194 3651 1308 3696 sensus
1327 3631 1429 3696 catio·

328 3732 413 3798 liuns
433 3733 598 3798 adhorret.
631 3734 841 3816 Quapropter
861 3741 1044 3802 necessario
1074 3737 1245 3800 dicendum
1266 3743 1315 3800 est
1341 3734 1427 3815 jmu

329 3834 489 3913 prseiata,
506 3854 606 3900 uuum
620 3837 783 3901 sincerum
797 3838 909 3902 haberi
924 3841 1166 3915 documentum,
1184 3837 1301 3901 ialsum
1317 3841 1349 3900 et
1360 3847 1428 3909 sup·

330 3936 508 4015 posititium
530 3938 682 4001 alterum.

412 4034 534 4101 Verum
555 4055 666 4104 coram
688 4039 895 4105 heterodoxis
917 4040 1052 4120 (quibus
1072 4039 1296 4103 inconcinnum
1318 4029 1424 4098 ridebi-

332 4142 388 4200 tur
409 4137 471 4201 hoc
490 4140 740 4218 argumentum)
757 4141 863 4204 denuo
886 4147 1075 4221 reputantur
1094 4139 1239 4219 exposita
1261 4138 1301 4201 da
1320 4133 1421 4216 episto·

331 4236 365 4302 ia
385 4237 509 4305 sincera
531 4239 652 4324 rctsgu
675 4239 715 4307 il.
731 4242 771 4308 ad
793 4243 960 4327 episcopus
982 4240 1093 4308 istriae
1103 4261 1116 4320 3
1134 4239 1189 4307 ubi
1210 4253 1323 4308 causta
1339 4245 1417 4300 eutr·
