3028 4942
341 399 404 471 liib

340 525 424 583 eam,
447 524 545 588 quom
567 507 607 568 ab
622 507 711 571 initio
732 504 945 586 praestitistis,
968 507 1009 568 ab
1023 495 1144 568 'eorum
1161 505 1313 570 nimirum
1334 511 1432 576 cocto,

340 609 398 688 qni
419 607 570 672 ccclesias
592 616 638 671 tot
660 607 854 671 tumultibus
877 607 1119 685 impleverunt,
1143 624 1199 669 ros
1221 615 1434 684 removentes,

340 725 427 770 auno
446 723 580 787 quoqne
603 709 786 784 retineatis,
810 724 988 788 paremque
1010 707 1207 786 praeludiis,
1231 709 1328 772 immo
1352 711 1437 772 etiam

340 808 437 888 longe
450 809 700 888 splendidiorem
716 811 812 871 finem
828 810 1011 888 imponatis.
1026 808 1142 890 Neque
1162 812 1246 874 enim
1261 828 1360 890 parre
1374 811 1437 872 hiae

341 909 433 990 ¹robis
454 926 577 973 merces
600 911 772 974 constituta
794 921 855 985 est,
878 913 903 974 si
925 929 992 985 eos,
1009 911 1065 991 qni
1088 918 1206 974 tautam
1231 919 1437 991 tempestatem

342 1008 549 1089 invexerunt3
562 1013 750 1076 universnm
762 1027 844 1091 pene
858 1019 1018 1073 terrarum
1033 1012 1146 1074 orbem
1160 1018 1207 1074 tot
1220 1010 1375 1074 scandalis
1389 1011 1438 1073 im·

339 1107 512 1187 piaverunt
548 1106 786 1188 (Theophilum
808 1111 927 1174 indicat
946 1128 1088 1190 sonsque
1109 1111 1235 1188 socios>
1266 1119 1302 1174 ut
1324 1129 1381 1190 par
1398 1116 1438 1173 est

315 1209 318 1216 '
342 1212 555 1290 aversemini3
572 1211 822 1291 necquidquam
838 1231 912 1275 cum
933 1212 996 1274 illis
1015 1229 1187 1276 commune
1208 1212 1361 1276 habeatis.
1378 1210 1439 1275 llos

342 1311 553 1375 ecclesiarum
575 1312 771 1391 praesidinm
793 1319 864 1374 est:
892 1313 953 1374 hoc
975 1331 1100 1390 marus,
1125 1315 1187 1377 boc
1208 1331 1327 1377 cornua
1345 1321 1439 1375 restra

343 1421 442 1491 atqua
463 1415 615 1492 praemia.
639 1409 727 1476 llaec
748 1413 849 1492 igitur
869 1431 945 1475 cum
964 1411 1018 1476 tibi
1041 1422 1209 1495 perspecta
1230 1415 1303 1490 sint,
1324 1414 1441 1476 domina

341 1514 385 1574 mi
407 1512 674 1576 reverendissime
705 1530 742 1575 ac
763 1513 1025 1592 religiosissime,
1057 1515 1096 1576 da
1112 1532 1270 1594 operam,
1293 1521 1330 1578 ni
1350 1513 1441 1576 eccle

343 1615 406 1676 aias
428 1614 491 1676 boc
511 1612 608 1677 modo
629 1613 840 1688 communias,
853 1614 1083 1694 amplissimam
1106 1616 1179 1680 hinc
1201 1616 1379 1698 mercedem
1393 1633 1441 1676 cs·

343 1721 492 1794 pectens:
515 1713 704 1794 nostrique,
726 1715 783 1794 qui
803 1715 954 1794 pietatem
988 1725 1074 1778 tuam
1100 1717 1193 1779 valde
1213 1733 1382 1789 amemus,
1402 1721 1441 1774 at·

341 1831 405 1896 que
426 1834 468 1878 ss
490 1821 545 1878 tua
567 1815 789 1879 benevolentia
811 1815 999 1896 pendemus,
1016 1817 1066 1880 isc
1081 1827 1239 1898 perpetuo
1254 1815 1436 1880 memineris.

343 1912 426 1980 Nem
448 1915 523 1996 ipsis
543 1915 698 1996 operibus
719 1915 889 1980 didicimus
910 1927 1064 1997 quautam
1084 1935 1160 1999 erga
1183 1938 1241 1982 noa
1261 1919 1439 1982 charitatem

344 2015 549 2095 praetuleris.
573 2033 591 2073 a

414 2116 454 2206 ,8.
477 2115 678 2198 Augustinus
707 2119 740 2181 ia
764 2116 910 2199 Epistola
937 2119 978 2181 ad
1004 2118 1196 2188 Petilisnum
1217 2119 1257 2182 de
1285 2121 1357 2198 ipso
1379 2121 1438 2182 ait:

344 2215 536 2306 «Clstbedra
553 2220 607 2281 tibi
622 2219 698 2299 qnid
721 2219 797 2282 iecit
812 2217 975 2282 Ecclesiae
997 2218 1178 2296 linmanae3
1201 2221 1312 2299 inqua
1335 2217 1440 2282 Petrus
1499 2287 1500 2294 ἵ

342 2317 425 2380 sedit
444 2326 477 2381 et
499 2317 685 2382 Anastasius
705 2319 823 2383 sedet?
844 2316 905 2381 Vel
927 2317 1070 2382 Ecclesia
1093 2319 1391 2402 hierosolymitana,
1415 2318 1440 2378 in

212 2459 214 2464 -
344 2436 409 2497 qua
431 2416 574 2483 lacobus
594 2419 677 2484 sedit
690 2427 722 2482 et
741 2418 882 2482 ioannes
902 2418 1017 2487 sedet'i
1030 2421 1150 2500 quibas
1171 2438 1229 2483 nos
1244 2423 1276 2483 in
1290 2419 1437 2483 catholico

343 2521 465 2584 unitate
486 2523 708 2585 connectimur
719 2541 730 2599 3
752 2529 785 2583 et
798 2537 816 2582 s
831 2522 949 2600 quihus
972 2539 1028 2584 ros
1048 2521 1173 2586 ueiario
1194 2521 1308 2584 lurore
1322 2535 1441 2600 sepers-

345 2621 434 2686 tis'i»
448 2621 497 2685 Es
513 2623 560 2684 bis
576 2624 675 2703 igitur
688 2624 830 2702 orgulio,
846 2640 924 2685 anm
939 2621 1010 2686 beri
1025 2623 1194 2702 potuisset,
1209 2629 1246 2685 ui
1260 2621 1441 2704 Chrysosto

342 2739 414 2783 mus
437 2729 499 2784 tam
514 2723 657 2785 studiose
676 2723 780 2786 cidem
794 2721 911 2786 loanni
927 2722 1167 2788 commendaret
1184 2725 1327 2804 regimen
1347 2721 1438 2785 eccle·

341 2822 464 2885 siarum
486 2823 517 2884 in
540 2822 741 2900 Palaestina,
762 2825 863 2903 ipsius
884 2825 1035 2903 pietatem
1067 2841 1228 2886 asornsus
1249 2841 1288 2886 sc
1309 2822 1438 2903 pruden-

342 2927 433 3000 tiam,
455 2942 493 2988 ac
514 2940 575 2986 uua
595 2924 794 3004 Augustinus
814 2944 848 2988 ss
869 2925 973 2988 sideru
994 2927 1144 3006 episcopo
1167 2925 1343 3005 iungeret,
1366 2943 1398 2988 se
1416 2927 1441 2982 et

343 3025 493 3089 eamdem
513 3029 546 3090 in
567 3027 689 3088 unitate
717 3025 874 3088 catholica
907 3025 1105 3105 compellens
1133 3025 1261 3100 socios,
1292 3025 1441 3086 sirevcrs

344 3127 413 3204 inti
437 3125 615 3207 Epiphanio
643 3136 676 3190 et
696 3125 894 3211 Hieronymo
918 3126 1021 3189 risum
1043 3127 1112 3202 est)
1139 3125 1353 3206 praesumptis
1378 3122 1441 3186 tiri·

343 3231 431 3312 penis
451 3229 618 3291 erroribus
638 3235 672 3290 ct
691 3228 908 3307 impietatibus
930 3227 1197 3290 communicasset
1216 3225 1368 3290 ioannes.
1496 3277 1497 3300 2

422 3325 464 3390 Et
485 3328 564 3391 haec
584 3327 766 3390 scribebant
788 3326 871 3390 beati
902 3327 1151 3411 chrysostomus
1173 3335 1206 3388 et
1235 3325 1437 3405 Augustinus,
1496 3313 1497 3330 ¹

342 3443 418 3489 eum
432 3447 473 3490 ss.
489 3425 707 3511 llioroaymns
726 3436 760 3490 ει
783 3425 980 3508 Epiphanius
995 3427 1153 3492 adsersus
1169 3425 1364 3507 Episcopum
1381 3421 1442 3486 ilie

345 3528 587 3611 rosolymornm
608 3527 770 3592 calamum
785 3530 1018 3592 obstrinxerint
1042 3546 1102 3591 cen
1118 3527 1265 3607 Origenis
1288 3528 1442 3590 haeresees

342 3629 545 3708 participem,
568 3637 716 3707 putantes
738 3628 909 3712 Origenem
927 3647 1052 3692 errasse
1071 3637 1105 3691 at
1125 3645 1201 3691 cum
1221 3645 1262 3692 an
1283 3627 1441 3694 loannem»

341 3729 397 3807 qai
420 3729 519 3807 ipsius
540 3739 648 3807 portes
668 3739 865 3810 susceperat.
890 3729 951 3792 Sed
973 3738 1006 3792 et
1025 3729 1111 3792 istnd
1133 3747 1266 3809 quoquc
1283 3729 1396 3791 mirum
1415 3725 1439 3783 il

344 3827 406 3890 boc
427 3829 575 3918 negotio:
592 3829 720 3908 quaudo
736 3831 830 3893 ambo
852 3828 1053 3909 Epiphanius
1068 3837 1099 3891 et
1123 3826 1341 3910 lliaronymns
1359 3823 1441 3890 iulo·

344 3943 458 3990 annam
483 3930 806 4011 hierosolymitanum
821 3931 1090 4004 exardescebant,
1110 3930 1210 3992 veluti
1226 3929 1375 4006 Origeuis
1387 3925 1440 4006 pis·

342 4029 412 4092 citis
433 4031 624 4094 obsecutum
641 4041 704 4094 eta
722 4033 857 4094 veritate
878 4033 1028 4107 devium,
1052 4032 1151 4111 paulo
1174 4037 1245 4109 post
1267 4029 1437 4093 Anastrsins

349 4124 434 4210 Papa
456 4132 488 4193 in
515 4130 632 4196 litteris
647 4130 819 4211 dequibus
840 4131 987 4208 interius,
1003 4128 1181 4194 sanctitatis
1194 4130 1386 4209 splendorem
1399 4141 1441 4186 ro
1493 4119 1494 4144 ¹

340 4235 393 4292 cst
407 4226 427 4292 J
430 4246 577 4308 oannem,
589 4228 731 4294 omnium
740 4229 1071 4309 praestantissimam
1080 4229 1172 4314 cujus
1182 4227 1375 4310 episcopatus
1384 4237 1439 4288 cen
