2982 4934
344 357 407 426 ppp
1018 383 1028 408 .

349 493 354 500 ·
769 452 910 524 catut
932 453 1037 522 xxti.

345 658 529 726 Discutitnr
544 657 712 741 prmcipne
731 659 815 740 poci
833 675 860 720 s.
877 655 1092 740 Hieronymus
1111 656 1147 720 iss
1170 653 1312 738 Epistola
1323 649 1388 720 iil.
1404 653 1435 714 at

386 759 589 842 Principium
599 803 613 836 ,
632 771 742 842 coptus
761 759 800 826 ni
819 757 1012 843 hypocritiae
1041 759 1109 824 uto
1130 770 1160 824 st
1178 758 1294 823 doloais
1319 751 1436 838 ptem

387 861 562 944 Theophili,
583 871 698 926 onaret
717 863 754 928 ds
767 859 963 943 pausationis
978 860 1184 943 oripssainssns
1200 857 1376 924 marom
1391 850 1437 920 tc-

383 981 466 1044 sass,
487 961 605 1039 Sirin'o
626 963 854 1046 Pontificatum
873 971 1009 1046 pensu.

344 1211 542 1354 Postquam
562 1273 610 1337 sic
623 1268 794 1353 lhoophtti
809 1278 880 1336 aota
903 1271 1074 1352 hncmqus
1088 1266 1252 1351 prosecuti
1271 1275 1435 1340 snmmpas

345 1373 467 1455 ubique
487 1369 631 1456 eiusdem
646 1383 704 1438 aut
717 1371 887 1448 inscitiam,
903 1391 960 1436 sen
982 1372 1220 1452 negligentiam,
1237 1367 1290 1432 vel
1303 1365 1434 1460 malitiae

245 1535 250 1544 ,
345 1475 379 1537 in
391 1476 518 1556 seriptis
531 1473 680 1556 Origenis
692 1475 905 1557 diiudicandis
920 1473 1114 1549 interimus,
1130 1471 1225 1535 sicuti
1239 1476 1271 1534 et
1284 1483 1380 1550 prava
1391 1479 1434 1526 sna

344 1575 476 1640 consiliu
499 1584 611 1642 contra
627 1577 726 1658 ipsius
747 1583 923 1658 patronos3
937 1585 970 1640 et
990 1581 1175 1656 postquam,
1190 1573 1341 1636 damnato
1353 1565 1434 1630 l'hee

345 1676 447 1756 philo,
469 1677 672 1759 aliquantum
693 1679 881 1761 origenistas
902 1677 1078 1742 catholicos
1099 1674 1337 1757 pondereque
1355 1664 1433 1751 pressi

346 1777 489 1854 inerant,
513 1781 637 1846 levatos
658 1781 842 1857 cernimus,
864 1797 902 1842 ae
921 1779 1019 1844 simul
1040 1777 1253 1860 suspicionem
1275 1773 1433 1838 multorum

343 1879 466 1943 animos
487 1882 694 1957 continuisse,
719 1899 777 1946 uec
798 1882 849 1962 pie
865 1877 1062 1962 Episcopum
1081 1876 1330 1942 stesaotrinrm
1350 1887 1435 1936 mona·

344 1978 482 2045 chorum
504 1983 704 2046 nitriensium
719 1998 850 2072 cansam
870 1982 1014 2060 gessisse,
1037 1985 1192 2063 pausatae
1205 1978 1314 2059 potins
1334 1993 1369 2038 ac
1384 1987 1434 2034 me
1478 1967 1479 2012 l

346 2078 399 2144 lae
415 2082 522 2146 cordis
542 2081 594 2146 sni
607 2081 769 2147 allectioui
785 2081 989 2158 obseouium,
1003 2097 1102 2162 quam
1116 2079 1260 2145 veritatis
1275 2089 1433 2158 propugna-

349 2188 466 2260 torem,
489 2191 521 2246 et
543 2188 669 2246 rectum
689 2201 724 2247 se
745 2183 777 2248 iu
798 2182 847 2246 his
867 2184 1072 2247 exhibentem
1084 2181 1246 2264 judicem:
1264 2177 1357 2243 saltis
1374 2175 1434 2238 nihi

344 2282 487 2347 lominus
509 2284 689 2370 dolendum
705 2292 766 2360 est,
781 2302 807 2347 s.
825 2281 1061 2365 Hieronymum
1075 2283 1184 2348 adhuc
1203 2280 1235 2345 ia
1254 2298 1316 2346 sua
1335 2284 1434 2344 senten

347 2385 390 2448 tia
413 2399 639 2463 perseverasse
670 2384 828 2449 adversus
857 2382 1030 2464 origenem
1052 2382 1094 2448 oh
1114 2391 1341 2465 praesumptos
1359 2378 1434 2461 ipsius

345 2501 476 2550 errores
496 2503 535 2549 ae
555 2485 790 2566 blasphemiam
813 2503 872 2551 nee
892 2485 1030 2566 amplius
1060 2483 1331 2550 obtestationibus
1349 2495 1433 2546 mosa·

344 2587 483 2650 chorum
504 2588 753 2667 origenistarum
783 2587 908 2651 iteratis
929 2589 1125 2668 praestitisse
1146 2586 1242 2650 fldem
1264 2586 1306 2650 tle
1324 2580 1433 2650 catholi-

344 2704 384 2750 oo
405 2705 520 2752 eorum
540 2705 648 2764 seusu,
664 2703 770 2770 nequo
789 2688 994 2754 anathemate
1015 2687 1046 2752 lu
1058 2683 1278 2771 Theophilum
1297 2685 1373 2760 lato,
1389 2697 1432 2746 aet

344 2788 521 2853 universali
535 2789 634 2870 huius
647 2787 818 2869 ignominia
835 2791 1006 2871 percitum,
1022 2807 1115 2857 neca
1134 2809 1160 2854 s.
1176 2789 1389 2875 chrysostomi
1399 2799 1434 2848 sa

343 2889 475 2970 pientia,
496 2891 685 2967 sanctitate,
707 2891 845 2972 zeloque
867 2900 1012 2972 motam;
1034 2907 1141 2975 aeque
1168 2909 1339 2958 aerumnas
1358 2887 1433 2970 hujus

344 2989 525 3067 lenientem,
543 3006 625 3072 quas
646 2989 720 3056 itleo
745 2991 818 3056 tulit
838 3009 881 3055 ex
900 2989 1073 3074 'lheophili
1094 2993 1195 3074 ipsius
1207 2989 1432 3062 malevolentia;

344 3107 402 3152 nee
421 3091 602 3170 priscorum
624 3088 760 3164 Patrem
780 3092 975 3156 anctoritate
993 3101 1199 3174 superatam,
1213 3094 1271 3176 qni
1285 3091 1432 3173 Oriyensu

343 3188 449 3250 sirum
463 3189 664 3270 apostolieum
678 3197 708 3253 et
724 3188 882 3256 Ecclesiae
892 3190 1021 3256 Patrem
1036 3195 1289 3274 uhuenpaauot3
1303 3210 1358 3258 nee
1368 3187 1434 3254 teri·
1479 3225 1480 3288 y

307 3295 310 3300 '
344 3308 409 3370 que
431 3291 489 3370 (ut
509 3291 576 3372 ipse
590 3290 675 3356 idem
698 3291 856 3372 testatur)
870 3312 913 3358 ex
933 3293 1132 3376 praevalenti
1146 3294 1290 3360 lidelium
1305 3313 1361 3378 pro
1378 3285 1432 3356 or}

344 3409 424 3470 pene
444 3393 593 3473 opinione
615 3400 752 3471 motum,
775 3411 919 3475 qnorum
940 3395 1110 3472 minorem,
1131 3413 1191 3460 sen
1211 3397 1373 3461 minimum
1389 3407 1432 3454 ou·

345 3509 472 3555 merum
496 3500 573 3558 tune
594 3492 696 3558 eidem
713 3493 880 3560 atvsrssrt
900 3495 990 3574 ttieit,
1013 3501 1046 3561 et
1060 3495 1218 3578 plurimos
1238 3497 1308 3562 siae
1327 3495 1431 3562 uniter

342 3593 403 3656 eim
423 3593 596 3673 Origenem
612 3595 695 3658 tueri
710 3603 863 3676 tauquam
881 3597 1024 3664 veritatis
1039 3601 1253 3680 magistram:
1268 3595 1429 3665 noterium.

343 3691 487 3776 inquam,
512 3693 605 3756 valde
627 3701 688 3771 est,
705 3695 792 3775 quod
808 3694 876 3777 ipse
898 3693 1117 3782 Hieronymus
1137 3698 1169 3762 in
1188 3715 1251 3763 suo
1271 3715 1360 3762 sensu
1378 3707 1432 3770 pah

344 3794 470 3868 sistens,
492 3794 596 3858 eidem
611 3796 838 3876 eaprohraret,
852 3796 938 3861 hunc
960 3798 1161 3864 haereticum
1181 3806 1213 3864 et
1235 3799 1430 3880 blasphemato

345 3911 483 3970 vocaus,
506 3895 719 3977 ejusdemque
739 3904 915 3961 sectatores
947 3899 1017 3979 pari
1039 3901 1250 3980 ignominioso
1270 3907 1430 3977 nuncupant

347 3995 466 4077 titn103
489 4015 573 4078 qnos
594 4006 700 4064 tomen
716 3995 863 4069 Ecclesia
877 3999 1010 4081 antiqua
1031 4008 1220 4068 sanctorum
1240 4001 1326 4068 atho
1344 3993 1430 4064 inscri-

345 4101 418 4174 ptos
442 4105 624 4163 veneratur.
1286 4104 1293 4116 '
