3138 4950
132 525 233 599 petuo
260 517 478 582 infirmitatem
501 517 668 581 confossus
691 516 804 578 mentis
826 531 917 586 suae,
936 513 1107 594 speciatim
1130 516 1161 577 ia
1185 523 1249 578 tca-

132 619 255 682 etaadis
278 617 453 698 Religionis
484 617 678 680 christianae
700 601 874 698 mysteriis.
908 611 950 677 Et
972 617 1055 684 istud
1079 616 1249 695 praecisae

133 717 275 784 Humilia
297 719 354 784 xt.
370 721 406 783 ia
422 715 566 782 Genesim
582 716 781 780 manifestate
799 737 817 776 a
832 713 1014 796 Tanquam,
1031 717 1088 791 ait,
1101 719 1158 797 qui
1180 720 1249 780 exi-

132 838 197 900 gua
221 828 334 885 rectus
350 823 479 900 navigio
501 836 591 883 maro
613 821 789 898 ingressos,
812 826 911 898 paret
926 820 1003 882 ratis
1023 819 1249 882 sasenaatrn·

133 925 223 1002 pium
235 942 246 1002 3
270 923 314 986 ita
335 925 459 988 meritis
473 922 612 1000 exiguas
634 927 667 983 et
688 919 817 999 iugenio
840 919 958 994 tennis,
975 921 1031 982 rix
1052 917 1158 984 audeo
1181 939 1248 1003 my·

132 1023 310 1087 ateriarum
332 1020 578 1102 scripturaram
602 1028 666 1083 tam
690 1029 817 1084 eastum
839 1019 973 1100 pelagos
993 1020 1121 1083 taire.»

213 1119 257 1186 Et
275 1120 312 1184 ia
336 1119 510 1201 Epistulam
531 1122 574 1184 ad
594 1119 752 1186 Romanos
774 1119 872 1184 Libro
896 1119 951 1184 tx.
968 1139 1000 1183 n.
1021 1119 1070 1187 ta.
1088 1121 1172 1184 dicta
1194 1137 1252 1185 cx·

135 1238 280 1300 paneas:
302 1222 400 1286 aaiite
421 1241 483 1286 cese
498 1224 669 1303 praedamna
682 1221 769 1301 apud
788 1220 990 1301 vosmetipsas
1011 1223 1075 1285 ait:
1093 1241 1110 1284 s
1125 1220 1190 1299 Qut
1210 1223 1252 1288 si·

135 1323 168 1388 iai
191 1321 333 1403 prudeus
348 1342 417 1388 esse
440 1323 583 1400 ridetur,
600 1325 652 1388 hic
673 1341 748 1386 oum
769 1325 955 1404 arrogantia
971 1325 1093 1388 stultus
1113 1333 1174 1400 est,
1190 1341 1251 1388 use

134 1432 245 1505 poiest
261 1441 372 1490 reram
387 1427 577 1506 sapientiam
594 1423 652 1490 Dei
674 1425 770 1502 scire,
793 1427 849 1506 qai
863 1441 956 1489 saum
969 1426 1155 1501 stultitiam,
1171 1443 1252 1506 qaa-

131 1528 160 1589 si
174 1527 363 1606 sapientiam
385 1528 474 1591 notit.
491 1545 509 1586 a
526 1527 575 1591 Ac
590 1527 662 1592 ideo
676 1525 715 1588 ad
732 1527 830 1590 animi
845 1531 895 1590 sai
912 1527 1159 1608 exprimentium
1177 1545 1252 1592 oan-

134 1627 252 1690 darem
273 1644 312 1691 ac
323 1627 548 1692 demissionem
570 1629 721 1708 quamtis
738 1631 821 1691 inter
843 1629 979 1692 ciericos
1000 1628 1155 1704 adscitus,
1170 1630 1252 1692 seri·

136 1727 235 1792 bebai
255 1725 396 1793 Romilio
417 1729 474 1794 Xl.
496 1730 531 1794 in
553 1729 743 1794 Hieremiam
758 1751 800 1793 :a
830 1727 910 1807 Nos,
932 1731 989 1809 qai
1018 1739 1176 1812 putamur
1194 1729 1253 1793 aii·

134 1827 218 1909 quid
240 1847 321 1906 esse,
343 1829 426 1894 idest
446 1834 503 1913 qai
524 1833 555 1893 ia
576 1832 752 1896 clericatus
771 1831 861 1894 sabis
882 1830 996 1894 ordine
1016 1831 1249 1911 praecidaneae,

136 1932 173 1992 ia
189 1937 312 1994 tantam
329 1939 368 1994 ut
381 1933 514 2011 quidam
529 1932 569 1995 de
585 1931 700 1995 minori
716 1931 819 2011 gradu
836 1931 875 1994 ad
893 1932 980 1996 huuc
993 1932 1103 1995 iocum
1120 1933 1253 2012 cupiant

136 2035 325 2113 pertenire,
356 2051 451 2099 nosse
478 2033 601 2097 debetis
631 2051 695 2097 aaa
715 2035 823 2096 statim
850 2033 882 2094 ia
903 2051 943 2097 ec
964 2051 1034 2098 csse
1065 2034 1249 2107 salvandos,

135 2133 217 2214 qaia
238 2134 350 2198 cleriei
369 2151 495 2198 samus.
512 2131 611 2200 Matri
632 2135 763 2199 enimet
784 2134 965 2219 presbyteri
978 2140 1131 2215 pereunt,
1146 2142 1179 2198 et
1194 2136 1252 2198 iai·

142 2237 175 2299 ci
189 2236 364 2300 beaiissimi
388 2237 609 2316 reperiantur.
635 2234 697 2300 Sed
723 2237 750 2300 si
774 2235 920 2300 ordinem
935 2236 1109 2302 clericatos
1131 2244 1164 2300 et
1189 2256 1254 2300 ms·

142 2355 280 2402 reamur
299 2339 435 2418 pariter,
457 2347 490 2401 et
510 2339 730 2403 habeamus.»

224 2437 436 2520 Quapropter
456 2441 487 2503 in
509 2439 623 2503 diuinis
636 2439 884 2521 scripturaram
907 2441 1080 2524 mysteriis,
1095 2443 1163 2505 site
1185 2439 1254 2502 uui·

141 2542 262 2603 sersim
284 2541 324 2604 de
346 2558 382 2604 re
403 2541 575 2605 christiano
598 2546 751 2618 tractans,
774 2542 817 2605 ob
838 2543 885 2606 rei
906 2540 1129 2605 difficultatem
1151 2549 1184 2605 et
1203 2561 1255 2605 er·

142 2641 237 2704 randi
263 2650 398 2715 metum,
425 2641 491 2705 dua
512 2659 612 2722 quam
634 2645 776 2707 maxime
803 2646 983 2708 necessaria
1003 2637 1258 2725 snis'praemisit

141 2743 408 2819 discussionibus,
429 2745 666 2809 invocationem
688 2761 803 2824 nempe
817 2743 958 2824 Spiritus
972 2741 1093 2819 Sancti,
1108 2762 1147 2810 aa
1168 2744 1257 2808 daia·

140 2846 185 2906 de
205 2847 236 2906 ia
251 2846 391 2909 aliorum
414 2863 511 2926 quam
534 2846 565 2907 in
586 2865 646 2911 sno
665 2846 792 2928 judicio
811 2846 1049 2911 confidentiam.
1069 2846 1177 2925 Quam
1198 2849 1255 2908 oir-

142 2949 348 3010 testatianem
365 2948 509 3027 undique
528 2950 596 3010 suis
618 2949 811 3028 interposuit
828 2947 1039 3027 tractatibus3
1058 2947 1145 3028 quod
1163 2947 1257 3012 aeide

139 3051 316 3112 ostendunt
331 3069 428 3131 qoam
451 3050 620 3114 humiliter
634 3050 749 3126 defsuo
772 3049 899 3130 iugenio
914 3052 1058 3114 sentiret.
1074 3049 1170 3128 Quod
1185 3053 1257 3131 oui·

139 3153 217 3213 dena
243 3152 430 3215 luculenter
449 3153 604 3230 exprimit
635 3153 666 3213 in
688 3149 787 3214 Libro
810 3149 852 3213 11.
874 3169 904 3215 c.
926 3149 982 3214 vt.
1006 3151 1200 3216 Periareiaa
1221 3155 1258 3216 ds

144 3249 269 3316 Christi
290 3249 516 3315 incarnatione
530 3237 605 3314 nii.
622 3249 745 3327 «Quae
765 3251 896 3332 quidem
913 3266 976 3316 noa
998 3255 1178 3318 temeritate
1198 3255 1257 3317 aii-

137 3371 223 3434 qaa,
243 3353 300 3416 sed
327 3354 493 3434 quamodo
514 3353 597 3416 ordo
617 3353 681 3416 tori
704 3354 860 3435 deposcit,
883 3371 920 3418 aa
951 3356 1052 3434 magis
1073 3373 1158 3436 qaae
1179 3355 1257 3421 tides

138 3463 255 3519 nostra
285 3456 438 3529 eontinet,
460 3472 558 3534 quam
590 3455 750 3518 humanae
772 3456 906 3520 rationis
935 3457 1071 3520 assertio
1094 3456 1258 3522 uindicare

138 3555 241 3632 solet,
263 3573 362 3636 qnam
384 3557 584 3637 paucissimis
604 3557 822 3636 proferemus,
852 3559 1050 3639 suspiciones
1072 3559 1180 3639 potius
1201 3577 1258 3622 no·

137 3668 240 3732 strae,
256 3675 354 3738 quam
377 3658 559 3722 mmaiiestas
581 3659 708 3738 aliquas
722 3659 952 3724 affirmationes
969 3660 1002 3722 ia
1024 3658 1166 3724 mediam
1184 3678 1259 3740 pro·

141 3759 387 3824 torennensis:
402 3763 433 3824 ia
451 3759 513 3824 tine
528 3761 714 3824 concludite
732 3759 849 3826 «ilaec
861 3761 989 3825 iuterim
1004 3760 1096 3824 nabis
1109 3761 1151 3825 ad
1166 3779 1260 3842 prae·

137 3877 217 3928 aeas
237 3861 278 3923 dc
299 3862 397 3925 rebus
419 3871 483 3925 tam
505 3861 701 3937 difficilibus,
723 3861 804 3926 idest
825 3862 865 3926 de
888 3860 1113 3927 incarnatione
1133 3868 1166 3927 ci
1186 3859 1260 3927 ttet-

143 3967 214 4027 tate
235 3959 357 4026 Christi
376 3979 554 4026 occurrero
576 3972 765 4043 potuerunt.
781 3964 887 4044 Siquis
908 3981 984 4028 saue
1005 3963 1121 4028 meiius
1141 3965 1262 4045 poterit

141 4064 292 4127 inreaire
312 4074 346 4130 et
365 4065 620 4129 evidentioribus
641 4066 680 4128 de
695 4065 871 4147 scripturis
891 4067 1009 4131 sanetis
1030 4065 1260 4132 aeconomiae

146 4163 358 4241 confirmare,
374 4185 460 4247 quac
480 4165 569 4238 dicit,
592 4167 648 4228 ilia
664 4168 885 4248 potiusquam
909 4168 1000 4244 itaec,
1014 4167 1259 4248 accipiantur.»

146 4263 196 4332 Et
210 4265 286 4333 aior
310 4266 453 4334 Romilio
474 4265 545 4350 xii.
569 4266 603 4332 ia
625 4265 745 4332 Lucam
767 4285 809 4334 ex
831 4269 952 4347 verbis,
977 4275 1005 4333 et
1033 4277 1100 4334 erat
1121 4267 1265 4336 auiditas
