3066 4950
358 504 408 567 ria
432 507 590 584 potestate
611 502 753 582 adaucti,
768 503 882 571 eodem
903 508 1064 570 annuente
1080 503 1232 582 Silrerlo,
1254 507 1286 568 et
1299 500 1381 568 Cleri
1397 501 1447 569 lla·

359 607 447 670 mani
469 625 640 682 consenso,
670 609 715 672 ita
736 616 774 674 ιιι
794 607 974 673 nullimode
997 617 1072 692 tuna
1092 609 1133 670 sit
1164 614 1201 671 ut
1221 605 1374 688 Antipapa
1392 607 1446 670 cul·

360 708 486 791 pandus
507 707 657 788 vigilias.
680 709 740 774 Sed
763 708 873 774 debis
896 707 1210 791 praesumptionibus
1232 707 1373 771 interius.

441 809 521 873 ltem
537 810 649 874 codem
664 829 747 874 annu
768 811 948 892 eodemque
963 810 1117 884 Consule,
1140 827 1201 874 cen
1215 810 1373 889 legitimus
1385 807 1449 870 Pon·

358 911 442 976 tiiea
472 911 635 976 scribebat
656 911 794 993 vigilius
814 912 855 975 ad
877 912 1064 977 Caesarium
1093 910 1305 974 arelatensem
1325 909 1447 972 doctrina

361 1021 395 1078 et
410 1015 579 1078 sanctitate
594 1015 749 1078 eximium
762 1015 962 1096 episcopum,
975 1013 1014 1076 de
1031 1015 1150 1093 nuptiis
1166 1011 1354 1076 incestuosis
1366 1007 1449 1072 'ibeo

358 1115 486 1180 doberti
510 1117 603 1196 regis.
630 1114 664 1178 ln
686 1117 746 1180 bac
767 1116 904 1196 epistola
928 1116 1060 1192 dicitur,
1083 1115 1150 1194 ipse
1172 1133 1230 1176 rex
1251 1129 1311 1193 per
1332 1110 1449 1176 lindesi-

359 1238 435 1283 cum
456 1217 657 1282 consuluisse
679 1217 866 1286 Pontificem
894 1217 934 1281 de
955 1219 1148 1299 poenitentia
1171 1217 1244 1281 ideo
1267 1213 1445 1298 peragenda:

360 1318 475 1384 alliun
497 1330 556 1394 est,
573 1320 676 1400 iuquit
696 1321 736 1382 ad
753 1319 939 1385 Caesarium
963 1319 1062 1400 Papa,
1079 1317 1165 1398 qnod
1182 1318 1314 1399 gloriosi
1335 1319 1386 1380 lilii
1405 1335 1447 1378 ao·

358 1421 418 1485 stri
440 1422 525 1501 repis
553 1418 771 1486 'lbeodoberti
793 1420 1089 1501 interrogationem,
1117 1438 1180 1500 qua
1203 1438 1259 1483 nos
1283 1438 1341 1502 per
1360 1417 1448 1481 llode·

360 1525 467 1586 ricum
486 1523 590 1586 virum
612 1522 773 1586 illustrem
794 1520 938 1601 legatum
954 1539 1050 1586 suum
1071 1521 1208 1585 eredidit
1224 1519 1446 1602 requirendum,

360 1624 516 1688 duximus
537 1623 816 1704 amplectendam:
832 1626 864 1688 in
886 1641 950 1703 qna
973 1622 1110 1704 gloriam
1130 1641 1222 1687 anam
1244 1622 1398 1686 desiderat
1415 1622 1448 1682 ia·

358 1725 509 1801 formari,
522 1725 705 1807 cujusmodi
721 1727 916 1805 poenitentia
932 1725 1031 1804 possit
1045 1724 1134 1789 illius
1146 1743 1288 1805 porgere
1304 1723 1446 1796 delictum,

280 1867 281 1872 κ
359 1831 507 1908 quicum
530 1847 638 1891 uxore
654 1827 763 1892 fratria
781 1827 835 1892 ¹sai
856 1827 1006 1890 illicitum
1024 1827 1238 1906 praesumpsit
1258 1825 1341 1888 inire
1360 1824 1448 1904 conju·

321 1981 326 1986 .
360 1929 460 2010 pium.
478 1948 495 1988 a
513 1927 549 1992 ln
563 1929 613 1992 bia
626 1929 746 1992 litteris
761 1929 867 1991 amnia
890 1929 1027 2008 ingenue
1051 1935 1182 1991 narrata
1199 1935 1230 1990 et
1244 1927 1352 2007 quoad
1367 1924 1447 1988 Tben

358 2030 532 2095 alubertum
561 2036 595 2094 et
613 2028 721 2110 quoad
751 2027 953 2106 Caesarium,
983 2039 1017 2093 et
1036 2028 1092 2093 nbi
1113 2029 1219 2092 omnia
1248 2028 1377 2109 pacitice
1395 2026 1447 2090 olts

357 2133 481 2214 absque
511 2133 754 2207 contestatione,
776 2139 893 2196 mutuo
922 2137 1162 2212 componuntnr
1187 2130 1285 2211 juxta
1307 2129 1448 2195 canonicas

358 2233 460 2314 leges,
480 2233 621 2298 iudicant
643 2233 766 2314 pariter
791 2230 946 2314 vigilium
970 2241 1047 2297 tnnc
1071 2250 1188 2296 munus
1211 2250 1327 2310 perere
1348 2228 1448 2311 pontii·

360 2334 460 2410 cium,
477 2335 664 2414 episcopata
686 2341 719 2398 et
739 2334 875 2415 imperio
896 2333 1136 2414 plaudentibus,
1152 2342 1185 2399 et
1205 2333 1329 2414 ubique
1349 2334 1448 2397 nemine

361 2439 545 2509 resistente,
560 2436 773 2500 ecclesiarum
786 2436 961 2502 subvenire
975 2435 1166 2516 indigentiis,
1182 2453 1245 2500 nnn
1259 2445 1298 2499 ut
1314 2433 1392 2498 Petri
1404 2431 1449 2496 Ca·

361 2539 497 2602 thedrae
512 2529 752 2619 usurpatorem,
769 2557 832 2604 uon
850 2545 887 2604 ut
901 2540 1153 2615 schismaticum,
1168 2538 1223 2602 sed
1236 2545 1276 2602 ut
1292 2539 1446 2619 legitimum

360 2637 450 2704 Petri
473 2640 620 2720 Apostoli
641 2659 874 2718 successorem,
890 2642 985 2724 cujus
1006 2641 1150 2706 oraculis
1173 2647 1258 2705 totns
1279 2639 1447 2706 christianus

363 2741 452 2805 orbis
474 2741 642 2805 humiliter
664 2742 837 2823 praebebat
858 2761 966 2806 aures.

442 2843 483 2908 Et
504 2844 546 2908 ob
562 2846 623 2912 boc
643 2848 676 2910 in
695 2845 813 2910 littaris
834 2845 873 2908 ad
893 2847 1093 2911 Auxentium
1110 2847 1338 2924 arelatensem,
1351 2847 1376 2909 ei
1393 2861 1447 2923 pra·

362 2945 487 3010 tulatus
508 2948 594 3027 quod
617 2949 649 3010 iu
671 2948 829 3013 electione
850 2949 993 3030 ejusdem
1012 2950 1210 3029 completum
1233 2957 1317 3014 esset
1338 2949 1448 3027 Aposte

360 3049 385 3113 li
400 3049 541 3112 dictum:
557 3069 613 3114 aec
625 3051 793 3131 quisquam
807 3059 906 3114 sumet
919 3049 981 3114 sios·
992 3051 1147 3126 bonorem,
1163 3052 1216 3114 sed
1236 3049 1295 3132 poi
1308 3059 1448 3114 cosniero

360 3151 424 3217 Deo
440 3161 591 3236 tanquam
604 3154 727 3229 Aaron,
740 3161 900 3234 superest,
913 3157 969 3230 ait,
985 3163 1020 3218 nt
1037 3154 1136 3233 Deus,
1153 3157 1209 3237 qni
1226 3175 1283 3220 nos
1299 3155 1448 3220 immeritos

363 3255 515 3320 ineffabili
530 3256 749 3322 misericordia
767 3256 923 3319 honorem
947 3259 1101 3320 miserans
1116 3257 1331 3337 pontificalem
1352 3255 1447 3318 babere

360 3377 422 3439 pro
444 3377 502 3422 sne
526 3359 643 3438 pietate
664 3357 822 3431 concedit,
854 3359 951 3422 donet
971 3368 1004 3422 et
1025 3360 1218 3438 praemium.
1241 3357 1283 3422 Et
1304 3359 1362 3422 boc
1379 3354 1447 3416 addit

363 3462 403 3524 de
415 3481 450 3526 aa
466 3461 596 3525 locutos
611 3458 749 3540 vigilius
764 3479 782 3523 a
796 3459 863 3524 lieo
878 3463 1071 3525 constitutus
1085 3479 1185 3541 super
1197 3461 1349 3523 familiam
1362 3473 1444 3524 suan,

361 3571 400 3626 ιιι
420 3565 453 3626 iu
474 3581 508 3626 se
529 3561 773 3642 complerentur
802 3561 921 3627 Christi
944 3563 1065 3630 verba:
1098 3583 1173 3644 eope
1192 3581 1278 3625 serae
1297 3563 1367 3625 boae
1383 3567 1407 3620 et
1420 3555 1447 3633 fi·

359 3662 438 3728 detis
458 3671 521 3728 etc.
539 3662 677 3744 insuper
699 3670 851 3744 tanquam
869 3682 886 3726 a
904 3663 971 3727 ileo
994 3672 1128 3729 vocatus
1150 3663 1190 3727 ad
1206 3665 1365 3729 Ecclesiae
1383 3658 1446 3737 regi·

363 3783 448 3842 meu,
465 3765 591 3830 Calliae
606 3766 762 3846 episcopis
777 3783 859 3828 anuo
880 3763 950 3831 545.
967 3767 1110 3830 scribens
1131 3766 1258 3847 ajebat:
1276 3787 1293 3828 a
1308 3764 1445 3842 Quantum

361 3885 418 3930 nos
439 3867 546 3930 divina
569 3869 707 3947 potentin
731 3865 963 3946 Apostolorum
987 3868 1081 3949 primi
1102 3867 1230 3945 Sedem,
1258 3887 1318 3932 anu
1338 3884 1389 3948 pro
1406 3877 1446 3928 nc

361 3967 436 4030 stris
452 3967 586 4045 meritis,
608 3966 662 4032 sed
678 3985 738 4046 pro
760 3967 911 4032 ineliabili
925 3985 1004 4032 snae
1025 3969 1266 4033 misericordiae
1281 3970 1388 4050 pietate
1405 3963 1445 4022 ba·

360 4066 439 4132 bere
460 4069 646 4148 coustituit3
664 4076 787 4133 tautum
809 4087 866 4133 nos
887 4067 927 4133 da
948 4069 1173 4136 universarum
1196 4070 1394 4136 ecclesiarum
1412 4059 1445 4122 di·

359 4171 536 4251 apositione
555 4178 589 4236 ct
609 4189 688 4254 pace
709 4176 742 4237 at
762 4177 851 4238 statu
872 4188 985 4237 curam
1007 4173 1128 4238 babere
1149 4174 1299 4238 convenit
1317 4179 1398 4237 atat
