2994 4938
1159 368 1200 436 Ἦ

84 470 299 553 probandum,
325 471 667 554 condemnandumque
694 476 803 552 caret,
830 473 1002 556 persptone
1037 473 1206 536 comtaret'

83 575 214 640 curibus
233 576 471 656 cpiscoporum,
489 577 545 656 qni
560 575 599 648 de
615 573 768 641 indicato
783 575 946 642 Pontificis
968 574 1098 640 tuerent
1112 590 1204 638 ecan-

83 675 218 739 dciirnti.
244 675 284 740 Et
306 677 334 737 id
358 677 488 757 quidem
510 678 542 742 in
563 677 711 741 omnibus
732 677 898 758 expletum
920 672 1199 761 estcSynodoV.

82 777 200 839 cunctis
219 776 340 840 snncito
363 775 497 840 Petrum
518 777 693 856 suffragiis,
709 778 797 858 qnod
814 795 872 858 per
889 776 1077 862 dudicatnm
1098 782 1202 840 statn-

84 885 148 940 inm
169 877 277 941 inerat
297 878 329 940 in
352 879 450 942 trinm
472 877 700 958 Capituiornm
722 879 939 944 damnatione.
962 877 998 942 In
1019 895 1083 958 qne
1100 877 1202 962 Syno-

81 978 111 1039 di
131 981 360 1042 conmunione
381 987 530 1060 patenter
551 981 660 1046 videre
681 988 730 1045 est
762 988 795 1044 et
815 977 1001 1056 Iustiniani,
1023 985 1056 1043 et
1076 980 1199 1060 episeo-

79 1097 204 1160 pornm,
226 1087 260 1144 et
280 1076 388 1161 vigilii
411 1080 516 1162 Papae
537 1081 758 1157 concordiem,
779 1081 858 1161 quin
879 1097 963 1146 none
984 1080 1079 1146 citeri
1102 1097 1200 1160 repn-

80 1189 187 1258 gneret
211 1181 281 1245 sire
296 1180 336 1244 de
357 1180 502 1262 ejusdcm
524 1183 709 1258 indictione,
725 1191 783 1246 nnt
803 1182 843 1248 de
855 1199 967 1264 scopo,
986 1189 1045 1244 out
1064 1180 1104 1244 dc
1126 1197 1200 1262 per·

81 1282 160 1344 sonis
181 1280 222 1342 ad
239 1282 301 1344 hoc
315 1285 450 1361 nocetis,
472 1283 580 1364 ibique
601 1275 811 1348 adstantibus.

152 1378 225 1445 Hoc
245 1390 354 1446 antem
375 1383 485 1446 etncet
515 1391 607 1447 antee
632 1401 651 1444 n
673 1381 785 1448 iibeiio
819 1380 969 1467 Eutychii
994 1387 1027 1444 et
1053 1380 1196 1445 aliorum

80 1482 302 1562 cpiscoporum
322 1484 426 1554 eidem
443 1483 560 1564 Vigitio
581 1483 705 1549 oblato:
721 1485 751 1546 in
772 1503 840 1564 nno
861 1484 919 1565 ipsi
936 1484 1076 1563 primum
1097 1480 1194 1546 tidem

80 1582 273 1662 protitentnr
296 1591 439 1664 quatuor
463 1583 668 1668 Synodornm
692 1588 1047 1660 oecumenicorumot
1072 1590 1198 1650 cetera·

81 1699 150 1746 rnm
171 1683 384 1765 epistolarem
407 1682 600 1752 ponteonem
622 1685 857 1752 Rornanorum.
891 1683 961 1750 lieo
982 1685 1097 1750 emisse
1118 1701 1196 1766 pro·

80 1783 210 1848 tensione
230 1786 394 1850 snndnntc
420 1807 436 1848 n
461 1787 543 1852 Gurn
566 1787 666 1868 igitur
687 1788 849 1868 praedicta
870 1788 977 1852 omnic
999 1795 1033 1852 et
1052 1785 1200 1851 serrari·

79 1903 147 1950 mne
166 1894 199 1952 et
218 1905 409 1964 carrenses,
424 1896 457 1954 et
477 1889 509 1952 in
525 1888 573 1952 iria
592 1889 742 1954 omnibns
755 1889 846 1954 nobis
866 1887 941 1969 ipsis
961 1889 1194 1966 consentimus,

79 1989 291 2052 necmmrinm
314 1996 361 2052 est
382 1988 524 2054 conferri
540 1987 885 2070 cerritanensium,
901 1987 987 2054 nnde
1000 1985 1197 2069 quibusdam

78 2088 220 2164 coemtio
244 2096 319 2152 nete
339 2096 399 2154 eet.
422 2087 464 2154 Et
484 2089 556 2152 ideo
577 2089 728 2169 petimus,
751 2089 951 2171 praesidente
972 2088 1063 2150 nobis
1085 2093 1194 2151 vestra

79 2184 294 2265 tentitudine,
315 2190 378 2252 snb
408 2190 694 2270 tranquillitatem
714 2189 906 2254 sacerdotali
934 2186 1195 2264 mansuetudine,

78 2289 246 2368 propositis
260 2291 376 2355 ennodio
400 2289 593 2372 Evangeliis,
609 2293 772 2354 commoni
796 2297 948 2366 ironiam,
963 2288 1076 2354 endem
1099 2285 1195 2368 Cepi·

80 2386 142 2450 tn1n
163 2392 196 2454 in
217 2389 324 2454 medio
346 2393 552 2470 proponenda
581 2393 708 2473 quaeri,
730 2392 950 2471 disputarint
970 2391 1065 2456 tinem
1087 2391 1191 2470 impo-

80 2489 108 2550 ni
127 2493 308 2570 quaestioni
331 2489 399 2556 Deo
419 2494 589 2573 placitum,
603 2502 636 2560 et
656 2495 897 2558 convenientem
911 2494 973 2571 hie,
989 2509 1073 2574 qnne
1089 2509 1195 2556 asan·

78 2593 132 2655 etis
152 2603 300 2672 nnntnor
320 2595 471 2662 Concitiis
486 2594 615 2660 definita
635 2603 720 2660 sunt.
744 2594 905 2670 Quoniam
919 2595 959 2660 ad
980 2602 1191 2676 angmentum

77 2694 157 2771 pacis
178 2702 212 2757 et
232 2695 441 2760 concordiem
458 2695 670 2764 comestorum
693 2696 843 2777 pertinet,
860 2702 898 2760 ot
917 2696 1005 2760 omni
1025 2695 1066 2760 de
1088 2692 1194 2758 medio

78 2792 199 2858 snbiota
222 2795 431 2872 dissemione,
453 2815 538 2878 nune
553 2815 569 2858 n
586 2797 757 2876 praedictis
778 2803 923 2877 quatuor
941 2796 1059 2862 sanctis
1079 2793 1194 2860 Conci·

78 2888 124 2954 liis
137 2890 266 2958 dednita
279 2902 366 2972 snut,
383 2899 569 2960 inconcusse
586 2905 772 2974 serventur,
787 2904 973 2962 sanctornm
987 2893 1194 2980 synodorum

79 2997 259 3060 reverentie
281 2998 313 3062 in
334 2998 485 3061 omnibus
505 2998 663 3062 enstoditn
685 3005 779 3060 etc.»
1100 3053 1104 3062 .

150 3094 221 3162 Hoc
243 3106 376 3179 eccepto
398 3099 531 3174 tiberin,
554 3096 690 3179 Vigiiins
712 3098 877 3182 Eutychio
899 3098 1094 3180 respondens
1115 3115 1195 3164 nnn·

78 3194 194 3276 ctisqne
217 3197 383 3275 Petrinus,
398 3201 453 3280 qni
475 3207 693 3264 convenerant
713 3201 883 3280 (quemvis
901 3208 933 3264 et
951 3202 1081 3282 quidem
1100 3200 1191 3282 inre,

79 3304 114 3358 nt
132 3298 213 3360 inira
237 3300 376 3377 dicetur,
392 3299 522 3383 synodo
542 3301 653 3366 edesse
674 3301 1112 3381 nolueriticcceptissimnro
1136 3301 1192 3366 Ιιιι·

76 3394 152 3475 init,
167 3400 384 3481 probavitque
402 3404 629 3483 episcoporum
645 3411 851 3477 conventum,
868 3401 1017 3466 eumdem
1039 3399 1194 3481 hujusce·

78 3501 158 3562 modi
191 3519 343 3567 sermone
372 3504 561 3568 celebrarier
590 3525 607 3562 e
636 3503 807 3583 chietnm
839 3513 887 3567 est
919 3505 1036 3583 gaudio
1067 3521 1103 3566 os
1137 3519 1193 3565 no·

75 3606 173 3664 strum
196 3647 298 3666 .....
324 3603 425 3668 vaide
446 3604 531 3668 enim
559 3623 616 3668 nos
638 3607 669 3666 in
691 3601 827 3668 Domino
848 3605 999 3668 exultare
1022 3604 1190 3678 convenit,

75 3703 156 3778 qnod
177 3706 320 3770 caritatis
343 3714 468 3770 vestroe
488 3705 610 3784 scripto
631 3704 720 3766 nobis
741 3713 789 3767 est
810 3705 917 3768 obinte
940 3704 1110 3784 professio,
1132 3721 1191 3768 cn·

72 3797 235 3878 insternor
266 3811 308 3872 ita
330 3826 363 3870 se
386 3807 503 3872 habeta
536 3803 671 3870 Scicntes
691 3816 882 3886 quantorum
909 3807 1062 3870 bonorem
1092 3822 1192 3872 coma

72 3911 195 3984 ertpoae
216 3905 287 3981 Dei,
303 3908 481 3972 custodiens
502 3909 601 3970 eorda
621 3915 649 3969 et
668 3925 778 3971 sensns
790 3907 947 3988 fidetium,
967 3908 1120 3990 coitipcne
1140 3923 1190 3972 ona
1236 3957 1241 3966 .

74 4011 107 4066 nt
125 4023 225 4072 enum
245 4007 385 4092 idemque
405 4008 534 4089 sapient
553 4007 590 4070 in
612 4017 698 4072 recta
717 4007 791 4088 fidei
811 4007 1002 4091 consensione
1024 4051 1126 4072 .....

148 4130 165 4167 n
188 4107 245 4176 rtis
265 4119 376 4176 autem
395 4111 663 4192 subscripsimus,
684 4111 785 4192 hujus
805 4110 1012 4214 professionis
1032 4109 1190 4176 orthodo-

73 4221 130 4272 xae
150 4209 332 4280 claritatem
351 4211 491 4280 libenter
510 4211 665 4294 amplexi,
687 4211 799 4278 endem
821 4231 878 4278 nos
899 4212 1076 4300 peremnia
1099 4219 1132 4277 et
1153 4211 1187 4276 in
1269 4224 1273 4230 ·
