3042 4940
346 383 525 557 arterium
546 505 643 572 psum
666 495 914 570 mopsuestenum
942 485 1133 554 Tieodorssm
1159 501 1355 562 menter,
1375 485 1440 568 ciue

345 611 405 675 pue
423 589 520 655 tidros
539 599 606 656 ictu
619 599 747 656 norim
765 589 927 656 motione
944 592 1057 654 mentis
1075 588 1314 672 amplectione&
1328 605 1380 652 sec
1394 585 1442 650 erit

345 692 526 776 pcispcom,
545 692 603 773 pai
622 692 711 756 seclis
730 692 1004 770 detitescentem,
1026 711 1098 758 cum
1118 693 1233 773 depasta
1252 699 1388 754 cestrum
1404 686 1441 752 sic
1510 699 1511 720 ¹

346 793 474 876 antiqui
496 793 631 858 doctoris
647 792 799 858 mouere·
813 793 925 880 ulique
937 792 1077 884 culpatis
1090 791 1250 858 codicillus
1263 793 1440 856 edometur.

350 893 500 972 Quonam
531 899 789 960 nestorianorum
823 897 955 962 vocibus
984 895 1160 960 nonnullus
1190 893 1344 958 ineruditi
1371 889 1442 970 culpi

349 1015 504 1062 numerus
525 998 692 1064 cotidianis
712 999 825 1064 diebus
847 1013 948 1078 praru
968 997 1154 1062 seductione
1175 993 1346 1076 decipitur.
1375 991 1441 1058 Gun

350 1115 429 1178 ergo
445 1104 568 1162 constet
583 1098 722 1180 emplius
737 1117 796 1178 per
810 1099 953 1163 deiuncti
969 1096 1132 1162 Theodori
1147 1112 1264 1160 numen
1278 1103 1373 1176 aione
1384 1111 1443 1156 con

348 1201 466 1279 scripta
481 1202 682 1263 nestorianae
703 1201 843 1264 haeresis
858 1217 1004 1263 errorem
1021 1200 1149 1280 populis
1166 1197 1348 1272 intromitti,
1362 1213 1442 1278 quan

210 1328 213 1336 ·
350 1303 445 1365 titos
466 1301 571 1381 potuit
592 1302 713 1365 inierre
734 1300 917 1378 Nestorius,
940 1317 1003 1366 nen
1026 1309 1089 1366 tam
1111 1301 1344 1382 negligentiae,
1364 1315 1443 1378 quau

350 1403 571 1466 conniventiae
588 1405 708 1466 crimen
728 1419 785 1466 nos
801 1403 996 1468 credidimus
1018 1403 1224 1480 incursuros3
1240 1401 1266 1463 si
1280 1409 1344 1464 tam
1357 1416 1444 1462 necea·

352 1503 457 1567 sanae
479 1505 689 1568 correctionis
719 1514 816 1586 quem
838 1505 1047 1586 periclitantis
1079 1502 1244 1567 Ecclesiae
1271 1499 1443 1581 dispensatio

350 1601 495 1684 flagitat,
521 1605 644 1670 diiicrri
666 1604 805 1670 ulterius
828 1604 967 1668 remedia
997 1613 1196 1684 pateremur.
1218 1601 1336 1682 Neque
1366 1601 1444 1674 enin,

350 1712 387 1770 ut
407 1707 538 1785 quidam
560 1707 696 1769 inaniter
716 1707 935 1783 diffamabant,
957 1703 1119 1770 Theodori
1141 1705 1281 1786 ejusque
1300 1704 1444 1766 diciorum

350 1807 472 1887 poterit
502 1809 702 1872 excusationi
733 1807 912 1888 prolicere,
944 1807 1030 1888 qnod
1053 1808 1084 1870 in
1119 1805 1263 1887 Epistola
1285 1805 1326 1868 ad
1348 1802 1445 1867 llario

353 1905 507 1984 Persam,
529 1925 645 1972 nomen
668 1907 829 1973 Theodori
854 1911 905 1972 vei
929 1910 1048 1989 scripta
1070 1908 1142 1989 ejus
1166 1907 1318 1971 videntur
1337 1905 1445 1985 copiosa
1511 1933 1512 1946 2

216 2085 218 2090 ,
349 2009 500 2087 landari,
522 2027 596 2072 cum
618 2017 651 2072 ct
672 2012 875 2090 praecedenti
907 2011 1089 2074 adsertione
1120 2007 1348 2088 multipliciter
1366 2003 1446 2068 luerit

349 2110 618 2188 demonstratum,
644 2113 789 2175 eamdent
812 2111 989 2192 Epistulam
1005 2113 1119 2176 sicnta
1136 2111 1238 2186 nobis,
1255 2109 1300 2174 ita
1314 2114 1375 2173 cia
1392 2121 1448 2170 sao·

348 2213 407 2275 etis
423 2210 572 2276 Patribus
593 2214 624 2276 in
645 2211 849 2280 Chalcedone
871 2213 1083 2278 residentibus
1101 2211 1188 2293 iuste
1209 2209 1401 2281 damnatum,
1420 2209 1444 2266 ei

231 2323 235 2331 “
351 2311 414 2375 lanc
435 2313 544 2392 potios
565 2313 604 2374 ad
628 2313 790 2377 maloruin
811 2310 974 2378 Theodori
1000 2312 1308 2390 demonstrationem
1340 2305 1447 2374 abunde

351 2411 500 2487 sufficiat,
523 2413 608 2492 qood
631 2410 699 2476 iilic
720 2429 835 2477 nomeu
855 2415 1042 2494 scriptaque
1062 2411 1133 2495 ejus
1154 2411 1288 2476 laudata
1309 2405 1446 2486 sunt,nii

350 2511 463 2577 beatus
484 2512 626 2596 cyrillus
649 2519 681 2578 ei
703 2515 853 2593 ephesina
876 2517 979 2594 prime
1001 2512 1149 2599 spectus
1170 2516 1389 2594 impugnatur.

431 2611 556 2689 «Quae
579 2629 652 2678 cnm
675 2616 717 2678 ita
740 2615 814 2689 siet,
830 2629 892 2677 unu
915 2622 1021 2677 tamen
1037 2613 1216 2678 destitimus
1229 2631 1290 2694 per
1309 2612 1447 2675 fideliores

351 2713 541 2793 interpretes
561 2716 679 2795 scripta
709 2713 854 2797 ejusdem
875 2710 1038 2779 Theodori
1067 2715 1288 2794 perscrutari,
1321 2707 1447 2794 quantis

350 2812 441 2878 uoltis
456 2822 487 2878 et
501 2824 575 2879 aute
590 2824 767 2898 utcumque
787 2816 906 2880 inerint
927 2817 1104 2897 publicata.
1127 2815 1179 2880 lla
1193 2832 1263 2896 quo
1278 2831 1361 2878 nunc
1374 2827 1447 2894 prae·

350 2915 471 2980 claruit
499 2916 696 2980 lucidissima
718 2917 854 2980 comiato
882 2915 1037 2995 praedicti
1068 2913 1231 2980 Theodori
1253 2909 1448 2998 mopsuesteni

350 3016 452 3080 iilsros
473 3019 635 3081 contraria
662 3024 770 3082 rectae
791 3015 864 3080 ddei
885 3025 917 3082 ct
937 3026 1123 3082 sauctorum
1148 3016 1282 3082 Petram
1304 3017 1447 3082 continere

351 3117 529 3182 doctrinis.
546 3163 554 3182 .
572 3161 580 3178 .
597 3115 747 3194 Quarum
768 3119 1040 3198 blasphemiarum
1055 3135 1097 3183 ex
1118 3117 1210 3184 iiitris
1224 3115 1384 3183 Theodori
1397 3131 1449 3177 no·

350 3223 511 3299 praesteni
534 3220 745 3301 perversitate
766 3223 916 3300 reperta',
948 3221 1114 3285 evidenter
1144 3228 1280 3301 apparet
1301 3217 1447 3284 iaicissine

352 3320 508 3398 quosdam
531 3307 675 3386 inventes
696 3323 780 3385 dicta
802 3319 987 3399 Theodori,
1016 3323 1139 3403 opinari
1161 3322 1250 3403 qnod
1273 3326 1449 3388 memoratus

353 3419 545 3489 Theodorus
565 3439 629 3488 noo
651 3423 750 3488 inerit
773 3424 806 3486 in
825 3441 885 3488 sna
907 3426 971 3489 rite
993 3425 1175 3501 damnatus,
1198 3442 1274 3489 cum
1296 3417 1449 3504 perspectis

352 3522 608 3603 praedecessoris
629 3527 729 3589 nostri
761 3523 889 3590 liemasi
909 3525 1022 3590 beatae
1043 3525 1278 3590 reeordationis
1309 3519 1450 3608 speciali·

352 3623 413 3689 bus
433 3626 637 3701 constitutis,
667 3643 752 3706 quae
774 3633 849 3708 poet
886 3629 1055 3692 nicaemm
1084 3624 1266 3692 Concilium
1288 3625 1329 3688 de
1347 3619 1449 3704 Spiritu

351 3722 468 3790 Sancto
490 3726 715 3804 tractantibus,
737 3734 769 3793 et
791 3728 1056 3792 convenientibus
1077 3728 1108 3791 in
1131 3728 1214 3792 urite
1235 3725 1338 3791 Roma
1358 3722 1449 3788 catio

352 3823 425 3890 licis
440 3826 610 3907 episcopis,
625 3834 658 3891 et
676 3827 802 3892 beatae·
813 3827 1045 3893 reeordationis
1061 3827 1234 3892 Ambrosie
1255 3824 1449 3890 mediolanen

352 3927 396 3991 sis
416 3927 554 3994 civitatis
576 3929 729 4006 antistite,
751 3935 826 3994 sunt
847 3929 930 3994 edita
959 3930 1055 4011 longe
1075 3938 1249 4010 antequem
1279 3925 1449 3990 Thmdornt

351 4025 575 4108 Mopsuestiae
606 4029 747 4095 officinm
776 4033 980 4114 episcopatus
1010 4030 1220 4106 adsumeret,
1252 4029 1449 4094 inveniesne

354 4127 536 4209 plenissime
555 4129 722 4197 delinitum
744 4149 821 4209 eos,
854 4132 911 4212 qui
933 4130 1016 4196 dnos
1044 4131 1129 4195 iilius
1149 4129 1341 4204 addrma'ot,
1365 4137 1448 4189 anon

354 4234 429 4294 ante
448 4229 572 4311 secula,
593 4237 627 4298 ct
645 4232 788 4300 alternus
808 4238 881 4314 post
902 4233 1156 4313 assumptionem
1177 4231 1282 4298 carnis
1302 4247 1343 4296 ex
1363 4220 1448 4302 virgi
