3042 4940
79 459 164 526 dum
184 467 295 526 antem
326 460 416 526 nulla
439 462 470 526 ln
492 464 645 545 praelatis
670 459 846 532 canonibus
867 463 1026 530 habeatur
1056 461 1206 545 origenis

79 560 222 626 damuati
254 570 425 642 recensio,
454 569 593 634 infertur
623 570 721 652 magis
743 587 781 634 ac
803 571 902 652 magis
934 572 1032 651 ipsius
1052 567 1202 650 Origenis

77 679 195 728 nomeu
218 685 277 747 per
299 686 428 734 manum
452 669 606 734 lurtlrsm
628 672 795 752 irrepsisse
818 672 849 734 ln
871 687 1024 736 canonem
1048 668 1104 734 Xl.
1128 669 1203 736 Col·

77 764 210 830 lationis
231 765 320 832 Vlll.
345 771 489 852 ejusdcm
510 771 631 857 Synodi
652 775 793 854 quintae.

160 867 316 934 Similiter
335 870 523 938 Timotheus
551 875 721 958 presbyter
740 873 1122 956 constantinopolitanus,
1145 875 1202 955 qul

76 969 163 1033 visit
183 983 257 1034 ante
277 971 442 1058 Synodum
473 985 598 1040 sestam
619 977 651 1038 in
674 973 799 1040 Libello
830 974 873 1038 De
894 973 1078 1056 disceptione
1098 975 1206 1039 boere-

75 1067 227 1148 ticarssns,
249 1073 281 1135 in
303 1073 364 1138 tine
385 1074 529 1157 ejusdem
551 1075 703 1140 hortatur
724 1075 854 1140 fideles:
873 1098 889 1137 e
906 1085 942 1141 ut
961 1077 1202 1156 amplectantur

75 1181 225 1254 quatuor
237 1174 381 1259 Synodoa
402 1181 645 1258 oecumenicas3
660 1195 699 1242 ac
720 1188 886 1258 practerea
909 1180 999 1243 illam
1022 1177 1203 1243 Constanti·

74 1273 190 1354 nopoli
209 1285 435 1357 congregatam
456 1277 517 1342 snb
539 1278 665 1343 divinae
686 1281 861 1344 memoriae
883 1281 1080 1360 imperatore
1101 1277 1203 1343 lusti·

73 1377 174 1441 niano
188 1387 331 1442 sanctam
351 1377 528 1467 Synodnm.
545 1378 638 1456 Quae
654 1381 774 1445 robore
795 1391 826 1444 et
841 1380 993 1444 firmiteta
1014 1382 1107 1444 anxit
1127 1397 1199 1443 san·

74 1486 147 1541 ctas
169 1487 202 1542 et
222 1481 387 1559 generales
408 1491 553 1562 quatuor
582 1481 727 1566 synodos
748 1483 849 1561 ipsum
882 1481 1121 1562 praecedentes,
1144 1499 1200 1545 eo·

76 1599 223 1662 rumque
238 1581 399 1664 dogmata.
416 1603 433 1642 ι
448 1581 635 1648 Timotheus
650 1586 692 1648 ita
710 1587 912 1665 propinquus
926 1586 1006 1646 netis
1021 1579 1140 1664 Synodi
1156 1581 1195 1646 V.

76 1699 139 1745 nec
159 1683 345 1763 sapientius,
368 1701 427 1746 nec
448 1684 564 1748 molins
584 1686 671 1750 lsnnc
691 1685 824 1749 delinire
845 1693 971 1764 poterat
1002 1691 1198 1748 conventum

74 1785 305 1863 episcoporum
325 1784 365 1846 de
387 1786 489 1849 tribus
505 1785 673 1866 Capitulis,
692 1795 729 1850 ut
744 1787 872 1850 dicatur
887 1786 1020 1867 quaeris
1041 1803 1125 1849 nore
1142 1785 1201 1850 ibl-

74 1883 152 1946 dem
168 1885 301 1948 esclusa
318 1885 416 1950 inisse
437 1888 702 1968 quaecumquae
724 1903 786 1950 uon
808 1885 892 1949 ieret
906 1885 1146 1966 quodammodo
1167 1887 1200 1950 in
1226 1951 1231 1960 ,
1312 1967 1316 1976 .

76 1987 347 2066 praecedentibus
378 1986 514 2074 Synodis
535 1993 742 2068 pertractate.
764 1985 856 2053 Unda
887 1987 1122 2069 perspicaces
1149 1986 1203 2054 Ti·

75 2087 201 2151 mothel
218 2089 410 2168 testimonio,
425 2091 466 2153 ab
482 2091 543 2154 hoc
557 2089 702 2156 Concilio
717 2087 754 2154 v.
772 2091 867 2155 sicuti
881 2108 899 2153 a
915 2090 1095 2171 pssemtssis
1113 2107 1202 2156 smo-

78 2195 149 2250 tsm
168 2207 303 2270 prorsus
326 2190 423 2257 inisse
438 2199 526 2270 pntot
549 2191 589 2255 de
611 2189 751 2273 Origene
764 2192 997 2272 quaestionem,
1011 2189 1146 2272 ejusque
1167 2208 1203 2256 a·

77 2289 246 2354 uatbeme.
1190 2321 1197 2331 ·

160 2391 202 2457 Et
226 2394 288 2458 lsoc
308 2394 391 2461 idem
414 2395 545 2460 tradunt
566 2397 706 2478 episcopi
730 2393 842 2460 istriae
866 2395 897 2459 in
928 2391 1131 2475 Suppestione
1158 2393 1199 2462 ad

72 2491 272 2560 bisuntium
295 2497 523 2579 imperatorem
537 2517 588 2561 an.
609 2495 680 2564 591.
696 2500 727 2562 in
749 2515 813 2580 qua
835 2495 984 2561 seandala
1008 2498 1039 2558 in
1055 2495 1201 2568 Ecclesia

71 2597 184 2676 (sicuti
206 2598 264 2679 ipsi
287 2599 454 2680 putarunt)
477 2608 662 2664 resonante
680 2607 824 2678 temporo
846 2595 1017 2662 iustiniani
1033 2600 1077 2662 ob
1101 2600 1200 2664 trium

70 2697 305 2779 Capitoloruns
319 2701 569 2778 damnationem,
581 2703 732 2764 nimirum
748 2698 909 2780 Epistolne
920 2699 1108 2764 venerabilis
1127 2699 1198 2765 ibae

69 2798 217 2879 episcopi
229 2801 389 2864 edessenae
408 2799 563 2877 ciuitatis,
579 2821 731 2882 pesonae
752 2819 872 2882 qnoque
892 2799 1043 2864 Theodori
1056 2799 1202 2882 Mopsue-

68 2899 155 2964 stine
173 2902 322 2984 episcopi,
334 2913 428 2987 ntqne
447 2901 644 2986 Scriptorum
661 2901 840 2968 Theodoreti
859 2902 997 2984 episcopi
1015 2901 1107 2984 Cyri.-
1120 2923 1200 2988 qnae

67 3001 110 3067 iss
121 3015 235 3068 sancto
259 3001 400 3068 Concilio
413 3004 652 3069 chalcedonensi
671 3013 891 3086 receptarunt.
909 3003 952 3068 Et
971 3005 1052 3068 hanc
1069 3005 1200 3070 damno·

71 3106 198 3169 tionem
219 3105 312 3187 ajunt
333 3104 450 3185 vigilio
472 3105 578 3188 Papae
600 3115 709 3171 uotam
733 3106 842 3170 luisse.
864 3104 1061 3186 ceteroquin
1081 3105 1114 3168 in
1135 3107 1198 3171 boc

68 3207 289 3271 anathematis
309 3209 442 3273 decreto
464 3211 631 3290 speciatim
652 3211 749 3272 citata
779 3214 855 3270 snut
874 3214 908 3268 et
926 3207 1044 3286 scripta
1066 3213 1099 3270 ot
1120 3207 1196 3272 bao-

71 3309 256 3374 reticornus
279 3310 406 3374 nomina
437 3311 633 3375 anathemati
657 3310 807 3372 obnoxie.
837 3306 978 3386 ideoque
998 3309 1024 3370 si
1045 3307 1195 3389 Origenis

69 3429 214 3494 persona
237 3411 348 3476 inisset
365 3430 441 3478 cnm
455 3409 628 3476 Theodoro
650 3415 874 3490 mopsuesteno
897 3405 1065 3484 damnata,
1082 3404 1200 3488 Suppe-

67 3509 191 3576 sts'onis
211 3521 362 3578 auctores
382 3514 414 3576 iu
428 3531 555 3578 summa
574 3511 709 3589 decreti,
726 3505 1050 3574 Theodoro‘ullorsm
1074 3507 1199 3591 iunxis-

68 3619 149 3681 senl
168 3613 317 3695 Origenis
339 3631 519 3696 personam.

157 3712 398 3780 Admiaicnlnm
419 3717 568 3779 similitor
589 3712 757 3796 proposito
778 3718 890 3777 nostro
913 3710 1040 3776 contest
1061 3710 1197 3790 epistola

68 3815 239 3880 llansneti
271 3817 411 3896 episcopi
436 3816 680 3880 mediolanensis
700 3813 741 3876 nd
762 3813 1004 3878 Constantinum
1025 3811 1199 3892 imperato·

67 3935 145 3981 rem
167 3920 253 3982 cirea
267 3935 319 3982 sn.
335 3914 406 3983 citt.
431 3916 466 3980 ln
491 3934 557 3999 qua
581 3925 734 3981 accurato
755 3924 788 3978 ot
802 3913 940 3980 ildeliter
955 3919 1103 3990 repetens
1124 3919 1197 3977 acta

66 4025 101 4085 in
125 4023 271 4103 quinque
293 4019 428 4111 §pandis
453 4019 680 4094 oecumenicis,
711 4017 750 4081 de
771 4017 884 4097 quinta
913 4012 1047 4078 scribit:
1067 4011 1195 4076 «Dem-

66 4125 137 4204 ptis
160 4122 208 4186 bis
228 4122 391 4198 omnibns,
407 4120 555 4202 deinceps
576 4117 837 4184 christianissimo
852 4113 1035 4180 lustinisuo
1056 4112 1194 4193 impera-

64 4233 145 4294 tore
165 4225 273 4309 (cujus
295 4241 370 4292 cnm
391 4225 518 4290 nomine
538 4231 572 4288 et
591 4238 691 4302 opera
712 4217 907 4296 micuerunt)
922 4215 1099 4283 extiterunt
1121 4215 1194 4296 qni·
