2982 4934
346 339 415 524 {33¹
436 442 589 507 alacriter
604 443 696 506 iatius
719 458 818 522 opera
834 441 928 506 sicuti
943 448 976 504 et
996 439 1165 523 Epiphauti
1188 459 1264 508 uena
1279 448 1335 517 eat,
1348 448 1378 506 ut
1389 459 1427 522 prr

348 545 461 610 orbem
476 543 687 608 christianum
711 544 795 607 male
809 545 972 606 insonaret
992 541 1139 624 Origonia
1155 543 1250 606 lama.
1267 542 1308 607 Et
1327 545 1386 608 hinc
1398 543 1428 604 la·

350 653 439 711 otum
462 653 587 720 estut,
620 663 722 726 quum
744 644 887 725 nudique
908 645 1128 708 execrandam
1150 643 1317 724 Theophili
1344 659 1429 706 ooner

348 746 624 821 conclamaretur,
636 747 725 810 aolua
740 745 960 830 Hieronymus
982 745 1068 810 hunc
1084 763 1154 809 aare
1170 745 1362 826 Theophilum
1374 744 1431 805 ilat

348 844 409 908 Dei
427 853 600 908 amatorem
621 855 650 909 ct
669 844 776 908 airam
797 845 920 908 beatum
949 847 1139 925 appellaret.
1164 845 1208 910 Et
1230 846 1354 926 quando
1370 844 1430 908 itan

350 947 569 1030 Hieronymus
591 948 623 1010 in
644 946 792 1028 Epistola
811 943 915 1012 tinae
937 963 1013 1010 euru
1033 947 1175 1011 acrihena
1197 948 1311 1028 inquit,
1324 954 1383 1027 port
1399 942 1432 1006 tt·
1466 979 1467 996 t

347 1065 468 1128 aparroa
483 1046 647 1111 insilirem
668 1045 787 1112 seilicet
798 1045 966 1110 monachor
986 1045 1186 1126 eriperentur,
1201 1058 1299 1110 totum
1311 1048 1431 1108 matha

332 1150 491 1216 exaitare
506 1146 542 1210 ia
562 1146 706 1212 victoriis
731 1145 893 1228 Theophili
906 1148 1057 1210 edoarsaa
1077 1148 1159 1211 bone
1171 1149 1339 1222 hamarim
1352 1168 1368 1210 c
1379 1165 1433 1210 con

351 1261 413 1326 tra,
436 1251 540 1315 veluti
561 1269 603 1314 ax
625 1249 779 1330 praetutia
800 1257 926 1313 constat
953 1249 1086 1314 testibus
1107 1250 1432 1328 irreprehensibilibus,
1466 1273 1467 1278 ¹

347 1351 489 1415 maxima
515 1350 698 1431 proborum
722 1349 869 1414 virorum
892 1367 966 1428 para
985 1349 1225 1414 lamentabatur
1244 1349 1379 1430 (trigenta
1395 1349 1433 1410 ia·
1466 1379 1467 1382 ¹

350 1451 547 1516 montionem
563 1458 597 1515 et
614 1455 802 1514 sanctornm
825 1449 973 1512 virorum
992 1449 1127 1514 exilium
1147 1456 1181 1512 et
1200 1451 1396 1524 calamitates,
1411 1450 1433 1509 ia

353 1552 471 1634 quibua
488 1549 726 1636 Chryaoatomi,
741 1550 783 1612 ob
804 1547 975 1632 Theophili
997 1549 1179 1627 lectionem,
1195 1553 1252 1630 qui
1267 1554 1307 1615 ub
1319 1552 1433 1632 prium

349 1652 502 1719 vindiciae
522 1652 628 1718 omnia
649 1652 755 1716 divina
771 1657 804 1717 at
823 1653 965 1717 hnmana
982 1651 1059 1732 juro
1081 1651 1274 1720 conculcare
1286 1670 1345 1720 non
1362 1650 1432 1716 tubi

351 1755 452 1822 tavit:
476 1754 524 1820 uti
544 1751 807 1836 insequentibus
827 1753 965 1836 amplios
986 1752 1128 1838 patetiet.
