3048 4946
732 485 871 556 catut
893 483 1012 553 XVlll.

316 690 456 757 Votorum
476 691 685 774 quorundam
704 687 877 772 dsSynodo
897 688 928 756 l'.
944 697 974 754 et
993 689 1030 754 da
1051 683 1166 770 Viailio
1180 685 1273 768 Papa
1292 700 1421 750 anema

347 803 383 857 ta
393 791 585 858 instituitur
602 789 784 875 disquisitio
797 792 1067 866 documentorum,
1082 789 1167 854 unm
1190 784 1329 854 Consilii
1347 783 1423 868 eius·

345 893 414 958 den
433 901 620 959 tractatores
639 893 808 960 adnodant
827 891 954 974 camasi
974 902 1003 957 st
1024 887 1136 973 offeni
1154 896 1242 954 sunt.

311 1138 442 1264 Nema
464 1201 512 1262 est
533 1197 591 1279 qui
612 1197 748 1278 ignoret,
771 1201 803 1263 et
820 1195 888 1278 ism
908 1193 1065 1270 diximus,
1079 1197 1162 1274 quot
1182 1190 1268 1254 tnlsn
1287 1193 1349 1254 snt
1369 1185 1424 1252 nt·

308 1305 381 1364 sata
401 1299 538 1382 scripta,
559 1305 642 1379 quot
661 1299 929 1374 insimulationes,
951 1303 1034 1378 quot
1054 1295 1238 1360 calumniae
1259 1293 1326 1358 ltnc
1347 1291 1425 1356 illuc

310 1418 371 1481 per
386 1418 443 1466 ora
458 1401 677 1467 discurrentes
691 1399 790 1466 trium
802 1397 1030 1480 capitulorum
1045 1395 1300 1472 delendeutinm,
1312 1393 1426 1458 orbern

307 1501 520 1569 christianum
543 1500 752 1583 impleverint
771 1499 836 1581 jam
851 1517 870 1562 a
885 1496 994 1579 vigilii
1016 1504 1122 1562 astate
1146 1514 1249 1577 nsque
1270 1494 1310 1558 ad
1332 1511 1426 1558 secu·

308 1603 334 1666 li
356 1602 411 1668 vt.
433 1604 557 1668 exitum
579 1610 612 1667 et
633 1599 904 1677 cucullatorum
927 1598 1082 1664 nonnulla
1104 1615 1179 1662 anm
1195 1596 1322 1677 sepulta
1347 1601 1427 1658 un·

311 1705 370 1769 diu
388 1705 611 1787 jacuissentin
629 1702 814 1777 tabulariis,
833 1718 919 1766 nnuc
937 1700 1047 1764 lacem
1070 1698 1230 1762 viderunt.
1244 1694 1340 1772 Onne
1354 1697 1427 1777 qni·

230 1793 234 1800 ’
312 1807 386 1870 dem
407 1805 531 1870 etiamsi
558 1803 754 1886 quandoque
774 1802 881 1866 obiter
911 1800 1129 1866 recensuerim
1151 1815 1190 1862 sc
1211 1797 1426 1874 contulerim,

309 1907 522 1972 nihilominus
537 1907 577 1971 ad
593 1904 750 1986 majorem
772 1902 954 1984 argumenti
970 1901 1246 1982 perspicuitatem,
1257 1897 1427 1962 cristiana·

311 2009 343 2072 ri
366 2026 403 2073 aa
425 2008 533 2072 denuo
555 2005 595 2070 nd
618 2007 681 2072 hoc
702 2001 861 2069 reducere
882 2001 1000 2083 Caput,
1022 2001 1087 2066 illis
1111 2016 1310 2080 comparans,
1335 2014 1427 2080 qnae

308 2109 435 2174 sincera
465 2110 636 2190 hucusque
665 2106 842 2172 universim
873 2103 996 2170 credita
1023 2110 1111 2180 sunt,
1133 2110 1263 2167 cunctas
1283 2099 1428 2166 illorum

310 2217 421 2292 partes
435 2209 632 2290 exundans,
656 2215 781 2290 tempus
795 2212 828 2270 et
848 2206 1118 2285 circumstantias,
1134 2212 1173 2271 ut
1189 2201 1428 2268 horum‘dacn·

310 2319 495 2376 mentorum
518 2319 716 2376 momentum
737 2307 863 2390 liquido
884 2307 1102 2389 dignoscatur.
1133 2305 1214 2372 llum
1235 2304 1316 2368 eninr
1341 2305 1427 2368 istu-

309 2429 387 2477 rum
409 2412 530 2476 falsitas
549 2412 619 2478 sire
640 2409 768 2478 lslsatio
799 2410 980 2486 reveletur,
1001 2409 1155 2484 aliarum,
1179 2424 1262 2488 qnae
1292 2404 1429 2486 integra

308 2521 386 2578 sunt
405 2519 439 2576 et
459 2513 596 2594 pennino
619 2512 718 2594 magis
739 2510 879 2592 fulgebit
893 2511 1033 2592 seritss3
1046 2519 1257 2590 nostrnnrane
1276 2505 1430 2574 armani·

305 2619 367 2678 tur
386 2613 599 2694 propesitum.

389 2711 523 2780 lnterim
556 2711 743 2796 hujusmodi
767 2705 915 2778 tatsttaits
945 2720 1037 2779 notas
1057 2711 1269 2796 praeferentis
1294 2712 1431 2795 sertpts

308 2819 368 2878 sul
388 2810 521 2895 vigilio,
533 2823 592 2878 aut
604 2811 789 2884 Iustiniana
805 2815 857 2880 rel
877 2809 947 2880 aliis
962 2824 1146 2896 nuncupate
1166 2813 1317 2896 personis,
1338 2813 1430 2880 haec

309 2915 493 2980 habentur:
517 2933 666 2996 quaeque
684 2915 777 2981 trado
799 2925 898 2998 prout
920 2918 1025 2997 reperi
1043 2918 1074 2980 in
1094 2915 1245 2980 Editione
1259 2914 1432 2980 Concilio·

310 3033 400 3092 rum,
421 3025 559 3081 curante
574 3016 669 3082 Card.
689 3015 873 3096 Passiones,
889 3016 991 3083 Tamo
1008 3015 1064 3083 1x.
1082 3015 1249 3082 Trecentos
1262 3013 1327 3079 sias
1344 3015 1432 3095 Βρί-

306 3117 390 3180 stola
408 3113 593 3180 lastiniani
611 3117 654 3180 ad
675 3116 826 3182 Mennuns
846 3119 998 3182 aduersus
1022 3115 1350 3199 natationesque
1373 3136 1434 3184 su·

305 3233 365 3296 pra
387 3222 496 3281 actum
513 3225 570 3280 est.
586 3215 735 3297 Epistola
749 3216 819 3284 ΧΥ.
845 3216 951 3299 Vipilii
976 3219 1079 3300 Papae
1093 3217 1263 3298 ls'ncpclioa
1282 3219 1326 3281 ad
1350 3221 1432 3284 nni-

313 3335 435 3380 versam
451 3315 635 3386 Ecclesiam.
649 3317 795 3398 Epistola
808 3318 943 3400 ejusdem
955 3318 1061 3400 Papae
1073 3320 1109 3382 de
1122 3317 1310 3399 depositione
1321 3329 1356 3382 st
1371 3321 1433 3384 ds-

308 3419 468 3482 snnatione
486 3417 637 3482 Tlsodori
661 3417 799 3502 episcopi
825 3417 989 3486 Caesareas
1006 3418 1228 3502 Cappadociae.
1249 3419 1432 3500 Frapnsssr·

308 3529 375 3584 tuns
395 3518 610 3584 damnationis
630 3519 767 3605 ejusdem
790 3519 979 3586 Tiseodosia
998 3520 1084 3584 lento
1104 3518 1219 3602 Vipilio
1239 3521 1356 3601 faama.
1383 3522 1431 3586 tt-

302 3621 423 3704 ps'stola
436 3621 611 3703 Lapatariis
623 3621 825 3688 Francorum
840 3620 1146 3706 Constantinopolim
1153 3621 1431 3705 proficiscentium

308 3723 348 3786 al
368 3722 483 3788 ltaliae
503 3721 629 3803 clericis
649 3723 779 3788 directa.
808 3723 1020 3790 Constitutuns
1041 3722 1149 3805 Vipilii
1164 3723 1269 3803 Papae
1289 3725 1326 3786 de
1351 3723 1431 3789 sti·

309 3824 368 3888 lus
383 3823 539 3906 Capitulis
552 3823 736 3890 Iustiniana
747 3826 897 3890 allatum.
917 3825 1035 3892 Charta
1042 3823 1221 3907 juramenti
1238 3822 1347 3906 Vipiiii
1363 3827 1432 3892 Pa·

300 3945 364 4010 pas
392 3937 421 3993 et
440 3927 565 3993 rnitati
595 3926 918 4004 eoram-Justiniano,
944 3927 1101 3992 llleodoro
1128 3925 1308 4000 casareae,
1328 3929 1429 3994 aliis·

307 4045 377 4111 qua.
397 4027 512 4094 Forma
531 4025 711 4094 iustiniani
731 4028 889 4093 destinata
909 4030 953 4092 ad
967 4026 1128 4110 Synodusn
1148 4027 1235 4092 eirca
1256 4025 1428 4108 lipidiaco,

307 4147 347 4192 nc
365 4127 467 4192 sacris
494 4126 651 4210 diptpclsis
680 4127 840 4194 Ecclesiae
860 4118 972 4194 aionien
991 4147 1084 4194 suum
1110 4126 1270 4212 inseratur
1289 4145 1344 4193 ase
1368 4129 1425 4196 nt.

307 4226 451 4310 Imperii.
473 4227 620 4311 Epistola
649 4228 815 4300 anuntio
842 4229 949 4313 Vipilii
968 4229 1076 4314 Papae
1092 4247 1153 4312 pro
1182 4229 1427 4311 mnfirmtions
