3028 4942
104 475 211 542 educa
235 475 420 557 Euagrius,
453 481 501 545 bis
528 479 661 564 adiectis
689 481 852 558 comitile,
881 482 1050 564 quantavis
1078 380 1208 563 impss'liil

105 580 220 644 bilitate
240 581 402 661 praeditos
423 581 607 659 monachos,
630 581 699 646 lieri
722 590 827 647 tamen
841 601 934 666 posse
948 583 1076 648 eosdem
1092 587 1200 650 locum

101 682 174 744 dare
193 682 335 759 diabolo,
351 690 384 747 ct
403 684 435 746 io
457 691 624 766 peccatum
645 685 752 749 denno
774 704 882 750 ruere.
899 685 1119 752 Diverslmode
1141 706 1203 750 noo

102 783 174 846 baec
194 783 249 846 ille
271 785 464 862 mandasset,
479 787 505 850 si
525 786 720 863 absolutam,
734 795 791 852 aut
812 788 987 870 perlectam
1008 789 1202 868 apatibilita·

101 897 157 948 tam
177 888 453 953 animadvertisset
467 889 499 951 iu
514 890 682 966 monacho,
699 890 742 952 ita
759 897 795 954 ut
816 891 846 954 el
860 891 1032 954 arbitrium
1046 890 1202 954 adimere·

99 993 158 1061 tnr,
173 1005 211 1052 ac
231 989 305 1052 iude
328 990 480 1070 peccandi
501 989 604 1055 locus.

168 1085 257 1154 llaec
279 1101 388 1156 autem
409 1094 536 1168 ossula,
559 1111 620 1158 cco
641 1092 806 1174 praelatus
827 1111 920 1167 sum,
951 1111 992 1156 ex
1014 1095 1196 1174 priscorum

97 1201 271 1254 unctorum
293 1193 386 1257 dictis
407 1211 444 1257 ac
465 1195 558 1258 lactis
588 1196 720 1276 collegit
740 1193 922 1275 Euagrius:
949 1195 980 1257 io
1001 1195 1118 1276 quibus
1139 1214 1195 1257 ex·

97 1290 198 1354 calluit
210 1311 236 1354 s.
253 1289 384 1358 lsaccos
397 1313 492 1376 syrus
507 1295 605 1360 Libro
617 1295 658 1360 ll.
674 1294 827 1360 Sermone
839 1291 890 1365 dl.
905 1297 1091 1375 inquiens«
1107 1293 1193 1372 Quid

96 1381 287 1456 ωιάπάθεια
308 1389 553 1470 impatibilitas'i
568 1389 788 1472 impatibilitns
804 1409 866 1454 non
887 1390 919 1453 io
940 1411 979 1453 eo
993 1392 1051 1454 sita
1074 1399 1135 1463 est,
1159 1399 1198 1454 ut

97 1493 245 1566 mutones
260 1509 324 1554 nou
335 1495 539 1556 sentiantur:
561 1493 615 1556 sed
631 1493 663 1554 iu
676 1511 716 1556 eo
732 1503 769 1555 ut
783 1494 943 1574 passiones
957 1510 1020 1555 uon
1041 1495 1196 1573 recipian-

98 1599 151 1653 tur.
167 1589 250 1656 Nam
266 1613 310 1657 ex
332 1595 441 1658 mullis
464 1596 625 1676 variisque
640 1595 815 1658 uirtutibus
836 1612 910 1658 cum
932 1594 1105 1657 manifestis
1126 1603 1194 1657 tnm

100 1691 234 1768 occultis,
250 1709 333 1774 quas
346 1696 605 1774 acquisiverunt,
619 1694 740 1759 debiles
756 1695 859 1757 iactae
872 1701 948 1757 suut
962 1695 1121 1774 passiones
1142 1711 1196 1754 eo·

97 1807 170 1871 rnm3
181 1810 240 1856 occ
258 1803 393 1874 possunt
409 1795 487 1858 istae
502 1802 614 1859 contra
628 1795 767 1857 animam
783 1793 876 1858 iacile
888 1795 1066 1873 insurgere.
1082 1812 1100 1850 a
1115 1791 1194 1856 ltem

93 1909 116 1952 a.
136 1889 271 1958 llasilins
292 1895 455 1975 duplicem
475 1897 639 1961 seientiam
667 1898 803 1971 statuit,
825 1914 944 1971 unam,
966 1915 1050 1976 quae
1074 1896 1116 1958 ab
1137 1895 1194 1956 bo·

95 1994 220 2058 niuibus
241 2015 306 2060 usu
329 2007 360 2060 et
381 1999 613 2062 exercitatione
633 2007 863 2078 comparatur,
885 1998 1085 2069 stallorum,
1109 2014 1192 2076 quac

92 2109 144 2172 per
167 2093 224 2160 liei
246 2098 385 2178 gratiam
406 2099 587 2162 infunditur
606 2118 648 2163 ex
667 2097 805 2180 justitia,
826 2107 858 2160 et
880 2097 1028 2177 patieutis
1050 2103 1082 2158 et
1103 2097 1195 2158 mise·

94 2194 236 2260 ricerdis.
252 2196 296 2262 lit
316 2202 457 2280 priorem
472 2201 603 2282 quidem
624 2201 788 2264 scientiam
803 2200 848 2261 ait
863 2199 894 2262 io
914 2217 969 2262 eos
985 2197 1113 2271 cadere,
1135 2197 1191 2275 uui

90 2297 246 2374 passibiles
259 2312 346 2374 anot,
364 2302 444 2365 idest
458 2302 754 2383 perturbationibus
768 2301 910 2364 obnoxii.
927 2299 1118 2363 Posterioris
1139 2317 1192 2362 ve·

89 2413 121 2460 ro
140 2401 291 2464 scientiae
310 2419 365 2466 eos
384 2404 471 2466 solos
492 2422 560 2466 esse
581 2420 714 2483 capaces
735 2401 944 2482 impassibiles
952 2421 964 2480 3
986 2401 1043 2480 qui
1064 2417 1140 2463 sane
1155 2418 1191 2461 o-

90 2499 210 2564 rationis
225 2509 372 2581 tcmpore
392 2504 512 2576 lucem,
528 2521 612 2583 quae
628 2505 771 2582 ipsorum
791 2511 928 2564 mentem
945 2499 1098 2574 illustrat,
1115 2517 1190 2563 con·

90 2603 290 2682 templaotur.
308 2603 347 2667 llt
367 2606 461 2669 dirus
482 2603 731 2688 chrysostomus
746 2601 885 2666 Humilia
899 2599 950 2667 68.
965 2611 1023 2665 aut
1041 2599 1091 2666 titt.
1113 2599 1185 2665 o.3.

86 2701 125 2764 ita
144 2705 361 2784 apatibilitatis
382 2725 511 2770 causant
534 2707 684 2771 describit
705 2709 736 2768 iu
758 2706 933 2779 monacbis,
956 2705 1086 2784 iterque
1106 2704 1188 2767 desi·

88 2812 154 2880 pust
172 2823 239 2886 quo
261 2806 301 2868 ad
324 2808 405 2870 banc
426 2825 654 2890 perseueret«
672 2803 777 2870 Vitam
799 2805 846 2868 illi
868 2806 899 2869 io
921 2805 1080 2868 montibus
1102 2803 1188 2866 dele·

88 2916 216 2981 gerunt:
232 2926 318 2988 quae
340 2909 418 2970 nibil
432 2927 507 2972 cum
522 2909 679 2989 praesenti
698 2909 762 2969 rita
783 2925 954 2970 commone
970 2906 1065 2968 lrabet
1075 2923 1087 2983 3
1101 2921 1186 2983 quae

86 3005 156 3067 nibil
176 3007 354 3072 bumaonm
376 3011 509 3089 patitur,
526 3027 588 3070 ooo
609 3008 757 3072 dolorem
777 3026 836 3087 pro
852 3006 948 3068 rebus
969 3003 1182 3078 secularibus,

86 3119 141 3166 uou
160 3125 364 3184 moerorem,
388 3127 446 3174 uec
465 3105 737 3186 sollicitudidem,
760 3125 822 3169 uou
843 3105 1000 3186 pericula,
1024 3123 1087 3168 ooo
1109 3103 1183 3165 iusi-

84 3201 166 3280 dias,
188 3225 251 3272 ooo
270 3210 445 3283 iuvidiam,
468 3228 531 3274 nou
551 3208 712 3284 livorem,
735 3225 797 3269 oou
820 3217 930 3287 turpes
949 3223 1099 3280 amores,
1122 3222 1184 3267 nou

84 3302 163 3368 aliud
183 3309 361 3389 quidquam
381 3311 495 3372 simile.
517 3309 591 3374 lam
613 3310 667 3373 btc
689 3309 759 3385 ilii,
789 3326 874 3390 quae
894 3308 933 3370 ad
956 3325 1091 3387 reguum
1112 3323 1185 3369 coe·

86 3399 184 3469 lorum
204 3411 387 3489 pertinent,
410 3411 618 3488 meditantur,
640 3410 827 3474 insultibus
850 3411 980 3483 remoti,
1005 3407 1178 3480 montibus,

85 3501 279 3591 loutiburque
294 3529 369 3577 curn
384 3513 492 3593 quiem
508 3512 620 3575 multa.
638 3511 815 3591 Praecipue
830 3518 938 3574 antem
951 3507 1018 3572 lico
1034 3510 1179 3583 baereot,

86 3609 308 3692 insertumque
337 3613 469 3678 illorum
491 3615 577 3678 omui
600 3614 743 3677 tumultu
767 3629 905 3675 vacuom
927 3621 995 3674 est:
1019 3610 1123 3673 anima
1145 3626 1181 3672 o·

86 3709 141 3768 nui
156 3713 278 3789 morbo,
294 3723 328 3776 et
347 3731 449 3795 proso
470 3714 588 3779 allecto
610 3715 713 3778 libera
725 3719 785 3789 est,
808 3713 901 3785 levis,
918 3710 1066 3789 expedita
1083 3717 1115 3772 et
1134 3716 1179 3772 te·

86 3809 225 3874 unissime
246 3831 323 3878 aere
343 3817 502 3896 purior.»

152 3908 194 3974 Et
207 3915 265 3976 ista
286 3933 361 3980 sane
381 3916 555 3996 singularia
569 3917 650 3979 dona
672 3917 711 3978 ad
733 3915 978 3996 apatibilitatem
999 3912 1179 3976 conducen-

86 4007 122 4070 tia
140 4014 265 4093 respicit
285 4014 445 4096 Euagrius
470 4020 501 4078 io
521 4019 587 4082 suis
608 4018 721 4080 libris:
744 4035 829 4098 quae
854 4033 924 4077 earn
946 4013 1176 4095 perlectionem

84 4114 420 4197 mrstttuoo13dequa
441 4116 536 4181 lesus
551 4117 627 4180 dicit
650 4119 681 4180 iu
704 4115 899 4196 Evangelio:
916 4113 944 4178 ri
959 4113 1008 4178 uia
1021 4115 1177 4194 perfectus

83 4221 146 4290 im,
164 4219 252 4292 node,
272 4217 500 4296 mentuale,
520 4235 601 4300 quor
621 4217 728 4294 dobes,
741 4226 769 4281 et
789 4217 833 4280 du
848 4214 1050 4298 paoperibus.
1070 4211 1111 4282 Et
1124 4229 1175 4274 oc·
