3138 4950
289 307 370 349 *x

112 506 219 566 umen
239 495 375 580 ἀπαθής
396 496 431 568 ts
451 494 593 592 ἀληθιέᾳ
612 499 645 563 in
668 499 803 564 veritate
821 498 975 580 pamionts
987 502 1165 578 expertem.
1181 495 1226 567 iit

109 605 158 668 sio
179 603 303 668 iactum
332 612 399 678 est,
415 609 453 668 ut
479 601 629 668 Christus
648 598 816 684 dicaretur
844 597 985 680 patibilis
1005 606 1038 663 ct
1065 596 1225 680 impatibi-

110 703 164 769 tis.
181 724 198 762 a
631 759 634 767 .
839 761 845 768 .

142 871 146 878 ,
191 801 467 886 Hispaniensis,
489 805 555 869 duo
577 802 763 870 iuiornutnr
783 820 826 868 ex
840 800 965 868 Leontii
986 799 1133 883 Diaiopo.
1157 795 1232 866 ers.

110 923 215 980 mum,
236 906 471 987 discrepantiae
493 907 650 970 terminus
670 905 852 985 colligitur,
874 903 931 984 qui
953 901 1166 984 serpentum,
1180 900 1250 997 Α·-

111 1010 290 1070 austasium
321 1024 505 1087 uorumqne
524 1008 631 1073 socios
661 1006 835 1089 separabat
854 1023 873 1069 a
894 1005 1040 1070 doctrina
1066 1005 1099 1066 in
1120 1002 1227 1068 edicio

111 1104 286 1171 iustiniani
307 1115 340 1172 at
360 1106 481 1174 Jnrtiui
496 1109 654 1188 exposita.
670 1105 799 1173 Rursus
813 1107 971 1172 statuitur
990 1101 1163 1168 iustiniani
1178 1111 1225 1180 et,
1327 1191 1330 1196 Ι

112 1208 259 1289 quicum
274 1227 326 1284 eo,
345 1211 573 1289 episcoporum
589 1207 628 1272 da
650 1206 957 1289 incorruptibilitate
972 1206 1120 1287 corporis
1135 1203 1227 1270 Cbri·

111 1311 153 1374 sti
176 1317 250 1374 ante
278 1307 552 1375 resurrectionem
582 1299 793 1385 orthodoxia,
823 1318 857 1374 et
875 1309 1019 1374 oliorum
1039 1325 1146 1384 error,
1168 1305 1228 1388 qui

113 1411 178 1488 boc
194 1411 361 1492 negabunt.
377 1409 530 1484 Leontius
551 1413 852 1478 animadversuriia
867 1410 1076 1492 respondens,
1097 1414 1229 1490 sumpta
1316 1447 1325 1464 ·

111 1511 247 1577 iiiornm
261 1514 424 1594 opinione,
438 1514 557 1596 ajebat:
572 1533 589 1578 a
606 1512 802 1578 Existimare
816 1521 927 1578 autem
942 1511 1029 1598 quod
1045 1527 1123 1576 caro
1134 1507 1230 1576 Gbri·

110 1615 153 1680 ati
168 1621 285 1678 nutura
307 1617 461 1696 passionis
474 1631 593 1696 expers
613 1626 646 1680 at
668 1615 872 1690 immortalis,
888 1613 975 1694 qnod
998 1622 1135 1678 naturae
1154 1609 1227 1691 eius

112 1733 178 1780 non
198 1717 317 1792 inerat,
336 1724 451 1796 sponte
471 1717 613 1802 admisit,
636 1717 668 1780 io
698 1718 809 1797 primis
830 1715 963 1796 quidem
985 1715 1048 1780 boc
1068 1722 1117 1780 est
1138 1714 1229 1794 igno·

112 1834 205 1894 rura,
226 1816 310 1880 veile
332 1825 448 1880 utnon
470 1817 555 1881 ralia
575 1835 638 1881 nou
659 1834 728 1882 csso
749 1819 856 1882 curuis
878 1817 1061 1897 proprium,
1082 1813 1138 1880 sod
1159 1814 1234 1880 auis

113 1934 188 1984 maa
209 1919 399 1984 rationaiisr
416 1920 448 1983 in
467 1937 535 2000 qno
556 1926 696 1999 potestas
717 1919 811 1983 libari
832 1920 961 1983 arbitrii
982 1924 1015 1982 et
1037 1915 1226 1992 volontatis,

115 2021 148 2092 in
170 2027 492 2100 utramquepartem
514 2023 685 2100 propensio
706 2028 739 2085 et
760 2018 925 2084 inclinatio
953 2014 1235 2102 comitantium-1

115 2120 155 2182 do
179 2121 301 2186 iaciunt
322 2138 391 2183 eam
416 2137 619 2201 reomense
639 2121 746 2186 'votuit
767 2120 854 2201 qnod
876 2127 1234 2201 prosterneremus·

114 2228 188 2286 rut:
212 2230 245 2284 et
266 2221 296 2284 id
327 2222 437 2301 etegit,
460 2221 500 2284 ad
534 2221 621 2302 quod
644 2229 718 2284 nata
739 2238 803 2285 uon
833 2228 916 2285 erut.
932 2237 948 2278 s
964 2217 1009 2284 Et
1027 2219 1080 2284 bic
1102 2217 1230 2284 Leontii

114 2331 306 2410 praetextus
327 2325 484 2390 adsersus
514 2323 717 2400 sententiam,
740 2339 804 2402 qun
826 2321 946 2389 Christi
967 2323 1115 2404 corporis
1135 2327 1229 2386 natu·

114 2442 200 2501 ram,
221 2443 296 2492 com
319 2425 572 2506 incorruptibilia
602 2433 697 2503 essct,
718 2432 833 2508 sponte
854 2425 884 2486 in
905 2443 939 2490 sc
969 2423 1135 2490 admisisse
1155 2440 1231 2490 cord

114 2525 299 2606 ruptionem
320 2526 510 2592 docebatur.
1149 2549 1156 2562 ·
1278 2595 1280 2600 ,

196 2626 239 2692 Et
260 2629 322 2694 boc
343 2639 403 2703 sat,
429 2630 460 2691 iu
483 2647 549 2710 quo
570 2633 638 2710 ipse
669 2627 824 2694 iiiuditnr
844 2628 1033 2692 Anastasius
1064 2627 1229 2692 antioche·

115 2745 191 2802 nus,
215 2729 360 2809 alioquin
387 2731 607 2795 sanctissimus
631 2733 693 2807 vir,
722 2731 778 2812 qui
800 2729 873 2794 ideo
894 2729 986 2804 esni,
1011 2746 1149 2796 renuens
1169 2726 1230 2793 Ju-

116 2830 245 2895 atiniani
266 2832 373 2896 edicto
393 2832 611 2908 subscribere,
635 2833 665 2895 in
686 2833 799 2896 eodem
821 2832 921 2897 exitio
949 2845 1133 2912 sermonem
1154 2846 1232 2894 con·

118 2933 224 3002 texuit
245 2931 285 2996 da
307 2931 514 3012 passibilitate
535 2941 569 2996 et
589 2932 847 3013 impassibilitate
868 2931 1000 2998 Christi.
1017 2929 1079 2996 Ubi
1099 2947 1238 3024 summo·

114 3033 226 3097 studio
246 3051 288 3100 ex
311 3033 533 3098 incarnatione
548 3031 646 3098 Verbi
669 3034 808 3116 probare
822 3033 949 3098 studuit
970 3034 1001 3095 io
1016 3031 1145 3097 Christo
1161 3030 1232 3096 Deo
1263 3053 1269 3068 ⁸

118 3133 218 3198 simui
238 3143 270 3198 ot
292 3135 422 3198 bomine
443 3134 732 3214 impassibilitatem
753 3143 785 3197 et
800 3135 978 3212 passionem
1000 3133 1184 3197 naturalem
1205 3131 1235 3223 ig

117 3236 189 3298 dest
203 3241 340 3299 naturae
354 3243 538 3316 assumptae
561 3237 746 3317 propriam:
774 3235 891 3300 docens
913 3254 954 3299 es
979 3235 1125 3316 ejusdcm
1137 3232 1233 3302 cbri-

117 3340 157 3400 ati
181 3337 310 3400 verbis:
343 3339 495 3418 quomodo
516 3355 589 3417 erpo
616 3333 831 3418 implebuntur
858 3333 1058 3418 Scriptores,
1087 3333 1165 3418 quic
1184 3331 1232 3399 sic

116 3448 236 3518 oportet
255 3439 337 3519 fieri,
359 3441 543 3504 necessario
565 3437 730 3504 Cbristnm
759 3449 908 3508 naturam
937 3439 1112 3503 bomaoam
1132 3439 1235 3522 morti

117 3541 298 3630 subjeetum
314 3543 534 3621 assumpsisse:
547 3542 626 3621 quin
639 3541 762 3622 aliquid
778 3542 991 3623 subjungeret
1004 3539 1045 3605 da
1059 3541 1126 3622 ipsu
1138 3537 1234 3604 cbri-

117 3640 158 3702 sti
179 3658 278 3704 carue
295 3637 405 3704 Verbo
421 3638 478 3703 Dei
501 3643 672 3716 associata,
688 3642 903 3706 conditionem
926 3644 1074 3722 corporis
1089 3639 1234 3722 impassi·
1284 3651 1287 3658 ’

118 3739 192 3804 bilis
212 3742 267 3802 ,vei
289 3742 545 3822 incorruptibilis
566 3743 786 3822 praeferentis
804 3742 891 3822 qnod
915 3741 1047 3823 quidem
1068 3759 1110 3805 ex
1132 3741 1234 3820 ipsius

119 3837 218 3904 Verbi
234 3843 402 3907 volontate
418 3843 567 3925 passibile
582 3842 717 3920 iactum,
730 3842 931 3923 passionibus
945 3841 1095 3907 submisit
1108 3841 1236 3922 absque

120 3949 266 4020 peceato.
1228 4013 1232 4020 ,

119 4097 126 4106 .
197 4041 359 4120 Secundo,
392 4041 465 4109 inde
487 4045 693 4114 iaisissimnm
723 4044 1030 4125 conquestiones,
1053 4045 1095 4107 ita
1117 4041 1237 4104 docen-

118 4149 182 4206 tum
206 4144 237 4206 in
257 4129 319 4234 suo
350 4145 455 4210 edicto
476 4145 708 4222 lastinianum,
731 4146 814 4210 idest
834 4143 943 4210 Verbo
965 4142 1023 4210 Dei
1045 4140 1261 4232 permittes-f'

117 4257 161 4322 te,
179 4247 210 4308 in
232 4265 293 4312 sno
312 4266 451 4328 corporo
472 4249 530 4314 etsi
554 4248 739 4328 impassibili
754 4256 786 4311 et
808 4246 1048 4328 incorruptibili
1066 4245 1231 4313 Christum
