2982 4934
332 353 394 422 m

335 459 419 534 nius,
442 473 515 519 cum
537 456 660 521 Joaooe
682 457 830 522 concredi
853 457 976 538 penitus
990 455 1178 520 detrectans.
1198 450 1319 516 Verum
1335 451 1422 532 privt-

336 561 393 620 tim
413 562 596 624 convocatis
617 562 785 642 episcopis,
807 561 863 640 qui
886 567 962 622 tuuc
980 554 1254 635 Constantinopoli
1277 553 1422 616 morebru

334 669 401 734 tur,
415 676 546 739 eaquae
563 660 718 724 adversus
732 660 832 724 libros
842 659 989 740 Origenia
1004 659 1132 722 decreta
1147 665 1251 730 erant,
1265 655 1327 716 iliis
1338 661 1423 716 osteo

338 761 421 824 dit.»
443 758 588 825 Ostendit
608 761 782 838 nimirum,
805 762 877 825 dico
898 779 970 842 ego,
998 761 1121 824 litteras
1148 757 1316 838 synodicas
1342 751 1425 816 Theo·
1487 787 1488 790 =

319 873 322 879 ·
339 862 428 942 phili,
444 880 501 927 seu
518 863 622 942 potius
636 871 801 946 syntagma
825 862 976 944 perfidiae
991 879 1085 941 opus,
1102 879 1143 922 ex
1165 858 1287 922 taisatis
1301 855 1426 936 Origenis

335 964 479 1026 sensibus
498 964 712 1028 etahcmmm.

413 1062 488 1126 nhc
502 1066 623 1126 interea
645 1063 807 1128 nonnullis
826 1062 957 1145 quidem
979 1063 1149 1144 persuasit,
1165 1070 1203 1125 ut
1216 1060 1353 1125 decretis
1364 1057 1424 1120 sub

332 1164 521 1242 scribereut3
534 1164 645 1246 piures
657 1183 735 1228 vero
756 1165 785 1228 id
810 1164 915 1228 iacere
929 1175 1129 1228 recusarunt.
1146 1161 1343 1240 Quinimmo,
1358 1166 1422 1222 teste

332 1265 465 1331 Socrate
486 1269 517 1331 io
538 1267 623 1329 libro
639 1265 692 1328 tt.
708 1287 736 1332 e.
755 1264 814 1330 xii
831 1264 1017 1332 Theotimus
1041 1266 1217 1346 Epiphanio
1240 1265 1369 1334 restitit,
1389 1259 1423 1321 in·

331 1369 465 1448 quiens:
493 1367 604 1448 «Ego,
621 1368 790 1451 Epiphaui,
807 1386 911 1449 neque
931 1385 1006 1432 euru
1021 1369 1076 1448 qui
1095 1367 1162 1448 jam
1178 1365 1301 1444 pridem
1316 1364 1364 1442 pie
1380 1361 1424 1424 de·
1488 1397 1489 1436 ,

333 1470 463 1534 innotus
477 1479 536 1545 est,
553 1471 746 1536 contumelia
768 1469 896 1534 adicere
917 1470 1014 1548 rolo;
1037 1488 1141 1550 neque
1162 1467 1295 1547 impium
1316 1466 1423 1528 iactans
1488 1480 1489 1538 3

332 1571 462 1650 aggredi
477 1573 594 1646 audeo,
617 1582 654 1636 ιιι
676 1589 713 1634 ιι
728 1572 947 1648 condemnem,
969 1589 1054 1652 quae
1069 1569 1206 1650 majores
1227 1567 1327 1630 nostri
1348 1565 1424 1628 mini·
1488 1585 1489 1639 3

334 1691 384 1734 me
400 1674 622 1753 repudiaruutz
635 1675 823 1754 praesertim
838 1691 913 1736 cum
935 1674 1031 1735 seiam
1054 1673 1132 1734 nihii
1154 1670 1257 1732 maiae
1272 1667 1421 1730 doctrinae

334 1773 477 1838 inlibris
498 1775 646 1856 Origeuis
679 1775 825 1855 reperiri.
847 1772 949 1838 Simul
982 1773 1148 1852 protereus
1173 1771 1344 1853 quemdam
1363 1767 1422 1830 Ori·
1488 1825 1489 1838 ,

333 1875 420 1956 genis
440 1875 559 1939 librum
583 1878 720 1938 recitare
740 1876 867 1952 coepit,
890 1885 922 1938 ιι
944 1875 1157 1955 expositiones
1178 1873 1208 1934 in
1230 1891 1270 1934 ιο
1292 1869 1423 1934 ecelesia·
1489 1937 1490 1946 ἵ

330 1978 425 2041 stione
445 1975 592 2040 ostendit.
617 1974 737 2039 Deinde
757 1977 895 2056 subjecit
917 1979 995 2040 haec
1018 1975 1128 2038 verber
1154 1970 1220 2050 Qui
1244 1971 1321 2036 istos
1341 1969 1421 2032 tidros

331 2073 523 2139 contumelio
541 2073 697 2155 officiunt,
717 2074 745 2138 ii
763 2086 842 2138 certe
860 2093 925 2140 non
943 2077 1202 2140 unimoduertunt
1220 2092 1253 2136 ee
1273 2071 1341 2135 itte
1359 2067 1421 2150 ipn'a

329 2175 542 2242 uoluminibus
563 2176 781 2240 contumeliam
801 2178 928 2259 inferre,
944 2176 1105 2257 dequibus
1125 2173 1202 2238 iibri
1221 2172 1278 2238 isti
1297 2170 1420 2236 conscri-

328 2277 379 2359 ptt'
400 2286 526 2341 sunt.»

412 2402 428 2438 o
439 2378 653 2445 Nihilominus
664 2380 802 2446 loannes
814 2383 930 2462 (pergit
942 2381 1149 2460 Seeemenua)
1161 2381 1350 2461 obsequium
1361 2375 1420 2456 upt-

333 2483 450 2566 phanio
471 2482 636 2558 exhibens,
659 2484 762 2564 ipsurn
785 2484 977 2548 hortabatur
992 2495 1028 2547 nt
1048 2485 1201 2548 collectas
1220 2500 1330 2546 secum
1350 2477 1418 2544 cele·

333 2586 443 2649 bearet
457 2592 489 2648 et
504 2583 672 2650 habitaret.
696 2583 755 2648 Ast
769 2583 965 2665 Epiphanius
985 2605 1020 2649 se
1036 2603 1152 2666 neque,
1172 2584 1345 2665 respoudit,
1365 2579 1420 2660 ejus

331 2685 428 2748 dumo
450 2702 600 2764 usurum,
622 2703 681 2749 nec
700 2703 774 2749 cum
790 2705 829 2750 eo
849 2695 1021 2750 oraturum
1041 2705 1123 2762 esse,
1139 2687 1196 2748 nisi
1219 2686 1310 2765 prius
1323 2683 1418 2760 Orige
1481 2745 1486 2759 ¹

331 2788 379 2851 uis
400 2787 500 2850 iibros
520 2787 722 2867 damnasset3
743 2795 776 2851 et
798 2785 990 2852 {dioscurum
1006 2807 1069 2852 uua
1091 2805 1166 2851 cum
1187 2789 1282 2850 sociis
1296 2783 1418 2863 expulit·

330 2899 390 2952 set.
406 2887 466 2953 Sed
483 2905 556 2950 cum
573 2885 713 2953 ioannes
727 2898 799 2952 aute
812 2906 929 2953 causae
943 2893 1155 2969 coguitionem
1168 2889 1211 2952 ιιι
1227 2887 1333 2950 iacere
1347 2879 1415 2946 hand

329 2991 452 3070 iustum
474 3007 542 3051 esse
563 2990 696 3064 diceret,
718 3001 751 3053 ιι
770 2999 993 3055 cunctaretur:
1018 3002 1093 3054 tunc
1115 2991 1214 3070 ipsius
1236 2990 1340 3052 hostes
1357 3001 1417 3048 ceu·

332 3090 507 3153 suluerunt
528 3086 719 3170 Epiphanio,
743 3101 778 3154 ut
795 3089 971 3155 Ecclesiam
992 3091 1096 3156 adiret
1116 3097 1148 3154 ιι
1168 3088 1317 3169 Origeuis
1335 3086 1417 3149 iibrot

331 3190 533 3252 anathemate
561 3192 737 3255 damnaret.
767 3189 833 3254 Nisi
855 3194 940 3272 quod
962 3192 1095 3273 Serapio
1116 3210 1133 3255 a
1154 3190 1281 3256 Joaone
1302 3190 1414 3256 mbsut·

330 3297 429 3355 suasit
443 3291 619 3370 Epiphanio
634 3312 673 3356 ne
687 3294 766 3358 heec
781 3293 914 3370 iaceret,
929 3297 1048 3376 quippe
1068 3297 1215 3375 iniquum
1234 3305 1316 3358 esset
1334 3301 1414 3370 atque

331 3395 390 3458 aibi
412 3394 637 3475 perniciosum.
661 3393 700 3459 Et
721 3395 783 3458 huc
804 3397 899 3460 modo
924 3395 1091 3478 Epiphanii
1112 3399 1251 3476 impetus
1276 3391 1421 3459 cohibitus

334 3504 392 3558 ιιι.

414 3593 566 3660 «interea
579 3596 769 3660 Ammonius
781 3606 812 3659 et
826 3597 881 3677 qui
896 3615 970 3660 cnm
985 3613 1024 3658 eo
1037 3604 1129 3659 erunt
1141 3593 1345 3659 veneruntad
1360 3589 1415 3668 Epi·

333 3697 506 3778 phanium;
521 3696 552 3760 id
567 3697 663 3760 cuim·
674 3699 730 3777 ipsi
747 3698 914 3778 Augustae
934 3697 1114 3778 placuerat.
1132 3697 1280 3777 Cumque
1296 3693 1414 3776 epopta-

333 3799 403 3860 nius
424 3798 662 3876 interrogasset,
684 3798 814 3877 quiuam
836 3808 961 3861 essent:
987 3799 1150 3877 respoudit
1171 3797 1354 3863 Ammonius
1369 3811 1416 3883 pn

329 3919 402 3998 tepor
423 3897 511 3976 ionpi
530 3916 660 3974 snmus,
681 3917 702 3961 o
723 3898 828 3972 Pater.
857 3898 917 3966 Sed
941 3899 1078 3962 iibeoter
1096 3898 1245 3978 equidem
1267 3899 1411 3962 discerem,

334 4013 444 4065 utrum
467 4000 640 4079 aliquando
663 4001 693 4061 in
707 3999 880 4078 discipulos
901 3999 1002 4063 antio
1023 3999 1122 4060 libros
1137 4007 1263 4062 nostros
1277 3993 1411 4060 incideris

335 4098 395 4164 ttto
416 4112 560 4182 negante,
583 4103 700 4164 iterum
715 4101 872 4180 quaesivit
895 4099 1101 4163 Ammoniusa
1118 4099 1203 4162 uude
1224 4117 1300 4180 ergo
1320 4098 1410 4160 heere

334 4204 411 4267 ticos
432 4223 486 4266 eos
507 4221 574 4266 esse
593 4202 755 4283 judicasti,
771 4203 827 4282 qui
848 4200 1086 4280 nuliumhabes
1106 4209 1340 4280 argumentum,
1358 4203 1410 4274 qut
