<?xml version="1.0" encoding="UTF-8"?>
<!DOCTYPE html PUBLIC "-//W3C//DTD XHTML 1.0 Transitional//EN"
    "http://www.w3.org/TR/xhtml1/DTD/xhtml1-transitional.dtd">
<html xmlns="http://www.w3.org/1999/xhtml" xml:lang="en" lang="en">
 <head>
  <title>
</title>
<meta http-equiv="Content-Type" content="text/html;charset=utf-8" />
  <meta name='ocr-system' content='tesseract 3.04.00' />
  <meta name='ocr-capabilities' content='ocr_page ocr_carea ocr_par ocr_line ocrx_word'/>
</head>
<body>
  <div class='ocr_page' id='page_1' title='image "./insgregoriinyss01vincgoog/insgregoriinyss01vincgoog_0087.png"; bbox 0 0 3186 4946; ppageno 0'>
   <div class='ocr_carea' id='block_1_1' title="bbox 353 493 1559 3396">
    <p class='ocr_par' dir='ltr' id='par_1_1' title="bbox 353 493 1559 3396">
     <span class='ocr_line' id='line_1_1' title="bbox 356 493 1559 576; baseline -0.002 -16"><span class='ocrx_word' id='word_1_1' title='bbox 356 516 436 576; x_wconf 87' lang='lat' dir='ltr'><strong>pora</strong></span> <span class='ocrx_word' id='word_1_2' title='bbox 456 505 489 562; x_wconf 89' lang='lat' dir='ltr'><strong>et</strong></span> <span class='ocrx_word' id='word_1_3' title='bbox 508 497 595 559; x_wconf 90' lang='lat' dir='ltr'><strong>omui</strong></span> <span class='ocrx_word' id='word_1_4' title='bbox 616 496 762 575; x_wconf 74' lang='lat' dir='ltr'><strong>passione</strong></span> <span class='ocrx_word' id='word_1_5' title='bbox 783 505 916 576; x_wconf 82' lang='lat' dir='ltr'><strong>extare3</strong></span> <span class='ocrx_word' id='word_1_6' title='bbox 938 513 997 576; x_wconf 87' lang='lat' dir='ltr'><strong>per</strong></span> <span class='ocrx_word' id='word_1_7' title='bbox 1016 495 1159 559; x_wconf 87' lang='lat' dir='ltr'><strong>secundo</strong></span> <span class='ocrx_word' id='word_1_8' title='bbox 1175 495 1249 561; x_wconf 93' lang='lat' dir='ltr'><strong>loco</strong></span> <span class='ocrx_word' id='word_1_9' title='bbox 1263 495 1405 576; x_wconf 89' lang='lat' dir='ltr'><strong>positum</strong></span> <span class='ocrx_word' id='word_1_10' title='bbox 1423 493 1476 558; x_wconf 83' lang='lat' dir='ltr'><strong>Pi·</strong></span> <span class='ocrx_word' id='word_1_11' title='bbox 1558 559 1559 572; x_wconf 56' lang='grc'>,</span> 
     </span>
     <span class='ocr_line' id='line_1_2' title="bbox 356 596 1559 678; baseline 0 -20"><span class='ocrx_word' id='word_1_12' title='bbox 356 597 436 660; x_wconf 95' lang='lat' dir='ltr'><strong>lium</strong></span> <span class='ocrx_word' id='word_1_13' title='bbox 457 617 567 672; x_wconf 89' lang='lat' dir='ltr'><strong>suum,</strong></span> <span class='ocrx_word' id='word_1_14' title='bbox 590 616 653 661; x_wconf 92' lang='lat' dir='ltr'><strong>uon</strong></span> <span class='ocrx_word' id='word_1_15' title='bbox 674 599 704 659; x_wconf 91' lang='lat' dir='ltr'><strong>iu</strong></span> <span class='ocrx_word' id='word_1_16' title='bbox 728 607 874 678; x_wconf 88' lang='lat' dir='ltr'><strong>tempore</strong></span> <span class='ocrx_word' id='word_1_17' title='bbox 894 599 1039 678; x_wconf 88' lang='lat' dir='ltr'><strong>quidem,</strong></span> <span class='ocrx_word' id='word_1_18' title='bbox 1061 599 1115 659; x_wconf 89' lang='lat' dir='ltr'><strong>sed</strong></span> <span class='ocrx_word' id='word_1_19' title='bbox 1138 603 1211 658; x_wconf 87' lang='lat' dir='ltr'><strong>aute</strong></span> <span class='ocrx_word' id='word_1_20' title='bbox 1232 596 1341 659; x_wconf 91' lang='lat' dir='ltr'><strong>secula</strong></span> <span class='ocrx_word' id='word_1_21' title='bbox 1363 597 1472 660; x_wconf 85' lang='lat' dir='ltr'><strong>omuia</strong></span> <span class='ocrx_word' id='word_1_22' title='bbox 1558 607 1559 674; x_wconf 60' lang='grc' dir='ltr'>ξ</span> 
     </span>
     <span class='ocr_line' id='line_1_3' title="bbox 358 695 758 778; baseline 0.013 -20"><span class='ocrx_word' id='word_1_23' title='bbox 358 695 479 760; x_wconf 86' lang='lat' dir='ltr'><strong>Filium</strong></span> <span class='ocrx_word' id='word_1_24' title='bbox 501 701 719 778; x_wconf 85' lang='lat' dir='ltr'><strong>progenuisse.</strong></span> <span class='ocrx_word' id='word_1_25' title='bbox 741 717 758 754; x_wconf 81' lang='lat' dir='ltr'><strong>a</strong></span> 
     </span>
     <span class='ocr_line' id='line_1_4' title="bbox 392 795 1559 879; baseline 0 -21"><span class='ocrx_word' id='word_1_26' title='bbox 392 863 396 868; x_wconf 68' lang='grc'><em>,</em></span> <span class='ocrx_word' id='word_1_27' title='bbox 436 795 549 860; x_wconf 87' lang='lat' dir='ltr'><strong>Postea</strong></span> <span class='ocrx_word' id='word_1_28' title='bbox 572 799 610 861; x_wconf 88' lang='lat' dir='ltr'><strong>de</strong></span> <span class='ocrx_word' id='word_1_29' title='bbox 631 797 771 879; x_wconf 77' lang='lat' dir='ltr'><strong>Origene</strong></span> <span class='ocrx_word' id='word_1_30' title='bbox 792 800 905 862; x_wconf 88' lang='lat' dir='ltr'><strong>eodem</strong></span> <span class='ocrx_word' id='word_1_31' title='bbox 926 801 970 862; x_wconf 89' lang='lat' dir='ltr'><strong>ait</strong></span> <span class='ocrx_word' id='word_1_32' title='bbox 993 798 1183 872; x_wconf 78' lang='lat' dir='ltr'><strong>Marcellus,</strong></span> <span class='ocrx_word' id='word_1_33' title='bbox 1200 799 1304 878; x_wconf 90' lang='lat' dir='ltr'><strong>ipsum</strong></span> <span class='ocrx_word' id='word_1_34' title='bbox 1321 806 1472 860; x_wconf 79' lang='lat' dir='ltr'><strong>recenter</strong></span> <span class='ocrx_word' id='word_1_35' title='bbox 1558 815 1559 844; x_wconf 64' lang='lat'>1</span> 
     </span>
     <span class='ocr_line' id='line_1_5' title="bbox 357 895 1474 978; baseline 0.003 -23"><span class='ocrx_word' id='word_1_36' title='bbox 357 895 569 960; x_wconf 66' lang='lat' dir='ltr'><strong>divertentem</strong></span> <span class='ocrx_word' id='word_1_37' title='bbox 592 917 608 959; x_wconf 89' lang='lat' dir='ltr'><strong>a</strong></span> <span class='ocrx_word' id='word_1_38' title='bbox 631 899 749 960; x_wconf 90' lang='lat' dir='ltr'><strong>scholis</strong></span> <span class='ocrx_word' id='word_1_39' title='bbox 771 899 1018 978; x_wconf 78' lang='lat' dir='ltr'><strong>philosophicis,</strong></span> <span class='ocrx_word' id='word_1_40' title='bbox 1042 900 1158 963; x_wconf 88' lang='lat' dir='ltr'><strong>litteris</strong></span> <span class='ocrx_word' id='word_1_41' title='bbox 1179 899 1293 960; x_wconf 86' lang='lat' dir='ltr'><strong>divinis</strong></span> <span class='ocrx_word' id='word_1_42' title='bbox 1313 915 1347 960; x_wconf 89' lang='lat' dir='ltr'><strong>se</strong></span> <span class='ocrx_word' id='word_1_43' title='bbox 1369 897 1474 977; x_wconf 90' lang='lat' dir='ltr'><strong>appli-</strong></span> 
     </span>
     <span class='ocr_line' id='line_1_6' title="bbox 360 997 1474 1079; baseline -0.001 -20"><span class='ocrx_word' id='word_1_44' title='bbox 360 997 464 1060; x_wconf 89' lang='lat' dir='ltr'><strong>cuisse</strong></span> <span class='ocrx_word' id='word_1_45' title='bbox 474 1018 486 1074; x_wconf 82' lang='lat'>3</span> <span class='ocrx_word' id='word_1_46' title='bbox 509 1017 546 1060; x_wconf 89' lang='lat' dir='ltr'><strong>ac</strong></span> <span class='ocrx_word' id='word_1_47' title='bbox 568 1017 626 1078; x_wconf 89' lang='lat' dir='ltr'><strong>per</strong></span> <span class='ocrx_word' id='word_1_48' title='bbox 640 999 875 1079; x_wconf 90' lang='lat' dir='ltr'><strong>philosophiam</strong></span> <span class='ocrx_word' id='word_1_49' title='bbox 889 1001 1072 1074; x_wconf 90' lang='lat' dir='ltr'><strong>seductum,</strong></span> <span class='ocrx_word' id='word_1_50' title='bbox 1089 1001 1248 1079; x_wconf 87' lang='lat' dir='ltr'><strong>quaedam</strong></span> <span class='ocrx_word' id='word_1_51' title='bbox 1265 1000 1369 1062; x_wconf 90' lang='lat' dir='ltr'><strong>miuus</strong></span> <span class='ocrx_word' id='word_1_52' title='bbox 1386 1005 1474 1058; x_wconf 86' lang='lat' dir='ltr'><strong>recta</strong></span> 
     </span>
     <span class='ocr_line' id='line_1_7' title="bbox 353 1094 1473 1180; baseline 0.002 -24"><span class='ocrx_word' id='word_1_53' title='bbox 353 1098 527 1175; x_wconf 86' lang='lat' dir='ltr'><strong>scripsisse.</strong></span> <span class='ocrx_word' id='word_1_54' title='bbox 542 1096 603 1160; x_wconf 84' lang='lat' dir='ltr'><strong>Ex.</strong></span> <span class='ocrx_word' id='word_1_55' title='bbox 622 1117 650 1178; x_wconf 88' lang='lat' dir='ltr'><strong>g.</strong></span> <span class='ocrx_word' id='word_1_56' title='bbox 676 1099 918 1162; x_wconf 78' lang='lat' dir='ltr'><strong>Platonicorum</strong></span> <span class='ocrx_word' id='word_1_57' title='bbox 941 1101 1128 1180; x_wconf 87' lang='lat' dir='ltr'><strong>dogmatum</strong></span> <span class='ocrx_word' id='word_1_58' title='bbox 1151 1104 1288 1170; x_wconf 84' lang='lat' dir='ltr'><strong>memor,</strong></span> <span class='ocrx_word' id='word_1_59' title='bbox 1317 1107 1349 1160; x_wconf 92' lang='lat' dir='ltr'><strong>et</strong></span> <span class='ocrx_word' id='word_1_60' title='bbox 1372 1094 1473 1161; x_wconf 87' lang='lat' dir='ltr'><strong>Prin·</strong></span> 
     </span>
     <span class='ocr_line' id='line_1_8' title="bbox 355 1194 1471 1280; baseline 0 -22"><span class='ocrx_word' id='word_1_61' title='bbox 355 1194 507 1275; x_wconf 83' lang='lat' dir='ltr'><strong>cipiorum</strong></span> <span class='ocrx_word' id='word_1_62' title='bbox 530 1218 614 1277; x_wconf 88' lang='lat' dir='ltr'><strong>quae</strong></span> <span class='ocrx_word' id='word_1_63' title='bbox 636 1201 763 1262; x_wconf 84' lang='lat' dir='ltr'><strong>diversa</strong></span> <span class='ocrx_word' id='word_1_64' title='bbox 784 1209 859 1264; x_wconf 88' lang='lat' dir='ltr'><strong>sunt</strong></span> <span class='ocrx_word' id='word_1_65' title='bbox 890 1202 978 1280; x_wconf 89' lang='lat' dir='ltr'><strong>apud</strong></span> <span class='ocrx_word' id='word_1_66' title='bbox 1000 1203 1116 1276; x_wconf 91' lang='lat' dir='ltr'><strong>iilum,</strong></span> <span class='ocrx_word' id='word_1_67' title='bbox 1139 1199 1273 1263; x_wconf 88' lang='lat' dir='ltr'><strong>Librum</strong></span> <span class='ocrx_word' id='word_1_68' title='bbox 1301 1199 1402 1264; x_wconf 84' lang='lat' dir='ltr'><strong>edidit</strong></span> <span class='ocrx_word' id='word_1_69' title='bbox 1427 1197 1471 1260; x_wconf 83' lang='lat' dir='ltr'><strong>Oe</strong></span> 
     </span>
     <span class='ocr_line' id='line_1_9' title="bbox 356 1296 1472 1382; baseline -0.001 -20"><span class='ocrx_word' id='word_1_70' title='bbox 356 1296 556 1379; x_wconf 77' lang='lat' dir='ltr'><strong>Principiis:</strong></span> <span class='ocrx_word' id='word_1_71' title='bbox 580 1321 597 1360; x_wconf 84' lang='lat' dir='ltr'><strong>n</strong></span> <span class='ocrx_word' id='word_1_72' title='bbox 614 1299 706 1376; x_wconf 87' lang='lat' dir='ltr'><strong>Quae</strong></span> <span class='ocrx_word' id='word_1_73' title='bbox 727 1301 858 1380; x_wconf 89' lang='lat' dir='ltr'><strong>quidem</strong></span> <span class='ocrx_word' id='word_1_74' title='bbox 879 1302 1044 1382; x_wconf 87' lang='lat' dir='ltr'><strong>inscriptio</strong></span> <span class='ocrx_word' id='word_1_75' title='bbox 1059 1309 1250 1382; x_wconf 89' lang='lat' dir='ltr'><strong>argumento</strong></span> <span class='ocrx_word' id='word_1_76' title='bbox 1265 1299 1334 1366; x_wconf 76' lang='lat' dir='ltr'><strong>esais</strong></span> <span class='ocrx_word' id='word_1_77' title='bbox 1348 1301 1472 1380; x_wconf 91' lang='lat' dir='ltr'><strong>poterit</strong></span> 
     </span>
     <span class='ocr_line' id='line_1_10' title="bbox 356 1399 1469 1482; baseline 0.003 -22"><span class='ocrx_word' id='word_1_78' title='bbox 356 1415 420 1462; x_wconf 92' lang='lat' dir='ltr'><strong>nou</strong></span> <span class='ocrx_word' id='word_1_79' title='bbox 443 1399 583 1479; x_wconf 83' lang='lat' dir='ltr'><strong>vulgari,</strong></span> <span class='ocrx_word' id='word_1_80' title='bbox 606 1419 669 1462; x_wconf 92' lang='lat' dir='ltr'><strong>unu</strong></span> <span class='ocrx_word' id='word_1_81' title='bbox 690 1401 821 1465; x_wconf 82' lang='lat' dir='ltr'><strong>aliunde</strong></span> <span class='ocrx_word' id='word_1_82' title='bbox 841 1420 916 1465; x_wconf 90' lang='lat' dir='ltr'><strong>eum</strong></span> <span class='ocrx_word' id='word_1_83' title='bbox 939 1404 1104 1475; x_wconf 89' lang='lat' dir='ltr'><strong>nimirum,</strong></span> <span class='ocrx_word' id='word_1_84' title='bbox 1121 1419 1219 1482; x_wconf 86' lang='lat' dir='ltr'><strong>quam</strong></span> <span class='ocrx_word' id='word_1_85' title='bbox 1235 1400 1415 1479; x_wconf 85' lang='lat' dir='ltr'><strong>aPlatoue,</strong></span> <span class='ocrx_word' id='word_1_86' title='bbox 1432 1419 1469 1464; x_wconf 87' lang='lat' dir='ltr'><strong>ea</strong></span> 
     </span>
     <span class='ocr_line' id='line_1_11' title="bbox 356 1501 1474 1583; baseline -0.001 -19"><span class='ocrx_word' id='word_1_87' title='bbox 356 1501 462 1564; x_wconf 87' lang='lat' dir='ltr'><strong>omnia</strong></span> <span class='ocrx_word' id='word_1_88' title='bbox 485 1509 669 1566; x_wconf 86' lang='lat' dir='ltr'><strong>mutuatum</strong></span> <span class='ocrx_word' id='word_1_89' title='bbox 690 1511 787 1567; x_wconf 76' lang='lat' dir='ltr'><strong>etc.»</strong></span> <span class='ocrx_word' id='word_1_90' title='bbox 809 1503 869 1570; x_wconf 85' lang='lat' dir='ltr'><strong>Oui</strong></span> <span class='ocrx_word' id='word_1_91' title='bbox 893 1503 1052 1568; x_wconf 79' lang='lat' dir='ltr'><strong>Eusebius</strong></span> <span class='ocrx_word' id='word_1_92' title='bbox 1078 1505 1297 1583; x_wconf 85' lang='lat' dir='ltr'><strong>respondeus:</strong></span> <span class='ocrx_word' id='word_1_93' title='bbox 1317 1501 1474 1567; x_wconf 76' lang='lat' dir='ltr'><strong>«Nullus</strong></span> 
     </span>
     <span class='ocr_line' id='line_1_12' title="bbox 355 1602 1473 1686; baseline 0.002 -24"><span class='ocrx_word' id='word_1_94' title='bbox 355 1602 453 1678; x_wconf 88' lang='lat' dir='ltr'><strong>liber,</strong></span> <span class='ocrx_word' id='word_1_95' title='bbox 474 1603 531 1679; x_wconf 89' lang='lat' dir='ltr'><strong>ait,</strong></span> <span class='ocrx_word' id='word_1_96' title='bbox 554 1622 571 1665; x_wconf 91' lang='lat' dir='ltr'><strong>a</strong></span> <span class='ocrx_word' id='word_1_97' title='bbox 594 1603 727 1667; x_wconf 89' lang='lat' dir='ltr'><strong>Platone</strong></span> <span class='ocrx_word' id='word_1_98' title='bbox 747 1605 888 1686; x_wconf 89' lang='lat' dir='ltr'><strong>scriptus</strong></span> <span class='ocrx_word' id='word_1_99' title='bbox 908 1608 970 1669; x_wconf 89' lang='lat' dir='ltr'><strong>hoc</strong></span> <span class='ocrx_word' id='word_1_100' title='bbox 985 1605 1081 1669; x_wconf 92' lang='lat' dir='ltr'><strong>titulo</strong></span> <span class='ocrx_word' id='word_1_101' title='bbox 1099 1603 1292 1669; x_wconf 82' lang='lat' dir='ltr'><strong>Periarchon</strong></span> <span class='ocrx_word' id='word_1_102' title='bbox 1313 1620 1473 1667; x_wconf 88' lang='lat' dir='ltr'><strong>memora·</strong></span> 
     </span>
     <span class='ocr_line' id='line_1_13' title="bbox 356 1704 1474 1788; baseline -0.001 -21"><span class='ocrx_word' id='word_1_103' title='bbox 356 1713 412 1767; x_wconf 90' lang='lat' dir='ltr'><strong>tur</strong></span> <span class='ocrx_word' id='word_1_104' title='bbox 421 1723 433 1783; x_wconf 81' lang='lat'>3</span> <span class='ocrx_word' id='word_1_105' title='bbox 456 1721 515 1766; x_wconf 90' lang='lat' dir='ltr'><strong>acc</strong></span> <span class='ocrx_word' id='word_1_106' title='bbox 529 1713 565 1767; x_wconf 88' lang='lat' dir='ltr'><strong>ut</strong></span> <span class='ocrx_word' id='word_1_107' title='bbox 586 1704 680 1768; x_wconf 86' lang='lat' dir='ltr'><strong>Plato</strong></span> <span class='ocrx_word' id='word_1_108' title='bbox 695 1705 851 1787; x_wconf 75' lang='lat' dir='ltr'><strong>Origenes</strong></span> <span class='ocrx_word' id='word_1_109' title='bbox 869 1706 914 1769; x_wconf 84' lang='lat' dir='ltr'><strong>De</strong></span> <span class='ocrx_word' id='word_1_110' title='bbox 927 1705 1104 1788; x_wconf 81' lang='lat' dir='ltr'><strong>Principiis</strong></span> <span class='ocrx_word' id='word_1_111' title='bbox 1126 1707 1293 1782; x_wconf 82' lang='lat' dir='ltr'><strong>sentiebat,</strong></span> <span class='ocrx_word' id='word_1_112' title='bbox 1305 1707 1362 1785; x_wconf 87' lang='lat' dir='ltr'><strong>qui</strong></span> <span class='ocrx_word' id='word_1_113' title='bbox 1382 1704 1474 1768; x_wconf 91' lang='lat' dir='ltr'><strong>Prin·</strong></span> 
     </span>
     <span class='ocr_line' id='line_1_14' title="bbox 356 1802 1472 1898; baseline 0.001 -34"><span class='ocrx_word' id='word_1_114' title='bbox 356 1802 476 1883; x_wconf 81' lang='lat' dir='ltr'><strong>cipiunt</strong></span> <span class='ocrx_word' id='word_1_115' title='bbox 498 1805 630 1868; x_wconf 86' lang='lat' dir='ltr'><strong>unicam</strong></span> <span class='ocrx_word' id='word_1_116' title='bbox 653 1802 821 1898; x_wconf 71' lang='grc' dir='ltr'><strong><em>ἀγέννητον</em></strong></span> <span class='ocrx_word' id='word_1_117' title='bbox 843 1807 1018 1885; x_wconf 89' lang='lat' dir='ltr'><strong>ingenitum</strong></span> <span class='ocrx_word' id='word_1_118' title='bbox 1040 1816 1072 1869; x_wconf 87' lang='lat' dir='ltr'><strong>et</strong></span> <span class='ocrx_word' id='word_1_119' title='bbox 1092 1807 1159 1869; x_wconf 88' lang='lat' dir='ltr'><strong>siue</strong></span> <span class='ocrx_word' id='word_1_120' title='bbox 1183 1806 1341 1887; x_wconf 87' lang='lat' dir='ltr'><strong>principio</strong></span> <span class='ocrx_word' id='word_1_121' title='bbox 1370 1820 1472 1885; x_wconf 89' lang='lat' dir='ltr'><strong>super</strong></span> 
     </span>
     <span class='ocr_line' id='line_1_15' title="bbox 354 1904 1474 1987; baseline -0.001 -20"><span class='ocrx_word' id='word_1_122' title='bbox 354 1905 462 1968; x_wconf 87' lang='lat' dir='ltr'><strong>omnia</strong></span> <span class='ocrx_word' id='word_1_123' title='bbox 483 1923 557 1969; x_wconf 91' lang='lat' dir='ltr'><strong>cum</strong></span> <span class='ocrx_word' id='word_1_124' title='bbox 579 1914 752 1986; x_wconf 86' lang='lat' dir='ltr'><strong>agnoscat,</strong></span> <span class='ocrx_word' id='word_1_125' title='bbox 775 1925 850 1970; x_wconf 91' lang='lat' dir='ltr'><strong>eum</strong></span> <span class='ocrx_word' id='word_1_126' title='bbox 873 1909 976 1987; x_wconf 91' lang='lat' dir='ltr'><strong>ipsum</strong></span> <span class='ocrx_word' id='word_1_127' title='bbox 997 1909 1110 1969; x_wconf 88' lang='lat' dir='ltr'><strong>slaluit</strong></span> <span class='ocrx_word' id='word_1_128' title='bbox 1141 1924 1208 1969; x_wconf 89' lang='lat' dir='ltr'><strong>esse</strong></span> <span class='ocrx_word' id='word_1_129' title='bbox 1227 1904 1354 1969; x_wconf 88' lang='lat' dir='ltr'><strong>Patrem</strong></span> <span class='ocrx_word' id='word_1_130' title='bbox 1378 1905 1474 1969; x_wconf 85' lang='lat' dir='ltr'><strong>unius</strong></span> 
     </span>
     <span class='ocr_line' id='line_1_16' title="bbox 355 2005 1190 2087; baseline 0.001 -20"><span class='ocrx_word' id='word_1_131' title='bbox 355 2006 507 2085; x_wconf 90' lang='lat' dir='ltr'><strong>unigeniti</strong></span> <span class='ocrx_word' id='word_1_132' title='bbox 531 2005 615 2082; x_wconf 85' lang='lat' dir='ltr'><strong>Filii,</strong></span> <span class='ocrx_word' id='word_1_133' title='bbox 639 2024 698 2086; x_wconf 92' lang='lat' dir='ltr'><strong>per</strong></span> <span class='ocrx_word' id='word_1_134' title='bbox 718 2026 816 2087; x_wconf 88' lang='lat' dir='ltr'><strong>quem</strong></span> <span class='ocrx_word' id='word_1_135' title='bbox 837 2009 942 2070; x_wconf 90' lang='lat' dir='ltr'><strong>omnia</strong></span> <span class='ocrx_word' id='word_1_136' title='bbox 966 2007 1050 2070; x_wconf 85' lang='lat' dir='ltr'><strong>iacta</strong></span> <span class='ocrx_word' id='word_1_137' title='bbox 1071 2016 1154 2069; x_wconf 90' lang='lat' dir='ltr'><strong>sunl.</strong></span> <span class='ocrx_word' id='word_1_138' title='bbox 1174 2025 1190 2062; x_wconf 82' lang='lat' dir='ltr'><strong>u</strong></span> 
     </span>
     <span class='ocr_line' id='line_1_17' title="bbox 435 2104 1472 2189; baseline -0.004 -19"><span class='ocrx_word' id='word_1_139' title='bbox 435 2104 517 2170; x_wconf 88' lang='lat' dir='ltr'><strong>Cum</strong></span> <span class='ocrx_word' id='word_1_140' title='bbox 532 2125 610 2187; x_wconf 91' lang='lat' dir='ltr'><strong>ergo</strong></span> <span class='ocrx_word' id='word_1_141' title='bbox 626 2105 804 2171; x_wconf 82' lang='lat' dir='ltr'><strong>Marcellus</strong></span> <span class='ocrx_word' id='word_1_142' title='bbox 820 2110 858 2170; x_wconf 92' lang='lat' dir='ltr'><strong>ad</strong></span> <span class='ocrx_word' id='word_1_143' title='bbox 876 2109 1138 2189; x_wconf 76' lang='lat' dir='ltr'><strong>propugnandam</strong></span> <span class='ocrx_word' id='word_1_144' title='bbox 1152 2107 1283 2171; x_wconf 89' lang='lat' dir='ltr'><strong>Sabellii</strong></span> <span class='ocrx_word' id='word_1_145' title='bbox 1301 2106 1472 2177; x_wconf 89' lang='lat' dir='ltr'><strong>haeresim,</strong></span> 
     </span>
     <span class='ocr_line' id='line_1_18' title="bbox 356 2203 1474 2288; baseline -0.002 -22"><span class='ocrx_word' id='word_1_146' title='bbox 356 2205 388 2267; x_wconf 91' lang='lat' dir='ltr'><strong>iu</strong></span> <span class='ocrx_word' id='word_1_147' title='bbox 411 2203 575 2270; x_wconf 86' lang='lat' dir='ltr'><strong>Ecclesiae</strong></span> <span class='ocrx_word' id='word_1_148' title='bbox 597 2207 709 2270; x_wconf 87' lang='lat' dir='ltr'><strong>Patres</strong></span> <span class='ocrx_word' id='word_1_149' title='bbox 730 2208 825 2270; x_wconf 90' lang='lat' dir='ltr'><strong>sicuti</strong></span> <span class='ocrx_word' id='word_1_150' title='bbox 847 2218 880 2271; x_wconf 91' lang='lat' dir='ltr'><strong>et</strong></span> <span class='ocrx_word' id='word_1_151' title='bbox 901 2209 932 2269; x_wconf 90' lang='lat' dir='ltr'><strong>iu</strong></span> <span class='ocrx_word' id='word_1_152' title='bbox 959 2208 1132 2288; x_wconf 88' lang='lat' dir='ltr'><strong>Origenem</strong></span> <span class='ocrx_word' id='word_1_153' title='bbox 1161 2207 1352 2284; x_wconf 82' lang='lat' dir='ltr'><strong>dimicaret3</strong></span> <span class='ocrx_word' id='word_1_154' title='bbox 1374 2223 1415 2268; x_wconf 86' lang='lat' dir='ltr'><strong>ao</strong></span> <span class='ocrx_word' id='word_1_155' title='bbox 1435 2203 1474 2264; x_wconf 88' lang='lat' dir='ltr'><strong>de</strong></span> 
     </span>
     <span class='ocr_line' id='line_1_19' title="bbox 358 2305 1559 2388; baseline -0.002 -21"><span class='ocrx_word' id='word_1_156' title='bbox 358 2305 420 2368; x_wconf 89' lang='lat' dir='ltr'><strong>hoc</strong></span> <span class='ocrx_word' id='word_1_157' title='bbox 441 2308 614 2370; x_wconf 84' lang='lat' dir='ltr'><strong>novissimo</strong></span> <span class='ocrx_word' id='word_1_158' title='bbox 632 2309 764 2388; x_wconf 89' lang='lat' dir='ltr'><strong>(quippe</strong></span> <span class='ocrx_word' id='word_1_159' title='bbox 780 2309 810 2370; x_wconf 91' lang='lat' dir='ltr'><strong>iu</strong></span> <span class='ocrx_word' id='word_1_160' title='bbox 824 2310 891 2371; x_wconf 88' lang='lat' dir='ltr'><strong>suis</strong></span> <span class='ocrx_word' id='word_1_161' title='bbox 906 2310 1158 2372; x_wconf 88' lang='lat' dir='ltr'><strong>institutionibus</strong></span> <span class='ocrx_word' id='word_1_162' title='bbox 1172 2309 1232 2371; x_wconf 88' lang='lat' dir='ltr'><strong>sihi</strong></span> <span class='ocrx_word' id='word_1_163' title='bbox 1246 2307 1473 2370; x_wconf 82' lang='lat' dir='ltr'><strong>adversarium</strong></span> <span class='ocrx_word' id='word_1_164' title='bbox 1558 2353 1559 2380; x_wconf 69' lang='lat'><strong>,</strong></span> 
     </span>
     <span class='ocr_line' id='line_1_20' title="bbox 358 2405 1559 2486; baseline -0.002 -18"><span class='ocrx_word' id='word_1_165' title='bbox 358 2408 525 2485; x_wconf 77' lang='lat' dir='ltr'><strong>expertus)</strong></span> <span class='ocrx_word' id='word_1_166' title='bbox 547 2408 626 2469; x_wconf 92' lang='lat' dir='ltr'><strong>nihil</strong></span> <span class='ocrx_word' id='word_1_167' title='bbox 647 2409 705 2471; x_wconf 91' lang='lat' dir='ltr'><strong>nisi</strong></span> <span class='ocrx_word' id='word_1_168' title='bbox 728 2408 808 2471; x_wconf 90' lang='lat' dir='ltr'><strong>laisa</strong></span> <span class='ocrx_word' id='word_1_169' title='bbox 839 2419 952 2472; x_wconf 90' lang='lat' dir='ltr'><strong>contra</strong></span> <span class='ocrx_word' id='word_1_170' title='bbox 978 2411 1127 2472; x_wconf 89' lang='lat' dir='ltr'><strong>eumdem</strong></span> <span class='ocrx_word' id='word_1_171' title='bbox 1157 2416 1394 2472; x_wconf 84' lang='lat' dir='ltr'><strong>commentatus</strong></span> <span class='ocrx_word' id='word_1_172' title='bbox 1414 2405 1471 2476; x_wconf 90' lang='lat' dir='ltr'><strong>sit,</strong></span> <span class='ocrx_word' id='word_1_173' title='bbox 1558 2437 1559 2486; x_wconf 59' lang='lat' dir='ltr'><strong>p</strong></span> 
     </span>
     <span class='ocr_line' id='line_1_21' title="bbox 359 2506 1474 2588; baseline 0 -19"><span class='ocrx_word' id='word_1_174' title='bbox 359 2514 395 2570; x_wconf 91' lang='lat' dir='ltr'><strong>nt</strong></span> <span class='ocrx_word' id='word_1_175' title='bbox 415 2508 514 2587; x_wconf 88' lang='lat' dir='ltr'><strong>ipsius</strong></span> <span class='ocrx_word' id='word_1_176' title='bbox 536 2508 736 2572; x_wconf 82' lang='lat' dir='ltr'><strong>convelleret</strong></span> <span class='ocrx_word' id='word_1_177' title='bbox 757 2511 997 2586; x_wconf 88' lang='lat' dir='ltr'><strong>anctoritatem,</strong></span> <span class='ocrx_word' id='word_1_178' title='bbox 1019 2509 1097 2573; x_wconf 93' lang='lat' dir='ltr'><strong>mihi</strong></span> <span class='ocrx_word' id='word_1_179' title='bbox 1115 2509 1368 2588; x_wconf 63' lang='lat' dir='ltr'><strong>niderostun-ipsi</strong></span> <span class='ocrx_word' id='word_1_180' title='bbox 1386 2506 1474 2571; x_wconf 81' lang='lat' dir='ltr'><strong>Mar·</strong></span> 
     </span>
     <span class='ocr_line' id='line_1_22' title="bbox 360 2606 1559 2690; baseline -0.002 -18"><span class='ocrx_word' id='word_1_181' title='bbox 360 2606 444 2672; x_wconf 84' lang='lat' dir='ltr'><strong>cello</strong></span> <span class='ocrx_word' id='word_1_182' title='bbox 465 2607 504 2671; x_wconf 88' lang='lat' dir='ltr'><strong>de</strong></span> <span class='ocrx_word' id='word_1_183' title='bbox 525 2609 651 2690; x_wconf 87' lang='lat' dir='ltr'><strong>scriptis</strong></span> <span class='ocrx_word' id='word_1_184' title='bbox 672 2608 820 2690; x_wconf 89' lang='lat' dir='ltr'><strong>Origeais</strong></span> <span class='ocrx_word' id='word_1_185' title='bbox 842 2609 1034 2687; x_wconf 88' lang='lat' dir='ltr'><strong>disserenti,</strong></span> <span class='ocrx_word' id='word_1_186' title='bbox 1057 2610 1152 2672; x_wconf 80' lang='lat' dir='ltr'><strong>aliter</strong></span> <span class='ocrx_word' id='word_1_187' title='bbox 1176 2611 1346 2673; x_wconf 89' lang='lat' dir='ltr'><strong>consilium</strong></span> <span class='ocrx_word' id='word_1_188' title='bbox 1376 2625 1472 2673; x_wconf 89' lang='lat' dir='ltr'><strong>snum</strong></span> <span class='ocrx_word' id='word_1_189' title='bbox 1558 2611 1559 2664; x_wconf 75' lang='lat' dir='ltr'><strong>i</strong></span> 
     </span>
     <span class='ocr_line' id='line_1_23' title="bbox 360 2707 1559 2790; baseline 0.003 -20"><span class='ocrx_word' id='word_1_190' title='bbox 360 2707 535 2772; x_wconf 89' lang='lat' dir='ltr'><strong>ineundum</strong></span> <span class='ocrx_word' id='word_1_191' title='bbox 558 2708 672 2772; x_wconf 77' lang='lat' dir='ltr'><strong>luisses</strong></span> <span class='ocrx_word' id='word_1_192' title='bbox 696 2727 734 2772; x_wconf 93' lang='lat' dir='ltr'><strong>ac</strong></span> <span class='ocrx_word' id='word_1_193' title='bbox 755 2728 815 2790; x_wconf 93' lang='lat' dir='ltr'><strong>pro</strong></span> <span class='ocrx_word' id='word_1_194' title='bbox 836 2729 870 2774; x_wconf 86' lang='lat' dir='ltr'><strong>se</strong></span> <span class='ocrx_word' id='word_1_195' title='bbox 890 2712 1023 2790; x_wconf 85' lang='lat' dir='ltr'><strong>suisque</strong></span> <span class='ocrx_word' id='word_1_196' title='bbox 1044 2712 1152 2789; x_wconf 84' lang='lat' dir='ltr'><strong>pravis</strong></span> <span class='ocrx_word' id='word_1_197' title='bbox 1173 2710 1376 2790; x_wconf 87' lang='lat' dir='ltr'><strong>opinionibus</strong></span> <span class='ocrx_word' id='word_1_198' title='bbox 1406 2726 1475 2772; x_wconf 83' lang='lat' dir='ltr'><strong>mu·</strong></span> <span class='ocrx_word' id='word_1_199' title='bbox 1558 2729 1559 2774; x_wconf 51' lang='grc' dir='ltr'><strong>ἱ</strong></span> 
     </span>
     <span class='ocr_line' id='line_1_24' title="bbox 361 2807 1473 2891; baseline -0.003 -20"><span class='ocrx_word' id='word_1_200' title='bbox 361 2810 466 2871; x_wconf 90' lang='lat' dir='ltr'><strong>nimeu</strong></span> <span class='ocrx_word' id='word_1_201' title='bbox 486 2827 586 2888; x_wconf 88' lang='lat' dir='ltr'><strong>super</strong></span> <span class='ocrx_word' id='word_1_202' title='bbox 607 2813 740 2874; x_wconf 88' lang='lat' dir='ltr'><strong>citatum</strong></span> <span class='ocrx_word' id='word_1_203' title='bbox 761 2829 843 2891; x_wconf 91' lang='lat' dir='ltr'><strong>opus</strong></span> <span class='ocrx_word' id='word_1_204' title='bbox 859 2809 903 2873; x_wconf 84' lang='lat' dir='ltr'><strong>Dc</strong></span> <span class='ocrx_word' id='word_1_205' title='bbox 920 2809 1097 2890; x_wconf 88' lang='lat' dir='ltr'><strong>Principiis</strong></span> <span class='ocrx_word' id='word_1_206' title='bbox 1118 2817 1274 2873; x_wconf 84' lang='lat' dir='ltr'><strong>extruere</strong></span> <span class='ocrx_word' id='word_1_207' title='bbox 1287 2819 1400 2872; x_wconf 86' lang='lat' dir='ltr'><strong>contra</strong></span> <span class='ocrx_word' id='word_1_208' title='bbox 1416 2807 1473 2872; x_wconf 87' lang='lat' dir='ltr'><strong>Ca·</strong></span> 
     </span>
     <span class='ocr_line' id='line_1_25' title="bbox 360 2910 1559 2992; baseline 0.003 -20"><span class='ocrx_word' id='word_1_209' title='bbox 360 2911 509 2986; x_wconf 89' lang='lat' dir='ltr'><strong>tbolicos,</strong></span> <span class='ocrx_word' id='word_1_210' title='bbox 531 2910 705 2992; x_wconf 86' lang='lat' dir='ltr'><strong>Origeuem</strong></span> <span class='ocrx_word' id='word_1_211' title='bbox 727 2911 928 2991; x_wconf 87' lang='lat' dir='ltr'><strong>impietatum</strong></span> <span class='ocrx_word' id='word_1_212' title='bbox 948 2929 1084 2975; x_wconf 87' lang='lat' dir='ltr'><strong>suarum</strong></span> <span class='ocrx_word' id='word_1_213' title='bbox 1107 2911 1263 2974; x_wconf 85' lang='lat' dir='ltr'><strong>vindicem</strong></span> <span class='ocrx_word' id='word_1_214' title='bbox 1285 2910 1471 2974; x_wconf 79' lang='lat' dir='ltr'><strong>advocanda</strong></span> <span class='ocrx_word' id='word_1_215' title='bbox 1558 2915 1559 2976; x_wconf 82' lang='lat' dir='ltr'><strong>l</strong></span> 
     </span>
     <span class='ocr_line' id='line_1_26' title="bbox 360 3010 1471 3096; baseline -0.002 -24"><span class='ocrx_word' id='word_1_216' title='bbox 360 3011 412 3090; x_wconf 91' lang='lat' dir='ltr'><strong>(de</strong></span> <span class='ocrx_word' id='word_1_217' title='bbox 433 3012 551 3091; x_wconf 88' lang='lat' dir='ltr'><strong>quibas</strong></span> <span class='ocrx_word' id='word_1_218' title='bbox 573 3019 682 3092; x_wconf 90' lang='lat' dir='ltr'><strong>postca</strong></span> <span class='ocrx_word' id='word_1_219' title='bbox 709 3010 932 3093; x_wconf 86' lang='lat' dir='ltr'><strong>Theophilus,</strong></span> <span class='ocrx_word' id='word_1_220' title='bbox 955 3010 1195 3096; x_wconf 82' lang='lat' dir='ltr'><strong>Hieronymus,</strong></span> <span class='ocrx_word' id='word_1_221' title='bbox 1218 3021 1250 3075; x_wconf 88' lang='lat' dir='ltr'><strong>et</strong></span> <span class='ocrx_word' id='word_1_222' title='bbox 1273 3010 1471 3091; x_wconf 82' lang='lat' dir='ltr'><strong>Epiphanius</strong></span> 
     </span>
     <span class='ocr_line' id='line_1_27' title="bbox 358 3111 1470 3188; baseline -0.004 -14"><span class='ocrx_word' id='word_1_223' title='bbox 358 3112 532 3176; x_wconf 87' lang='lat' dir='ltr'><strong>admodum</strong></span> <span class='ocrx_word' id='word_1_224' title='bbox 554 3111 665 3175; x_wconf 82' lang='lat' dir='ltr'><strong>offensi</strong></span> <span class='ocrx_word' id='word_1_225' title='bbox 686 3121 773 3188; x_wconf 88' lang='lat' dir='ltr'><strong>suut,</strong></span> <span class='ocrx_word' id='word_1_226' title='bbox 795 3131 834 3175; x_wconf 91' lang='lat' dir='ltr'><strong>ac</strong></span> <span class='ocrx_word' id='word_1_227' title='bbox 850 3114 1054 3176; x_wconf 87' lang='lat' dir='ltr'><strong>anathemate</strong></span> <span class='ocrx_word' id='word_1_228' title='bbox 1068 3112 1299 3186; x_wconf 86' lang='lat' dir='ltr'><strong>contuderunt)</strong></span> <span class='ocrx_word' id='word_1_229' title='bbox 1315 3111 1340 3172; x_wconf 89' lang='lat' dir='ltr'><strong>si</strong></span> <span class='ocrx_word' id='word_1_230' title='bbox 1358 3126 1470 3173; x_wconf 83' lang='lat' dir='ltr'><strong>revers</strong></span> 
     </span>
     <span class='ocr_line' id='line_1_28' title="bbox 359 3212 1470 3304; baseline -0.001 -28"><span class='ocrx_word' id='word_1_231' title='bbox 359 3213 485 3278; x_wconf 91' lang='lat' dir='ltr'><strong>codices</strong></span> <span class='ocrx_word' id='word_1_232' title='bbox 506 3216 611 3304; x_wconf 84' lang='lat' dir='ltr'><strong>graeci</strong></span> <span class='ocrx_word' id='word_1_233' title='bbox 647 3214 862 3290; x_wconf 83' lang='lat' dir='ltr'><strong>Periorchon,</strong></span> <span class='ocrx_word' id='word_1_234' title='bbox 895 3233 977 3295; x_wconf 90' lang='lat' dir='ltr'><strong>quos</strong></span> <span class='ocrx_word' id='word_1_235' title='bbox 1000 3212 1178 3277; x_wconf 86' lang='lat' dir='ltr'><strong>Marcellus</strong></span> <span class='ocrx_word' id='word_1_236' title='bbox 1200 3214 1388 3288; x_wconf 86' lang='lat' dir='ltr'><strong>consuluit,</strong></span> <span class='ocrx_word' id='word_1_237' title='bbox 1414 3217 1470 3275; x_wconf 93' lang='lat' dir='ltr'><strong>hu·</strong></span> 
     </span>
     <span class='ocr_line' id='line_1_29' title="bbox 356 3313 1469 3396; baseline -0.004 -18"><span class='ocrx_word' id='word_1_238' title='bbox 356 3314 498 3396; x_wconf 88' lang='lat' dir='ltr'><strong>jusmodi</strong></span> <span class='ocrx_word' id='word_1_239' title='bbox 518 3316 710 3380; x_wconf 87' lang='lat' dir='ltr'><strong>seatuisseot</strong></span> <span class='ocrx_word' id='word_1_240' title='bbox 743 3316 922 3380; x_wconf 83' lang='lat' dir='ltr'><strong>erroribus.</strong></span> <span class='ocrx_word' id='word_1_241' title='bbox 948 3314 981 3377; x_wconf 90' lang='lat' dir='ltr'><strong>in</strong></span> <span class='ocrx_word' id='word_1_242' title='bbox 1002 3333 1069 3395; x_wconf 90' lang='lat' dir='ltr'><strong>qno</strong></span> <span class='ocrx_word' id='word_1_243' title='bbox 1092 3313 1185 3377; x_wconf 79' lang='lat' dir='ltr'><strong>saida</strong></span> <span class='ocrx_word' id='word_1_244' title='bbox 1208 3315 1290 3377; x_wconf 89' lang='lat' dir='ltr'><strong>insto</strong></span> <span class='ocrx_word' id='word_1_245' title='bbox 1319 3326 1469 3393; x_wconf 90' lang='lat' dir='ltr'><strong>tauquam</strong></span> 
     </span>
    </p>
   </div>
   <div class='ocr_carea' id='block_1_2' title="bbox 267 3414 1470 3498">
    <p class='ocr_par' dir='ltr' id='par_1_2' title="bbox 267 3414 1470 3498">
     <span class='ocr_line' id='line_1_30' title="bbox 267 3414 1470 3498; baseline -0.005 -19"><span class='ocrx_word' id='word_1_246' title='bbox 267 3461 271 3469; x_wconf 41' lang='grc' dir='ltr'><em>ι</em></span> <span class='ocrx_word' id='word_1_247' title='bbox 359 3416 399 3479; x_wconf 90' lang='lat' dir='ltr'><strong>de</strong></span> <span class='ocrx_word' id='word_1_248' title='bbox 425 3435 460 3480; x_wconf 89' lang='lat' dir='ltr'><strong>re</strong></span> <span class='ocrx_word' id='word_1_249' title='bbox 482 3418 747 3498; x_wconf 89' lang='lat' dir='ltr'><strong>compertissima,</strong></span> <span class='ocrx_word' id='word_1_250' title='bbox 770 3436 828 3496; x_wconf 90' lang='lat' dir='ltr'><strong>nec</strong></span> <span class='ocrx_word' id='word_1_251' title='bbox 848 3415 1020 3496; x_wconf 88' lang='lat' dir='ltr'><strong>Origenem</strong></span> <span class='ocrx_word' id='word_1_252' title='bbox 1041 3417 1168 3495; x_wconf 90' lang='lat' dir='ltr'><strong>scriptis</strong></span> <span class='ocrx_word' id='word_1_253' title='bbox 1195 3417 1261 3478; x_wconf 87' lang='lat' dir='ltr'><strong>suis</strong></span> <span class='ocrx_word' id='word_1_254' title='bbox 1287 3414 1470 3497; x_wconf 87' lang='lat' dir='ltr'><strong>hujusmodi</strong></span> 
     </span>
    </p>
   </div>
   <div class='ocr_carea' id='block_1_3' title="bbox 357 3515 1559 4302">
    <p class='ocr_par' dir='ltr' id='par_1_3' title="bbox 357 3515 1559 4302">
     <span class='ocr_line' id='line_1_31' title="bbox 360 3515 1559 3597; baseline -0.003 -19"><span class='ocrx_word' id='word_1_255' title='bbox 360 3516 586 3596; x_wconf 89' lang='lat' dir='ltr'><strong>blasphemias,</strong></span> <span class='ocrx_word' id='word_1_256' title='bbox 609 3517 787 3597; x_wconf 85' lang='lat' dir='ltr'><strong>dequibus</strong></span> <span class='ocrx_word' id='word_1_257' title='bbox 809 3517 975 3597; x_wconf 88' lang='lat' dir='ltr'><strong>culpatur,</strong></span> <span class='ocrx_word' id='word_1_258' title='bbox 1005 3516 1193 3593; x_wconf 83' lang='lat' dir='ltr'><strong>mandasse3</strong></span> <span class='ocrx_word' id='word_1_259' title='bbox 1209 3532 1267 3578; x_wconf 89' lang='lat' dir='ltr'><strong>nec</strong></span> <span class='ocrx_word' id='word_1_260' title='bbox 1291 3516 1364 3580; x_wconf 89' lang='lat' dir='ltr'><strong>idco</strong></span> <span class='ocrx_word' id='word_1_261' title='bbox 1388 3515 1472 3578; x_wconf 84' lang='lat' dir='ltr'><strong>ider·</strong></span> <span class='ocrx_word' id='word_1_262' title='bbox 1558 3527 1559 3530; x_wconf 72' lang='grc'>’</span> 
     </span>
     <span class='ocr_line' id='line_1_32' title="bbox 361 3616 1433 3696; baseline -0.004 -16"><span class='ocrx_word' id='word_1_263' title='bbox 361 3616 481 3680; x_wconf 87' lang='lat' dir='ltr'><strong>cellum</strong></span> <span class='ocrx_word' id='word_1_264' title='bbox 503 3627 739 3696; x_wconf 82' lang='lat' dir='ltr'><strong>consequenter</strong></span> <span class='ocrx_word' id='word_1_265' title='bbox 760 3620 791 3680; x_wconf 92' lang='lat' dir='ltr'><strong>io</strong></span> <span class='ocrx_word' id='word_1_266' title='bbox 813 3618 978 3681; x_wconf 86' lang='lat' dir='ltr'><strong>codicibus</strong></span> <span class='ocrx_word' id='word_1_267' title='bbox 999 3618 1191 3695; x_wconf 86' lang='lat' dir='ltr'><strong>origenianis</strong></span> <span class='ocrx_word' id='word_1_268' title='bbox 1205 3617 1321 3695; x_wconf 86' lang='lat' dir='ltr'><strong>legisse</strong></span> <span class='ocrx_word' id='word_1_269' title='bbox 1347 3617 1433 3678; x_wconf 88' lang='lat' dir='ltr'><strong>talia.</strong></span> 
     </span>
     <span class='ocr_line' id='line_1_33' title="bbox 444 3714 1470 3800; baseline -0.006 -20"><span class='ocrx_word' id='word_1_270' title='bbox 444 3717 484 3780; x_wconf 85' lang='lat' dir='ltr'><strong>Et</strong></span> <span class='ocrx_word' id='word_1_271' title='bbox 506 3718 671 3798; x_wconf 87' lang='lat' dir='ltr'><strong>quomodo</strong></span> <span class='ocrx_word' id='word_1_272' title='bbox 694 3716 873 3782; x_wconf 86' lang='lat' dir='ltr'><strong>Marcellus</strong></span> <span class='ocrx_word' id='word_1_273' title='bbox 907 3727 972 3780; x_wconf 90' lang='lat' dir='ltr'><strong>tam</strong></span> <span class='ocrx_word' id='word_1_274' title='bbox 1006 3716 1149 3780; x_wconf 86' lang='lat' dir='ltr'><strong>studiose</strong></span> <span class='ocrx_word' id='word_1_275' title='bbox 1176 3714 1327 3796; x_wconf 87' lang='lat' dir='ltr'><strong>Origeuis</strong></span> <span class='ocrx_word' id='word_1_276' title='bbox 1353 3717 1470 3800; x_wconf 84' lang='lat' dir='ltr'><strong>scripta</strong></span> 
     </span>
     <span class='ocr_line' id='line_1_34' title="bbox 361 3818 1472 3900; baseline -0.007 -18"><span class='ocrx_word' id='word_1_277' title='bbox 361 3831 394 3882; x_wconf 87' lang='lat' dir='ltr'><strong>et</strong></span> <span class='ocrx_word' id='word_1_278' title='bbox 414 3822 578 3900; x_wconf 89' lang='lat' dir='ltr'><strong>specialim</strong></span> <span class='ocrx_word' id='word_1_279' title='bbox 602 3819 799 3885; x_wconf 81' lang='lat' dir='ltr'><strong>Periarchsn</strong></span> <span class='ocrx_word' id='word_1_280' title='bbox 826 3819 1012 3892; x_wconf 86' lang='lat' dir='ltr'><strong>rciulassot,</strong></span> <span class='ocrx_word' id='word_1_281' title='bbox 1040 3835 1141 3896; x_wconf 89' lang='lat' dir='ltr'><strong>quum</strong></span> <span class='ocrx_word' id='word_1_282' title='bbox 1163 3818 1279 3880; x_wconf 88' lang='lat' dir='ltr'><strong>similia</strong></span> <span class='ocrx_word' id='word_1_283' title='bbox 1313 3818 1472 3882; x_wconf 87' lang='lat' dir='ltr'><strong>docuisset</strong></span> 
     </span>
     <span class='ocr_line' id='line_1_35' title="bbox 361 3916 1472 4002; baseline -0.005 -19"><span class='ocrx_word' id='word_1_284' title='bbox 361 3920 516 3999; x_wconf 88' lang='lat' dir='ltr'><strong>Origenes</strong></span> <span class='ocrx_word' id='word_1_285' title='bbox 534 3921 631 4001; x_wconf 82' lang='lat' dir='ltr'><strong>juxta</strong></span> <span class='ocrx_word' id='word_1_286' title='bbox 655 3919 845 4002; x_wconf 74' lang='lat' dir='ltr'><strong>Hieronymi</strong></span> <span class='ocrx_word' id='word_1_287' title='bbox 862 3916 1078 3996; x_wconf 81' lang='lat' dir='ltr'><strong>exemplaria,</strong></span> <span class='ocrx_word' id='word_1_288' title='bbox 1101 3918 1257 3993; x_wconf 91' lang='lat' dir='ltr'><strong>dum-ait,</strong></span> <span class='ocrx_word' id='word_1_289' title='bbox 1282 3919 1366 3994; x_wconf 91' lang='lat' dir='ltr'><strong>dieo,</strong></span> <span class='ocrx_word' id='word_1_290' title='bbox 1390 3917 1472 3981; x_wconf 86' lang='lat' dir='ltr'><strong>hiar-</strong></span> 
     </span>
     <span class='ocr_line' id='line_1_36' title="bbox 362 4013 1473 4101; baseline -0.005 -17"><span class='ocrx_word' id='word_1_291' title='bbox 362 4020 486 4084; x_wconf 85' lang='lat' dir='ltr'><strong>celius:</strong></span> <span class='ocrx_word' id='word_1_292' title='bbox 509 4039 573 4083; x_wconf 88' lang='lat' dir='ltr'><strong>nnn</strong></span> <span class='ocrx_word' id='word_1_293' title='bbox 593 4040 666 4097; x_wconf 81' lang='lat' dir='ltr'><strong>esse,</strong></span> <span class='ocrx_word' id='word_1_294' title='bbox 685 4013 877 4101; x_wconf 82' lang='lat' dir='ltr'><strong>prinsquam</strong></span> <span class='ocrx_word' id='word_1_295' title='bbox 897 4028 1017 4082; x_wconf 76' lang='lat' dir='ltr'><strong>caturci</strong></span> <span class='ocrx_word' id='word_1_296' title='bbox 1036 4017 1146 4094; x_wconf 83' lang='lat' dir='ltr'><strong>nomo,</strong></span> <span class='ocrx_word' id='word_1_297' title='bbox 1174 4016 1296 4083; x_wconf 79' lang='lat' dir='ltr'><strong>Ftts&#39;sm</strong></span> <span class='ocrx_word' id='word_1_298' title='bbox 1320 4018 1379 4082; x_wconf 82' lang='lat' dir='ltr'><strong>Dei</strong></span> <span class='ocrx_word' id='word_1_299' title='bbox 1389 4062 1400 4095; x_wconf 89' lang='lat'><strong>,</strong></span> <span class='ocrx_word' id='word_1_300' title='bbox 1421 4033 1473 4080; x_wconf 81' lang='lat' dir='ltr'><strong>nec</strong></span> 
     </span>
     <span class='ocr_line' id='line_1_37' title="bbox 357 4115 1472 4200; baseline -0.005 -18"><span class='ocrx_word' id='word_1_301' title='bbox 357 4139 415 4199; x_wconf 88' lang='lat' dir='ltr'><strong>per</strong></span> <span class='ocrx_word' id='word_1_302' title='bbox 434 4120 649 4184; x_wconf 76' lang='lat' dir='ltr'><strong>aeternitatem</strong></span> <span class='ocrx_word' id='word_1_303' title='bbox 674 4128 933 4200; x_wconf 81' lang='lat' dir='ltr'><strong>perseuerantem:</strong></span> <span class='ocrx_word' id='word_1_304' title='bbox 953 4119 1047 4198; x_wconf 73' lang='lat' dir='ltr'><strong>,ssim</strong></span> <span class='ocrx_word' id='word_1_305' title='bbox 1074 4115 1257 4181; x_wconf 76' lang='lat' dir='ltr'><strong>habiturum</strong></span> <span class='ocrx_word' id='word_1_306' title='bbox 1291 4117 1410 4184; x_wconf 81' lang='lat' dir='ltr'><strong>Christi</strong></span> <span class='ocrx_word' id='word_1_307' title='bbox 1427 4135 1472 4178; x_wconf 82' lang='lat' dir='ltr'><strong>rc·</strong></span> 
     </span>
     <span class='ocr_line' id='line_1_38' title="bbox 360 4219 1471 4302; baseline -0.007 -16"><span class='ocrx_word' id='word_1_308' title='bbox 360 4241 458 4302; x_wconf 81' lang='lat' dir='ltr'><strong>gnum</strong></span> <span class='ocrx_word' id='word_1_309' title='bbox 479 4219 806 4286; x_wconf 77' lang='lat' dir='ltr'><strong>incomminatione</strong></span> <span class='ocrx_word' id='word_1_310' title='bbox 826 4219 945 4284; x_wconf 83' lang='lat' dir='ltr'><strong>secuti:</strong></span> <span class='ocrx_word' id='word_1_311' title='bbox 968 4226 1158 4300; x_wconf 84' lang='lat' dir='ltr'><strong>ceterasque</strong></span> <span class='ocrx_word' id='word_1_312' title='bbox 1179 4220 1349 4286; x_wconf 86' lang='lat' dir='ltr'><strong>adnectens</strong></span> <span class='ocrx_word' id='word_1_313' title='bbox 1381 4235 1471 4300; x_wconf 82' lang='lat' dir='ltr'><strong>sagas</strong></span> 
     </span>
    </p>
   </div>
   <div class='ocr_carea' id='block_1_4' title="bbox 0 0 1603 4946">
    <p class='ocr_par' dir='ltr' id='par_1_4' title="bbox 0 0 1603 4946">
     <span class='ocr_line' id='line_1_39' title="bbox 0 0 1603 4946; baseline 0 0"><span class='ocrx_word' id='word_1_314' title='bbox 0 0 1603 4946; x_wconf 95' lang='lat' dir='ltr'><strong> </strong></span> 
     </span>
    </p>
   </div>
  </div>
 </body>
</html>
