3066 4950
152 473 459 554 Quomodocnmque
479 473 553 539 ideo
574 469 754 553 putendum
775 472 815 534 sit
837 468 876 534 de
892 441 997 551 Vipilii
1019 361 1174 533 eondffl

85 593 119 640 ne
137 575 173 638 eb
191 576 280 638 initio
304 573 523 651 Pontificatus,
547 591 624 638 num
645 571 769 638 scilicet
789 570 937 636 absolute
955 569 1103 636 Portitor
1125 588 1176 635 re·

84 679 240 742 nunciatus
266 677 377 756 luerit,
399 685 531 742 mortuo
545 675 697 753 silverio,
722 692 763 738 an
783 674 903 738 vicaria
925 678 1082 755 potestate
1104 691 1175 738 mu·

82 780 168 856 nitus,
188 781 341 846 oxnlaute
361 781 492 859 sltero;
517 780 566 843 bis
586 777 726 860 praeviis
748 777 934 842 testimoniis
955 776 1120 842 refellitur
1140 795 1175 840 o·

83 883 177 947 mnino
191 893 433 965 praesumptum
454 891 517 946 tom
534 881 729 962 probrosum
743 879 990 944 insimulationis
1004 897 1103 960 genus
1118 877 1175 944 Vi·

79 985 147 1064 gilio
166 987 336 1066 irrogatae.
370 985 411 1050 Et
431 985 569 1066 omnlino
590 984 621 1045 in
652 983 825 1062 utriusque
854 982 1008 1061 epistolae
1035 983 1174 1046 circum·

80 1087 190 1160 stantiis
202 1086 319 1151 sedulo
332 1087 450 1150 noiolio
465 1085 628 1162 educitur,
640 1083 708 1165 jem
723 1084 763 1146 ab
778 1101 860 1148 anno
874 1083 1092 1163 praecedenti,
1109 1104 1175 1166 quo

79 1185 164 1266 juxte
178 1185 368 1267 catalogum
389 1184 654 1249 Blaoclniuiennm
675 1183 946 1264 diciturVigiliua
967 1191 1176 1248 conseer-etus

78 1305 211 1353 sommus
236 1287 396 1362 Pontifex,
419 1287 518 1368 ipsius
548 1288 763 1352 ascensionem
786 1287 844 1350 toti
865 1295 972 1350 notam
996 1285 1093 1350 luisse
1116 1284 1175 1350 Ec·

77 1390 184 1453 clesiae
204 1399 237 1455 ct
259 1397 433 1472 acceptam.
457 1390 505 1453 Ac
526 1389 668 1466 demum,
690 1388 778 1470 qoud
801 1406 858 1452 uos
878 1391 1077 1469 quaerimus,
1101 1407 1175 1452 cum

76 1489 104 1552 iu
125 1492 276 1571 praefatis
297 1490 439 1571 epistolis
463 1499 526 1553 tam
548 1493 685 1570 ingenue
711 1507 821 1552 coram
843 1490 999 1571 episcopis
1020 1490 1174 1566 latentur,

76 1609 106 1655 se
125 1612 163 1655 er
184 1593 292 1657 divine
315 1591 534 1655 misericordie
557 1591 595 1652 ed
614 1589 700 1654 Petri
718 1587 911 1655 Cuthedrem
934 1597 1085 1654 vocatum
1109 1598 1177 1652 tan-

76 1711 164 1772 quam
180 1695 312 1773 berno3
329 1695 402 1774 quis
417 1692 622 1756 simoniacam
638 1693 757 1770 labem,
772 1693 843 1774 quis
857 1693 1082 1768 intrusionem,
1101 1691 1175 1774 qnia

74 1795 237 1873 ambitum,
261 1799 332 1878 quis
354 1795 593 1860 baereticorum
616 1795 762 1859 levorem
785 1796 816 1858 in
837 1815 876 1860 eo
896 1793 1111 1876 culpaverit?

145 1897 240 1975 Quae
255 1905 362 1962 sutem
378 1897 534 1962 adversus
549 1897 719 1979 bucusque
733 1903 928 1978 pertractata
945 1897 1053 1962 iacere
1068 1896 1177 1960 viden·

74 2003 135 2074 tur,
150 1998 248 2064 diluit
262 1999 379 2080 Pagina
393 2000 424 2062 io
445 1997 539 2065 Notis
553 1998 732 2063 Annalibus
746 1997 876 2063 Beronii
894 1997 1020 2064 insertio
1040 1999 1102 2064 sub
1121 2017 1177 2062 ao·

71 2117 110 2164 no
128 2098 198 2168 539.
224 2099 290 2178 Qui
309 2101 453 2165 studiose
474 2109 698 2182 perscrutetur
718 2098 800 2164 Acta
828 2099 938 2181 vigilii
958 2119 976 2164 a
996 2101 1047 2166 sui
1069 2101 1178 2166 Ponti·

71 2201 180 2268 licatus
202 2202 307 2279 initio,
330 2203 373 2267 ob
392 2221 443 2277 eo,
465 2220 549 2284 quoe
572 2203 670 2284 volgo
692 2210 887 2266 enarrantur
906 2201 1064 2282 adversus
1084 2221 1176 2269 com·

70 2303 150 2382 dem,
167 2315 234 2370 tres
257 2308 334 2370 citat
355 2305 506 2385 epistolas
531 2305 570 2368 ed
593 2305 674 2370 benc
694 2313 873 2388 spectantes
894 2310 1031 2370 aetstom
1042 2326 1055 2386 3
1077 2323 1176 2371 unam

68 2407 187 2472 scilieet
202 2407 334 2472 Silverii
351 2406 455 2486 Papne
476 2407 515 2470 ed
539 2406 709 2488 vigilium,
723 2407 860 2470 alterum
876 2407 1041 2473 Amatoris
1062 2408 1100 2471 ed
1115 2405 1177 2472 Sil·

69 2511 206 2585 verium,
224 2512 353 2573 tertiam
374 2507 502 2574 Silverii
518 2507 557 2571 nd
573 2511 678 2589 ipsum
694 2509 894 2574 Amatorem.
911 2508 958 2574 un
976 2511 1095 2592 quibos
1113 2511 1178 2574 sio·

69 2609 202 2687 gillatim
234 2611 412 2674 secundnm
442 2611 643 2692 propositum
676 2617 822 2674 nostrum
847 2611 957 2675 scribit
985 2613 1090 2677 dictus
1116 2610 1178 2676 Pe·

67 2711 155 2788 pins:
173 2735 191 2774 u
207 2713 352 2794 Epistola
374 2711 502 2778 Silverii
526 2713 629 2793 Papne
651 2713 690 2776 ed
711 2710 878 2793 vigilium,
909 2713 1004 2796 cujus
1025 2713 1175 2778 initinmr

67 2813 176 2876 multis
199 2825 228 2878 te
250 2813 550 2895 transcursionibus
570 2813 729 2880 irretitum
750 2822 812 2879 etc.
833 2815 1036 2895 supposititio
1058 2821 1118 2891 ast,
1141 2819 1179 2877 nt

66 2917 239 2982 ostendunt
253 2917 317 2981 stili
338 2917 517 2992 barbaries,
535 2916 614 2979 ielsu
636 2923 712 2981 notu
735 2917 928 2992 consularis,
951 2926 983 2981 et
997 2916 1177 2981 emendice-

67 3026 116 3082 tae
137 3019 178 3081 eb
200 3020 337 3099 epistola
361 3017 477 3083 Felicia
500 3015 542 3080 ll.
558 3017 598 3080 ad
619 3016 775 3081 Acacium
797 3017 982 3081 sententiae.
1001 3015 1081 3081 ltem
1103 3017 1178 3081 nnl-

63 3118 97 3182 lo
118 3122 278 3186 historico
299 3123 481 3186 testimonio
501 3119 746 3194 confirmentur,
768 3136 852 3192 uuee
873 3117 913 3182 de
934 3117 1052 3198 vigilio
1073 3117 1177 3184 Silve-

63 3221 129 3286 rins
150 3231 279 3300 narret,
292 3225 428 3289 scilicetc
444 3223 582 3286 cruentis
601 3219 758 3301 soupuiue
771 3219 916 3283 morsibus
930 3218 1087 3284 leviticum
1108 3237 1178 3282 mu·

62 3342 121 3386 uus
141 3327 319 3408 affectasse,
339 3324 552 3388 decessoribus
578 3323 646 3385 suis
668 3320 869 3402 subrepsisse,
889 3331 918 3384 et
937 3313 1065 3385 semotus
1079 3318 1178 3403 jurtv'·

60 3423 105 3490 tio
124 3445 303 3508 repressum
324 3427 433 3508 fuisse.
449 3423 560 3488 Tertio
581 3422 768 3487 incredibile
784 3429 845 3498 est,
867 3421 1054 3498 silverium,
1077 3439 1175 3503 quent

60 3529 166 3592 stetim
183 3549 201 3591 e
221 3529 413 3610 dejectione,
435 3528 496 3592 snb
518 3528 720 3589 inimicorum
743 3523 903 3598 custodie,
926 3541 963 3586 ec
986 3524 1016 3586 io
1038 3524 1175 3587 exilium

60 3639 270 3710 reportatum
297 3628 307 3706 t
320 3629 366 3691 uti
389 3629 466 3690 velit
487 3625 679 3703 Liberatus)
709 3625 828 3688 indicto
849 3627 1076 3706 episcoporum
1098 3643 1175 3689 con-

60 3739 173 3809 ventu,
207 3730 422 3793 enetbemstia
451 3729 639 3792 sententium
671 3727 701 3791 in
728 3726 818 3793 Sedis
848 3743 927 3790 suae
959 3743 1169 3808 pervasorem

58 3831 308 3910 pronunciasse.
325 3849 342 3888 s

138 3930 252 3994 Paulo
268 3939 340 4011 post
361 3928 449 3993 addit
463 3928 591 4010 Pupius.
608 3927 845 4009 «Supposttttte
867 3931 991 4009 psriter
1012 3928 1176 3992 Amatoris

56 4033 203 4113 episcopi
243 4031 532 4113 augustodunensis
553 4029 592 4094 nd
615 4029 789 4097 Silverium
812 4032 961 4113 epistola,
985 4048 1002 4094 a
1034 4028 1175 4093 beronio

54 4135 151 4196 etiem
176 4133 329 4210 recitata,
353 4142 390 4199 nt
403 4135 623 4197 demonstrent
645 4131 842 4196 Consulatus
862 4141 937 4194 nota
955 4131 1105 4207 mendox,
1120 4131 1176 4194 sti·

52 4232 74 4294 li
98 4233 288 4316 barbaries,
310 4235 434 4316 pbrnsis
456 4241 488 4298 et
511 4233 685 4298 sententiae
706 4251 747 4298 ex
761 4232 888 4313 legibus
902 4229 1036 4298 Honorii
1058 4236 1090 4296 el
1113 4229 1173 4294 ttr-
