3138 4950
1145 405 1208 477 397

100 507 183 572 initio
200 506 407 578 Pontidcaius
421 519 454 577 et
469 513 556 578 uitra
573 517 725 592 testatur;
743 513 880 594 ejusque
894 517 1049 579 mensoria
1069 523 1101 578 et
1116 531 1210 595 prae·

99 613 203 675 sertim
225 613 266 676 ob
286 631 381 678 soum
402 615 547 679 studium
570 623 604 678 at
625 613 720 678 tidem
741 613 898 680 advorsus
920 617 1018 679 trium
1041 613 1208 695 Capitulu-

100 726 168 771 rnm
182 722 450 793 propugnatores,
467 714 649 780 bonoratur
663 733 681 778 a
693 715 760 779 suis
778 715 1020 781 successoribus
1037 714 1166 796 Pelagio
1181 716 1204 780 i.

99 805 224 891 Pelagio
246 811 287 876 11.
309 822 343 879 et
361 832 380 879 a
399 833 426 879 s.
450 813 610 897 Gregorio
631 815 763 898 Magno.

170 909 379 980 Scdismotr'as'.
408 914 580 982 Liberatus
601 918 634 983 in
655 938 684 984 c.
708 916 824 983 xxti:
851 941 869 979 a
890 919 933 984 Et
953 920 1033 986 baec
1055 918 1207 1002 vigilius,

94 1012 148 1088 ait,
168 1017 309 1080 scribens
331 1019 502 1083 neotericis
516 1021 660 1094 occuito,
677 1023 851 1101 permansit
868 1021 992 1086 amens.
1011 1019 1045 1087 in
1060 1041 1127 1104 qno
1147 1027 1206 1086 inr-

94 1114 212 1192 pietum
228 1125 277 1181 eat
297 1119 379 1184 iilud
393 1141 403 1182 r
418 1121 508 1182 adeat
520 1138 595 1183 ruas
616 1121 686 1184 uias
705 1122 847 1202 fructus,
861 1131 889 1185 et
908 1120 1054 1187 consiliis
1067 1121 1135 1186 rur's
1156 1142 1209 1186 sa·

92 1215 291 1282 irroboretur.
308 1218 359 1282 Ab
380 1221 446 1299 ipsa
469 1221 594 1285 beoresi
615 1219 752 1287 addictus
769 1219 919 1302 Vigiiins,
935 1241 994 1286 noc
1015 1231 1205 1299 coronatos,

93 1316 220 1394 qualern
244 1321 328 1384 ritae
353 1321 526 1386 terminum
547 1323 702 1406 suscepit,
723 1330 836 1390 notun
857 1328 906 1387 est
927 1323 1119 1389 omnibus.»

500 1529 505 1540 “
613 1556 691 1628 xix

171 1775 340 1847 Catholici.
357 1781 636 1850 Lucuieoiissimis
657 1792 690 1850 et
703 1785 901 1850 inconcussis
924 1786 1111 1850 testimoniis
1127 1784 1208 1849 Pon·

93 1877 211 1946 tidcnm
235 1883 460 1951 Romanorum
492 1885 613 1968 Pelagii
635 1885 660 1951 Ι.
696 1886 817 1968 Pelagii
839 1887 881 1951 ΙΙ.
907 1887 1057 1969 Gregorii
1080 1886 1105 1951 1.
1129 1907 1205 1952 con·

89 1988 150 2045 stat
179 1985 241 2048 tria
268 1984 420 2065 Capituia
449 2005 513 2052 nna
542 2005 617 2052 cnm
638 1987 864 2052 defensoribus
889 1987 1079 2052 eorumdem
1107 1987 1205 2052 inissa

89 2081 236 2152 damnata
259 2090 292 2152 in
313 2086 444 2172 Synodo
460 2087 496 2152 V.
510 2090 731 2166 oecumenica,
753 2091 817 2156 elia
838 2107 1046 2172 quocumque
1067 2093 1206 2172 seposita

89 2193 279 2268 quaestione
301 2191 489 2273 praesertim
510 2194 708 2273 origeniana.

162 2289 378 2358 Schismatica'.
394 2293 423 2358 Α
444 2291 649 2376 Theophanis
663 2301 780 2372 aetate,
801 2293 1082 2359 schismaticorum
1097 2293 1205 2358 studio

86 2394 125 2456 ab
155 2397 295 2460 historia
316 2395 434 2481 Synodi
463 2395 502 2461 V.
525 2396 697 2462 obliterata
719 2416 853 2480 prorsus
880 2397 1069 2480 quaestione
1098 2401 1131 2460 et
1150 2397 1206 2459 da·

87 2499 250 2565 montione
269 2499 368 2564 trium
380 2497 620 2580 capitulorum,
633 2499 665 2563 iu
681 2499 799 2565 bornus
813 2500 924 2564 iocum
939 2508 1143 2582 praesumpta
1159 2498 1206 2560 iu·

87 2605 175 2663 trusa
199 2609 250 2666 est
272 2599 435 2665 damnatio
456 2597 606 2683 Origcnis
626 2600 759 2684 Evagrii
780 2609 812 2668 et
833 2599 974 2688 ntopmt,
1003 2603 1071 2666 sire
1101 2602 1206 2684 origa-

84 2699 246 2764 nistnrum
268 2709 387 2765 sectae.

616 2928 678 2994 XX

169 3151 338 3218 Cardoir'ca‘.
360 3153 554 3220 Theodorus
574 3155 717 3235 primunr
741 3155 931 3230 monachus,
946 3163 980 3219 et
999 3153 1154 3218 diaconos
1175 3153 1208 3216 in

81 3253 218 3336 Synodo
237 3255 523 3339 hierosolymitana
538 3257 729 3338 subscripsit
742 3257 938 3320 anathemati
959 3255 1205 3334 acepbsiorunu

80 3355 200 3420 deinde
235 3356 406 3437 episcopus
427 3354 606 3422 Caesareae
619 3355 842 3438 Cappadociae
863 3355 1008 3422 Concilio
1024 3353 1062 3418 V.
1085 3356 1207 3419 adstitit

78 3456 244 3520 damnans
262 3457 321 3521 tria
337 3457 487 3538 Capitnia
501 3480 510 3521 ε
524 3459 619 3540 cnjus
640 3475 757 3523 nornen
777 3458 821 3522 ita
843 3457 875 3522 iu
896 3455 985 3522 Actis
1000 3456 1203 3522 inscribitur:

82 3557 272 3623 dbcodorur
298 3558 558 3641 religiosissimus
581 3557 750 3626 Caesareae
764 3560 888 3644 primae
911 3557 1127 3642 Cappadociae
1145 3556 1210 3639 rpr'·

76 3679 207 3746 scopus.

165 3758 386 3830 schismatici.
403 3758 595 3828 Theodorus
610 3764 777 3844 opiscopus
792 3761 971 3828 Caesareae
986 3760 1210 3844 Cappadociae

80 3874 176 3932 secta
219 3866 410 3947 acephalus,
432 3867 743 3941 semi-eutichianus,
766 3867 939 3929 haerescos
959 3865 1208 3946 origenistarum

80 3967 219 4043 tentor,
241 3966 341 4048 iupus
370 3985 486 4048 repar,
508 3967 668 4031 dominico
690 3969 780 4047 gregi
801 3966 929 4028 insidias
952 3965 1094 4042 tendens,
1115 3980 1207 4029 sacra

76 4067 319 4132 communione
334 4068 486 4147 priratnr
499 4067 539 4129 ab
555 4068 742 4147 episcopatu
757 4064 935 4146 depositos,
952 4071 985 4128 et
1000 4064 1098 4128 totius
1118 4080 1208 4126 scan-

76 4169 147 4233 daii
177 4176 353 4248 promotor
374 4170 527 4251 arguitur
547 4170 579 4232 in
600 4171 790 4252 quaestione
809 4175 843 4232 ot
870 4165 1075 4232 damnatione
1107 4166 1206 4230 trium

75 4269 331 4354 Capitulorunr.
