3066 4950
336 457 511 524 intendisse
530 457 691 536 laborem,
717 475 781 524 nen
802 457 973 542 displiceat
992 461 1121 538 tentori,
1142 461 1169 524 si
1191 460 1246 524 bte
1267 459 1441 540 aliquantis·

333 579 398 643 per
418 561 586 638 immorer,
608 561 863 642 disquisitionem
895 563 1103 630 instaurando
1131 565 1216 628 eirea
1239 561 1368 628 sstsartt
1389 559 1441 624 Pa·

338 661 524 742 paecaedis
546 669 685 744 tempus,
708 681 822 727 eansas
846 671 879 728 et
898 683 1051 745 personas
1073 665 1150 728 bulo
1173 661 1295 744 llagitio
1321 678 1441 726 consor·

338 770 388 827 tes
400 781 413 842 3
443 761 575 842 etquid
597 771 832 844 consequenter
853 763 893 830 de
916 763 1024 846 vigilii
1043 765 1240 831 sueeemnrts
1272 760 1440 844 putandun

333 865 379 931 sit
398 861 569 929 eleetinne.

417 955 488 1022 llus
508 967 619 1024 autem
639 959 807 1028 lubentius
835 978 942 1042 agam,
965 979 1032 1042 quo
1055 961 1156 1040 magis
1177 959 1219 1024 ob
1240 959 1378 1040 praeisti
1399 954 1441 1020 Li·

337 1061 444 1126 bereti
465 1059 549 1124 diota
571 1070 747 1142 aggravata
768 1063 810 1126 sit
830 1081 848 1126 e
872 1066 1008 1144 posteris
1030 1063 1160 1127 infamia
1188 1079 1288 1141 super
1307 1060 1440 1141 ejusden

330 1161 448 1246 -vtgttti
469 1170 579 1243 caput,
601 1169 634 1226 et
648 1165 838 1243 praesertim
855 1165 897 1228 ab
911 1163 1094 1244 Augustino
1114 1164 1254 1228 Oldniun
1275 1162 1362 1244 npud
1382 1161 1442 1229 cte

332 1283 454 1330 nouum
473 1263 515 1330 de
530 1265 594 1329 lsoe
609 1264 787 1332 Pontifices
806 1286 822 1326 s
839 1263 900 1332 llln
915 1265 1028 1348 igitur,
1043 1265 1100 1340 ait,
1119 1264 1190 1330 tints
1204 1263 1314 1345 vigilii
1335 1261 1441 1346 Papae,

332 1375 375 1432 nt
385 1365 476 1446 justo
486 1363 613 1445 judicio
629 1362 702 1440 Dei,
717 1367 870 1432 ininsula
891 1368 1062 1433 contentus
1076 1367 1253 1440 aerumnis,
1268 1365 1384 1428 mnrbo
1397 1365 1441 1426 da-

333 1466 467 1532 tnnetua
486 1469 542 1546 sit3
556 1467 613 1546 qui
637 1475 792 1546 coegerat
813 1477 963 1536 sanetum
979 1468 1262 1550 praedecessorem
1283 1484 1380 1530 snum
1393 1462 1443 1532 st·

334 1570 464 1633 verium
495 1568 704 1648 deportatum
729 1570 901 1648 ininsula,
936 1571 1005 1636 illie
1028 1576 1169 1636 animam
1196 1564 1440 1644 exsaturatis

330 1669 420 1744 anius
442 1669 535 1732 malie
554 1669 680 1735 artibus
700 1669 741 1732 ad
764 1669 992 1738 Pontificatum
1015 1673 1075 1738 sibi
1096 1672 1226 1755 pererit
1245 1669 1438 1742 adscensum,

328 1769 442 1850 ipsum
452 1769 602 1850 adeptus,
624 1771 786 1836 immensis
807 1790 937 1854 semper
957 1775 1097 1852 agitatus
1118 1780 1166 1837 est
1181 1771 1350 1848 ductibus,
1373 1767 1440 1832 inri-

330 1889 389 1948 sus
410 1871 441 1936 lu
462 1872 575 1951 primis
591 1870 799 1951 Imperatori,
821 1872 917 1953 enjus
940 1876 1078 1953 gratiam
1101 1881 1148 1940 tot
1167 1873 1283 1939 studiis
1305 1872 1438 1936 densere·

327 1991 371 2038 re
383 1971 533 2040 studuit:
547 1973 761 2038 orientalibus
777 1974 864 2038 baud
880 1983 994 2055 gratus
1009 1975 1180 2056 episcopis,
1196 1973 1354 2040 adversus
1368 1989 1437 2055 quos

327 2072 389 2140 diu
410 2073 619 2154 multumque
638 2079 787 2160 oertarit.
819 2075 880 2142 Sed
902 2083 935 2142 et
955 2076 1211 2140 ocnidentalibus
1232 2077 1335 2160 trium
1356 2074 1437 2158 Capi·

331 2175 482 2244 tuloruns
496 2176 722 2242 defensoribus
742 2177 939 2242 execrabilis
961 2177 1120 2253 redditus,
1136 2175 1224 2258 qnod
1247 2175 1279 2240 iu
1292 2175 1437 2241 sententia

318 2291 398 2344 :nnn
417 2279 571 2354 stetisset,
586 2277 642 2342 aed
665 2278 948 2360 impugnatoribus
962 2278 1166 2354 eorumdem,
1187 2294 1249 2342 ann
1264 2275 1436 2344 Constituto

300 2399 303 2446 ε
330 2378 472 2456 abolito,
494 2379 696 2458 inhaesisset,
717 2379 864 2462 quintam
879 2377 1046 2462 Spunduus
1069 2379 1249 2462 probando,
1270 2397 1373 2461 quum
1391 2393 1438 2442 an·

293 2513 301 2542 r
334 2487 387 2547 tea
409 2480 705 2562 impugnaremur
727 2483 855 2546 tandem
870 2501 944 2548 eum
966 2501 1007 2548 ex
1023 2483 1177 2563 preeettis
1193 2485 1226 2548 in
1246 2490 1379 2564 portum
1398 2478 1436 2542 ri·

326 2595 388 2644 sess
408 2586 458 2644 ert
476 2579 652 2662 appulisse,
674 2581 857 2664 pedemque
883 2583 1026 2648 alterum
1047 2584 1080 2647 in
1099 2579 1234 2661 Urbem,
1254 2601 1274 2647 a
1295 2599 1362 2666 qna
1387 2579 1435 2644 din

325 2678 501 2754 abluisset,
530 2682 767 2762 propemedum
798 2683 958 2760 intulisse,
980 2684 1012 2748 iu
1035 2685 1085 2748 sia
1115 2685 1198 2748 meri
1221 2686 1363 2767 cogitur,
1386 2681 1435 2746 in·

305 2831 308 2838 ,
328 2780 448 2849 mensis
468 2780 635 2847 ennteetus
655 2801 697 2854 er
719 2783 840 2850 nalonli
867 2785 974 2854 morbi
997 2785 1178 2854 doloribus.
1194 2807 1213 2848 n
1228 2787 1264 2851 ln
1284 2803 1349 2872 qna
1369 2801 1435 2848 ssr·

330 2881 456 2946 ratione
478 2885 701 2950 tantummodo
718 2904 831 2952 serum
854 2890 1015 2968 probetur
1031 2890 1120 2971 quod
1142 2883 1433 2966 attollemus

326 2981 444 3062 gilium
464 2985 681 3051 execrabilem
703 2991 843 3056 erasisse
874 2991 936 3067 tria
958 2989 1206 3060 detendentibus
1226 2989 1434 3074 capitumet

324 3083 364 3148 tn
383 3101 446 3152 eun
465 3083 558 3156 obitu
580 3089 695 3156 mnrbn
716 3089 836 3157 ostenti
857 3099 1059 3175 correptum
