3186 4946
1230 427 1264 476 ιι

175 528 455 628 pertimescunt,
484 540 522 608 et
543 529 670 628 partis,
689 532 745 618 ent
771 552 902 608 nomen
930 528 1118 617 dederant,
1143 531 1265 609 studio

174 657 371 743 ducuntur,
401 658 576 751 eiusmodi
614 657 780 734 flammas
813 658 1077 735 dissensionum
1105 661 1266 736 concita·

175 798 274 859 rnnt.
299 811 316 856 r
339 784 584 876 Quamobrem
605 799 756 882 uterque
777 785 942 862 Ruffinus
966 801 1003 864 et
1023 786 1264 886 Hieronymus

176 913 315 988 mutuis
342 911 511 988 foventur
542 911 877 990 lamentationibus.

283 1039 449 1117 Ruffinus
477 1041 514 1116 in
539 1039 648 1116 Libro
675 1040 705 1114 l.
738 1042 774 1116 in
803 1040 986 1128 eumdem,
1014 1041 1119 1118 valde
1144 1042 1267 1141 queri·

176 1176 239 1250 tur
270 1165 315 1242 de
344 1168 404 1242 iis:
430 1169 530 1266 «qui
558 1168 711 1247 schedas
739 1191 823 1244 suas
848 1167 1122 1255 inemendatas,
1150 1167 1267 1245 furto-

177 1317 249 1391 que
281 1309 450 1393 acceptas
474 1294 636 1395 prolerre
656 1297 690 1370 in
711 1295 894 1396 publicum
918 1294 1016 1372 mulo
1035 1297 1160 1394 utique
1189 1319 1267 1372 ma·

177 1420 215 1495 lo
246 1423 326 1496 ausi
351 1437 461 1500 sunt:
496 1437 534 1500 et
565 1445 637 1498 noo
665 1423 782 1500 solum
807 1447 976 1522 perversa
1011 1423 1267 1522 intelligentia,
1358 1439 1364 1445 '

176 1551 447 1628 verumetiam
480 1550 673 1627 verborum
701 1551 878 1628 adulterio
901 1552 1020 1628 conati
1055 1565 1142 1630 sunt
1174 1550 1269 1627 inla-

176 1701 294 1754 mare.
312 1677 404 1752 »Et
431 1677 539 1777 paulo
567 1691 651 1778 post
681 1678 769 1754 de
759 1700 838 1776 rpso
866 1677 1087 1777 Hieronymo
1126 1679 1266 1778 inquit·

182 1805 347 1881 «Hinc
333 1829 410 1900 yam
439 1828 509 1879 non
538 1805 656 1883 solum
689 1805 896 1904 origenem,
921 1808 985 1883 sed
1010 1830 1069 1882 me
1090 1807 1209 1926 ipsum
1231 1807 1268 1884 in

177 1934 421 2033 suspicionem
449 1934 643 2010 haereseos
661 1948 813 2009 conatur
836 1935 1028 2012 adducere.
1049 1934 1140 2010 Hinc
1159 1935 1269 2011 emit-

176 2062 225 2137 tit
242 2061 505 2136 incessabiliter
536 2083 645 2136 onnes
672 2085 772 2148 suos,
795 2064 858 2160 qui
888 2085 946 2138 me
969 2087 1034 2163 per
1058 2063 1183 2153 nrbes,
1203 2087 1269 2163 pet·

177 2192 302 2277 vicos,
335 2213 401 2288 per
434 2192 503 2266 iter
528 2213 670 2289 quoqne
704 2205 969 2280 transeuntem,
1007 2193 1270 2272 calumniarum

178 2317 386 2404 latratibus,
403 2331 442 2394 et
466 2317 574 2394 landa
592 2318 767 2394 adversus
791 2343 853 2394 me
877 2323 999 2396 omnin
1018 2337 1127 2421 atque
1152 2321 1271 2398 inlan-

177 2448 487 2522 decantantes.»
516 2445 757 2544 Hieronymus
794 2469 880 2522 vero
912 2447 1082 2526 similiter
1112 2473 1272 2548 conque·

179 2574 274 2650 ritnr
301 2587 427 2650 contra
459 2597 499 2650 se
538 2575 573 2648 in
606 2573 735 2671 vulgus
776 2573 968 2653 maledieta
998 2590 1036 2654 et
1064 2576 1203 2654 Romae
1233 2589 1272 2656 et

179 2702 216 2778 in
246 2704 352 2780 ltalia
383 2717 422 2780 et
449 2727 514 2802 per
542 2701 745 2778 Dalmatiae
775 2701 916 2780 imulas
947 2727 1013 2803 per
1046 2703 1271 2782 Ruffinianos

179 2831 394 2908 tabellarios
429 2830 673 2906 disseminari.

286 2957 420 3034 Verum
441 2972 483 3035 ut
500 2958 746 3055 dignoscatur,
773 2981 845 3056 qun
866 2983 978 3060 nsque
1003 2958 1165 3058 partiarii
1186 2983 1270 3060 per·

177 3085 357 3173 venerint,
389 3099 535 3184 praesto
564 3099 649 3162 sunt
681 3109 773 3184 qnae
792 3111 824 3162 s.
852 3086 988 3164 Ductor
1020 3088 1194 3166 adversus
1214 3091 1269 3168 al·

178 3227 300 3288 terum
326 3214 414 3290 dicit
440 3214 475 3288 in
491 3213 601 3291 Libro
626 3215 692 3291 ΙΙΙ.
718 3210 817 3290 n.2:
839 3239 857 3289 u
880 3213 1028 3298 Testem
1058 3216 1185 3293 invoco
1208 3217 1271 3294 Je-

177 3363 261 3416 sum
288 3343 531 3419 conscientiae
556 3364 673 3430 meae,
697 3343 759 3443 qui
787 3354 826 3419 et
848 3343 916 3418 has
943 3343 1087 3422 litteras
1105 3360 1144 3422 et
1168 3361 1269 3454 tuam

177 3468 369 3567 epistolam
396 3469 623 3562 judicaturus
656 3482 736 3556 est,
768 3491 828 3544 me
865 3469 912 3546 ad
948 3474 1270 3550 commonitionem

178 3619 211 3672 s.
240 3619 356 3696 papae
381 3596 582 3674 chromatii
610 3596 770 3674 voluisse
803 3598 971 3686 reticere,
1005 3612 1043 3675 et
1072 3600 1181 3676 finem
1215 3600 1271 3678 la·

178 3747 261 3800 cere
291 3725 534 3816 simultatum,
562 3737 601 3804 et
633 3725 778 3801 vincere
813 3725 849 3800 iu
886 3724 982 3801 bono
1015 3728 1167 3804 melum.
1197 3728 1269 3806 Sed

178 3853 263 3951 qnia
303 3854 452 3930 minaris
496 3854 709 3942 interitum,
747 3852 815 3928 nisi
845 3866 1017 3942 tacuero,
1051 3858 1269 3957 respondere

179 3981 390 4080 compellor,
419 4006 465 4058 ne
496 3983 621 4060 videar
648 3981 800 4058 tacendo
829 3983 965 4059 crimen
985 4007 1182 4084 agnoscere
1189 4009 1203 4075 3
1230 4000 1269 4066 st

178 4109 368 4188 lenitatem
399 4129 521 4194 meam
552 4111 670 4190 malae
706 4110 949 4194 conscientiae
979 4115 1123 4216 signum
1150 4115 1269 4194 inter·

178 4241 348 4336 proteris.
372 4265 391 4315 r
