3042 4940
1138 351 1179 420 et

493 456 631 526 carue
654 458 739 526 vm.
787 429 792 436 ’

74 659 211 742 Seperim
225 659 403 726 dissuescat
416 663 563 744 repedita
583 662 620 727 io
633 661 732 729 trium
746 659 966 744 capitulorum
980 677 1076 724 roceo
1096 677 1177 724 com·

101 762 270 842 probantur
284 785 304 827 o
320 786 346 828 s.
372 762 524 846 Gregorio
542 764 677 846 Magno,
690 786 706 827 e
719 764 810 845 enjus
831 761 970 844 epistolis
991 781 1056 826 noo
1075 762 1178 826 solam

101 866 256 946 praelucet
283 866 387 932 aoims’
405 868 460 934 sui
486 869 682 932 moderamen
702 869 853 932 adversos
884 883 993 928 eornm
1018 863 1177 946 capitolo·

105 985 172 1028 rom
181 977 349 1048 patronos,
368 979 523 1050 qoootom
537 969 640 1052 ipsios
660 971 736 1053 fides
756 978 785 1032 et
799 967 978 1032 constoms'o
991 967 1026 1030 in
1046 969 1178 1047 firmam·

104 1065 149 1130 dis
167 1086 187 1128 o
207 1063 331 1148 Squodo
357 1067 390 1134 V.
412 1071 553 1149 statutis,
578 1073 707 1136 occluso
728 1071 906 1156 quaestione
926 1066 1129 1150 origeniana,
1150 1077 1177 1135 et

101 1167 364 1234 schismaticorum
377 1171 547 1254 patefactis
560 1172 748 1256 ignorantia
767 1170 1008 1237 stillationem
1026 1187 1178 1253 saponem·

102 1271 148 1334 dis
166 1281 305 1336 osterum
326 1271 466 1355 seriptis.

72 1515 118 1640 Si
136 1575 329 1659 quandoque
350 1577 382 1640 in
405 1583 531 1642 vetusta
553 1585 657 1640 aetate
679 1577 856 1640 calumnias
878 1575 1087 1642 Pontificum
1109 1576 1176 1641 uo-

69 1696 171 1742 manus
193 1697 305 1760 passus
324 1680 365 1742 sil
386 1679 428 1742 ob
450 1679 667 1760 perduellium
684 1680 922 1742 baereticorum
946 1679 1111 1761 perfidiam
1134 1679 1174 1742 ad

71 1779 135 1842 odel
155 1779 242 1844 Petri
265 1782 520 1846 labeleclandam
537 1782 856 1848 indefectibilitateme
873 1790 905 1845 et
925 1783 950 1846 si
968 1790 1056 1845 taulo
1077 1781 1174 1845 animi

68 1883 174 1946 ardore
195 1883 330 1946 illorum
361 1891 497 1948 conclus
519 1885 778 1965 perseverarint;
815 1884 878 1948 boe
896 1901 972 1947 sane
1007 1883 1123 1948 accidit
1144 1883 1176 1946 in

69 1979 156 2046 trium
178 1983 406 2064 capitulorum
424 2003 533 2049 eausa.
556 1983 706 2061 Quorum
721 1985 905 2048 defensores
925 1993 996 2063 post
1010 1983 1176 2066 Synodum

69 2085 201 2164 quintam
225 2094 260 2148 et
282 2084 388 2168 vigilii
410 2086 517 2168 Papae
539 2085 771 2164 Constitulum,
794 2086 967 2150 audentius
984 2085 1087 2168 (qnod
1109 2086 1182 2167 qui-

69 2184 132 2247 dem
147 2187 177 2248 in
190 2185 374 2251 Occidentis
390 2190 573 2268 regionibus
595 2207 634 2253 eo
650 2208 753 2270 nsque
773 2188 876 2252 simile
890 2189 1078 2268 exemplum
1099 2205 1177 2250 non·

69 2286 136 2349 dum
158 2290 324 2368 proditam
346 2291 438 2368 erat)
471 2292 501 2353 in
524 2289 702 2355 Ecclesiam
725 2289 902 2354 Romanam
935 2291 1174 2370 irrumpentes,

67 2385 124 2450 buc
144 2389 222 2453 illac
243 2390 396 2454 scandala
417 2395 615 2466 excitarunt,
636 2411 671 2455 se
692 2391 882 2466 catholicos,
905 2388 1074 2455 Pontifices
1097 2407 1177 2454 vero

69 2484 221 2554 Romanos
254 2499 398 2570 qualuor
418 2490 622 2577 synodorum
646 2492 718 2556 fidei
744 2493 1021 2572 praevaricatores
1052 2508 1175 2554 unucu-

67 2599 177 2669 pautcs.
206 2592 281 2658 lam
304 2596 343 2658 ad
366 2612 485 2658 aunum
505 2590 575 2661 590.
599 2596 788 2676 pertigimus
801 2616 813 2673 3
838 2583 870 2658 et
897 2595 1176 2659 schismaticorum

66 2690 162 2756 adbuc
182 2693 286 2756 ardor
308 2693 524 2758 invalescebat
544 2693 699 2766 adversas
721 2691 874 2774 Vigilium
896 2694 1031 2775 ejusque
1051 2713 1178 2758 sucees-

66 2807 157 2868 rores,
179 2793 223 2858 ita
249 2799 285 2857 ut
299 2812 324 2857 o.
342 2792 520 2874 Gregorius
541 2794 579 2856 ad
605 2793 689 2856 Petri
711 2791 823 2857 Sadem
846 2806 977 2858 erectus
999 2795 1177 2873 plurimum

14 2928 18 2939 ·
67 2891 239 2958 elaborarit
259 2895 297 2958 ad
320 2895 510 2977 hujusmodi
531 2895 681 2959 scandale
704 2897 869 2960 demedio
892 2895 1044 2959 tollenda.

142 2993 287 3078 Ideoque
307 2999 436 3079 saepius
457 3015 515 3080 por
535 3015 610 3062 suas
632 2998 795 3078 epistolas,
820 2998 872 3060 vel
892 3016 934 3064 ex
957 2997 1101 3078 professo
1124 2998 1177 3063 rel

68 3093 163 3160 obiter
183 3099 262 3162 buic
283 3096 449 3164 Ecclesiae
471 3098 598 3162 vulneri
620 3101 810 3179 praesertim
832 3097 979 3163 in‘lstria
1002 3115 1177 3163 occurren·

66 3201 122 3257 tem
140 3197 291 3276 vidimus,
306 3197 344 3260 ad
359 3197 455 3279 cnjus
470 3197 627 3262 medelam
644 3215 816 3279 procerum
832 3217 963 3278 quoque
977 3198 1175 3262 secularium

65 3312 136 3362 usus
155 3307 203 3364 est
224 3307 393 3381 potestate.
415 3297 458 3363 Et
479 3300 523 3364 lta
545 3299 830 3380 praedecessorum
850 3317 987 3363 suorum
1009 3299 1173 3380 exemplo,

65 3391 173 3481 synodi
195 3398 237 3465 V.
259 3410 330 3465 actu
352 3401 577 3477 confirmarit,
600 3401 884 3476 anathematizans,
907 3418 991 3480 quaa
1012 3401 1079 3480 ipse
1100 3419 1176 3464 aua·

66 3499 336 3580 mensuraverat,
351 3505 500 3568 adsertor
520 3507 676 3581 omnium,
694 3521 779 3584 quae
792 3503 852 3566 snb
870 3501 986 3583 vigilio
1002 3502 1084 3566 lactu
1100 3509 1176 3568 sunl

65 3609 94 3664 et
111 3604 239 3684 qnando
257 3612 328 3668 erat
344 3603 482 3671 Praetor
496 3603 659 3682 Urbanos,
676 3625 782 3686 eoque
799 3606 898 3685 magis
913 3606 943 3667 iu
960 3603 1046 3669 Petri
1062 3603 1177 3671 Galba·

67 3701 118 3766 dra
132 3706 284 3770 assidens.
302 3706 349 3772 lte
365 3725 453 3784 sane,
468 3716 627 3788 perpetuo
650 3708 747 3772 trium
768 3705 993 3786 Capitulorum
1010 3723 1176 3787 expugna·

68 3811 124 3882 lor,
146 3808 263 3871 nullibi
285 3809 445 3873 librorum
469 3828 605 3874 suorum
621 3828 658 3874 ea
681 3810 792 3888 tangit,
815 3826 900 3887 quoe
919 3824 1104 3887 supremam
1123 3805 1175 3871 Vi·

68 3907 127 3985 gilii
150 3909 257 3990 Papae
278 3910 462 3991 dignitatem
485 3914 516 3976 in
546 3913 606 3976 bac
627 3913 815 3992 quaestione
846 3911 1094 3988 imminuerent;
1117 3927 1175 3974 nec

65 4010 160 4073 multo
183 4015 287 4076 miuus
310 4013 406 4094 bajus
428 4012 563 4078 Consilii
584 4022 671 4094 gesla
694 4030 874 4089 recensens,
896 4011 1043 4091 Origenis
1066 4011 1175 4074 memi-

65 4110 117 4186 nit,
138 4130 198 4176 nec
219 4114 309 4178 istius
330 4130 504 4178 errorum:
534 4133 637 4196 neque
660 4115 765 4198 ipsum
787 4132 845 4178 nec
866 4112 1054 4192 origenistas
1076 4112 1122 4175 uit
1143 4113 1174 4175 io

63 4211 123 4293 ipsa
145 4215 275 4298 Synodo
298 4216 396 4280 luisse
418 4216 593 4281 damnatos.
